3092 5059
982 249 1145 315 LIB.
1189 250 1304 317 III.
1351 248 1602 315 OARM.
1646 246 1891 314 XXIV.

540 432 748 525 Quid
799 435 1053 511 tristes
1109 436 1653 536 querimoniae,

738 556 822 634 Si
877 586 1035 635 non
1081 558 1465 660 supplicio
1515 557 1745 658 culpa
1794 557 2198 653 reciditur3

442 716 498 757 aa
538 681 748 774 Quid
799 683 1013 783 leges
1061 686 1226 761 sine
1275 686 1624 761 moribus

745 808 1017 886 Vanae
1065 809 1500 907 proficiunt,
1556 810 1619 884 si
1662 834 1915 909 neque
1963 808 2281 886 fervidis

535 932 724 1010 Pars
777 935 1070 1012 inclusa
1124 934 1506 1011 caloribus

739 1060 1018 1137 Mundi
1067 1087 1212 1137 nec
1261 1061 1557 1137 Boreae
1606 1060 2019 1137 finitimum
2066 1059 2261 1137 latus

541 1186 1030 1285 Durataeque
1075 1184 1240 1262 solo
1292 1186 1508 1262 nives

449 1341 506 1383 ιο
745 1310 1252 1387 Mercatorem
1309 1310 1653 1409 abigunt,
1706 1310 2027 1386 horrida
2074 1311 2337 1389 callidi

529 1436 872 1513 Vincunt
919 1460 1264 1535 aequora
1313 1435 1639 1533 navitae,

736 1562 1111 1660 Magnum
1157 1562 1571 1665 pauperies
1619 1564 2126 1661 opprobrium
2168 1565 2385 1641 iubet

539 1687 864 1780 Quidvis
910 1700 985 1763 et
1032 1688 1292 1763 facere
1342 1699 1420 1766 et
1462 1689 1628 1786 pati

739 1813 1057 1889 Virtutis
1065 1839 1214 1913 que
1266 1813 1469 1889 viam
1518 1812 1803 1889 deserit
1852 1814 2189 1891 arduae?

446 1973 502 2015 ω
537 1937 688 2014 Vel
737 1965 878 2014 nos
929 1940 1013 2014 in
1074 1938 1562 2039 Capitolium,

731 2063 903 2156 Quo
954 2063 1244 2141 clamor
1295 2077 1520 2139 vocat
1571 2078 1649 2142 et
1690 2065 1919 2141 turba
1968 2064 2419 2161 faventium,

533 2186 684 2264 Vel
737 2216 876 2265 nos
927 2190 1008 2265 in
1061 2215 1272 2266 mare
1324 2189 1767 2288 proximum

737 2313 1104 2390 Gemmas
1160 2326 1234 2390 et
1281 2312 1585 2409 lapides
1635 2340 1909 2391 aurum
1954 2326 2028 2392 et
2077 2315 2369 2413 inutile,

532 2437 829 2515 Summi
879 2440 1280 2515 materiem
1331 2438 1541 2533 mali,

447 2594 500 2634 ω
735 2563 1152 2661 Mittamus,
1199 2561 1578 2639 scelerum
1632 2564 1701 2641 si
1750 2565 1948 2641 bene
2000 2565 2357 2664 paenitet.

535 2688 943 2767 Eradenda
999 2687 1374 2788 cupidinis

734 2813 967 2890 Pravi
1012 2826 1188 2888 sunt
1236 2814 1619 2892 elementa
1671 2828 1749 2890 et
1798 2828 2109 2892 tenerae
2165 2815 2392 2891 nimis

539 2940 837 3015 Montes
888 2940 1407 3040 asperioribus

724 3062 1216 3139 Formandae
1267 3063 1563 3169 studiis.

1666 3065 1925 3141 Nescit
1980 3090 2178 3165 equo
2230 3064 2443 3141 rudis

442 3218 494 3257 55
531 3186 878 3264 Haerere
930 3190 1306 3285 ingenuus
1353 3216 1552 3290 puer

737 3312 1183 3413 Venarique
1230 3315 1470 3409 timet,
1524 3313 1795 3392 ludere
1852 3316 2148 3393 doctior
2213 3356 2217 3360 ·

295 3510 366 3566 V.
427 3512 514 3567 36.
585 3510 650 3567 5⁴⁸·
705 3511 900 3583 neque]
973 3510 1382 3568 Condicionalis

225 3582 514 3639 sententia
555 3584 766 3654 triplex
815 3589 928 3653 θοις
981 3601 1156 3653 eaque
1207 3586 1382 3639 conti-

221 3654 454 3710 nuanda
489 3671 664 3723 usque
699 3655 772 3709 ad
813 3674 866 3709 v.
905 3658 992 3710 44.
1032 3655 1122 3710 Ad
1165 3660 1381 3711 senten·

219 3729 370 3781 tiam
427 3726 677 3781 conferas
723 3726 908 3781 Taciti
957 3744 1150 3782 vocem
1199 3727 1382 3782 Germ.

225 3800 328 3853 19:
375 3796 598 3867 „Bonae
621 3798 770 3869 leges
794 3799 978 3853 minus
1001 3800 1196 3853 valent
1217 3816 1385 3869 quam

229 3838 402 3925 boni„
415 3870 633 3924 mores.‘
723 3868 970 3925 Macrob.
1010 3870 1231 3925 Saturn.
1281 3871 1382 3940 111,

231 3945 317 4009 17,
340 3943 432 3995 1οε
472 3944 670 4009 „vetus
702 3941 940 3997 verbum
963 3948 1070 3997 est:
1109 3943 1257 4013 leges
1285 3944 1380 3997 bo·

225 4030 336 4068 nae
371 4029 440 4067 ex
474 4012 638 4067 malis
673 4013 922 4068 moribus
960 4014 1380 4084 procreanturf‘

225 4083 654 4241 {aeffifflmss'a
675 4084 1082 4242 Rssissoefifissff.
1109 4104 1206 4211 ³51.
1222 4103 1381 4211 Ρῧὲἶ

227 4228 334 4299 „fx
335 4244 380 4281 ει
429 4222 604 4281 ’νόσον
638 4234 835 4312 Πενία)
883 4223 1134 4281 διδάσκει
1184 4226 1236 4282 δ’
1289 4222 1379 4282 c'oe'v·

223 4300 332 4375 δρα
377 4300 440 4373 τῇ
471 4302 644 4381 χρείᾳ
683 4318 872 4354 κακον.
877 4300 910 4329 “
985 4300 1122 4355 Hor.
1161 4299 1273 4355 Sat.
1310 4300 1384 4369 11,

223 4363 278 4436 ’3,
314 4373 402 4425 91.
465 4400 531 4409 -
585 4370 812 4425 ω’νὺαίὲε
857 4370 1082 4441 arduae]
1131 4388 1200 4426 ex
1246 4372 1381 4426 ima-

227 4444 359 4514 gine
427 4441 676 4512 antiquis
743 4443 880 4497 satis
962 4442 1210 4513 vulger-13
1297 4443 1381 4497 ni-

224 4516 431 4569 mirum
487 4515 550 4567 in
603 4514 781 4569 arduo
829 4518 1022 4569 monte
1071 4532 1257 4569 arcem
1312 4531 1380 4569 ea

225 4591 420 4642 tenere
465 4584 803 4655 fingebatur.
875 4584 1050 4641 Nobis
1093 4586 1188 4639 via.
1227 4589 1378 4641 certe

1485 3512 1555 3567 ad
1590 3514 1863 3569 virtutem
1908 3514 2088 3569 ardua
2135 3518 2237 3570 est.
2414 3512 2635 3597 (lapito-

1483 3585 1638 3654 lim]
1686 3586 1749 3639 in
1784 3586 1979 3640 aedem
2019 3586 2169 3640 Iovis
2208 3584 2323 3655 Cap
2322 3585 2525 3639 itolim.
2564 3611 2659 3636 -ι

1483 3658 1689 3711 clamor
1716 3662 1769 3713 et
1805 3656 1989 3727 turba]
2027 3656 2089 3710 ἓν
2126 3656 2217 3710 διὰ
2254 3658 2424 3712 δυοῖν.
2476 3656 2633 3711 Sum·

1483 3732 1585 3797 pta
1624 3728 1763 3784 haec
1799 3746 1869 3783 ex
1902 3746 2109 3798 pompe
2139 3728 2487 3799 triumphali,
2523 3746 2633 3797 qua

1484 3800 1583 3868 qui
1608 3816 1737 3854 suas
1763 3800 2035 3855 divitias
2018 3818 2079 3854 m
2098 3816 2445 3856 communem
2470 3817 2633 3855 usum

1483 3869 1740 3926 conferre
1794 3872 1981 3941 parati
2040 3876 2189 3941 sunt,
2248 3872 2398 3926 inter
2456 3871 2633 3927 laetas

1482 3943 1727 4069 Ῑόοριιὲί1
1745 3944 2171 3998 acclamationes
2230 3944 2512 4082 ‹ligicuntpr
2572 3943 2631 3996 in

1527 4032 1623 4084 api
1652 4032 1686 4070 o
1708 4032 1842 4069 ium.
1869 4044 1932 4054 -
1994 4032 2208 4082 emmae,
2288 4014 2439 4085 piace
2480 4030 2631 4084 gem·

1480 4103 1608 4142 mae
1642 4031 1994 4157 anaglyphag
2029 4090 2087 4141 et
2124 4084 2630 4157 ectypae318pides

1481 4163 1613 4212 sunt
1650 4158 1901 4212 uniones.
1938 4156 2102 4213 Ovid.
2130 4157 2277 4213 Med.
2304 4158 2409 4212 fac.
2430 4158 2501 4209 20
2517 4173 2627 4224 sq.:

1483 4228 1889 4299 „Conspicuam
1926 4230 2164 4300 gemmis
2206 4230 2381 4283 vultis
2424 4228 2631 4283 habere

1481 4318 1729 4370 manum,
1751 4301 1994 4355 Induitis
2015 4301 2160 4356 collo
2180 4300 2394 4371 lapides
2415 4300 2631 4354 oriente

1481 4374 1765 4439 paratosst
1798 4400 1861 4411 —
1901 4388 2037 4442 equo
2072 4371 2311 4442 haerere]
2348 4388 2463 4425 non
2500 4369 2631 4440 ,·,fir

1479 4443 1652 4497 miter
1704 4444 2010 4512 insidere‘ss
2070 4444 2167 4498 sed
2221 4444 2319 4513 „in

1483 4515 1798 4583 continere,
1858 4532 1974 4569 non
2032 4513 2193 4571 deici.
2196 4515 2229 4545 “
2301 4514 2395 4570 Sic
2457 4514 2629 4569 etiam

1480 4585 1591 4640 Cic.
1636 4602 1740 4655 pro
1782 4554 1973 4641 beiot.
2016 4588 2097 4641 10.
2158 4616 2223 4627 -
2278 4602 2375 4641 seu
2413 4586 2625 4661 iubeas]

2370 4459 2513 4512 equo
2572 4460 2631 4497 se
