3092 5059
1063 239 1223 306 LIB.
1263 239 1376 308 III.
1424 241 1673 308 GARM.
1720 243 1827 312 VI.

2517 243 2637 310 185

641 411 1003 524 Romane,
1060 429 1306 505 donec
1354 431 1647 528 templa
1697 431 2061 508 refeceris

748 549 1162 653 Aedesque
1210 554 1555 630 labentes
1608 553 1931 631 deorum
1982 569 2055 632 et

845 676 1110 754 Foeda
1160 679 1382 776 nigro
1435 679 1846 755 simulacra
1894 682 2137 756 fum0.

593 861 618 903 5
652 828 785 903 Dis
829 840 904 905 te
956 831 1333 906 minorem
1384 829 1596 928 quod
1651 830 1875 928 geris,
1930 831 2301 928 imperas3

653 951 860 1029 Hinc
907 978 1134 1029 omne
1185 953 1675 1054 principium,
1726 953 1879 1029 huc
1930 954 2137 1030 refer
2182 955 2500 1030 exitum:

747 1077 847 1153 Di
895 1077 1140 1154 multa
1190 1078 1528 1176 neglecti
1578 1078 1953 1155 dederunt

843 1201 1268 1298 Hesperiae
1321 1201 1520 1280 mala
1562 1203 1972 1280 luctuosae.

649 1351 814 1429 Iam
865 1352 983 1427 bis
1035 1353 1432 1482 Monaeses
1485 1364 1561 1428 et
1613 1352 1885 1430 Pacori
1936 1379 2203 1430 manus

241 1585 501 1640 moribus
556 1585 844 1668 egregium
899 1586 1164 1642 studium.
1236 1585 1396 1655 Quod

242 1674 418 1725 quam
459 1661 678 1711 rectum
714 1656 790 1711 sit
825 1655 1092 1741 Horatius
1134 1659 1242 1712 hoc
1275 1675 1396 1714 car-

241 1728 394 1782 mine
446 1728 626 1783 docet.
717 1727 885 1782 Nam:
949 1729 1115 1798 „quia
1167 1731 1394 1799 privati,

241 1799 451 1868 inquit,
488 1799 766 1853 commodi
809 1817 966 1854 amor
1013 1801 1231 1870 priscae
1267 1802 1394 1857 deo-

239 1889 371 1925 rum
411 1871 520 1925 reli
561 1871 703 1924 ionis
741 1871 926 1926 sedem
963 1873 1278 1956 occupavit,
1314 1873 1396 1927 dii

241 1959 438 1996 omnes
463 1957 530 1996 ca
553 1943 809 1997 amitates
835 1942 895 1996 in
919 1943 1151 2012 impiam
1173 1944 1396 1998 Italiam

241 2015 548 2082 miserunt3
603 2013 950 2068 infestissimi
1003 2015 1208 2084 hostes,
1261 2015 1395 2070 Par·

241 2085 348 2152 thi,
387 2086 608 2154 saepius
631 2085 872 2140 victores
901 2086 1144 2156 impetus
1175 2092 1394 2142 nostros

237 2157 410 2211 malis
465 2156 744 2210 ominibus
793 2157 982 2212 illatos
1029 2159 1192 2228 gravi
1237 2158 1395 2213 clade

242 2229 564 2283 miecerunt
597 2233 657 2282 et
694 2227 980 2282 Romanus
1015 2230 1175 2312 civis,
1219 2232 1394 2285 Anto-

241 2302 398 2366 nius,
459 2299 827 2354 barbararum
886 2302 1140 2370 gentium
1205 2303 1394 2372 copias

243 2371 466 2436 (Dacos,
502 2371 829 2440 Aethiopes)
880 2376 946 2426 ut
982 2375 1181 2426 contra
1215 2373 1396 2456 ipsam

241 2442 492 2525 patriam
550 2442 780 2497 duceret
839 2443 910 2497 ab
967 2444 1154 2498 animo
1204 2445 1396 2513 potuit

243 2515 568 2582 impetrare.
673 2514 920 2568 Deorum
991 2515 1393 2570 immortalium

245 2586 720 2654 contemptionem
757 2590 948 2641 secuta
981 2591 1066 2642 est
1101 2587 1394 2670 turpitudo

243 2656 567 2717 domestica,
593 2674 704 2725 qua
730 2673 938 2725 omnes,
968 2659 1245 2740 imprimis
1275 2677 1396 2713 mu·

245 2729 430 2796 lieres,
465 2727 674 2798 polluti
699 2732 756 2782 et
779 2730 1032 2799 corrupti
1057 2734 1211 2798 sunt;
1245 2731 1397 2784 mala

247 2801 392 2854 enim
447 2799 662 2854 semina
713 2800 889 2854 malos
935 2801 1109 2855 edunt
1158 2801 1394 2856 fructus.

247 2871 432 2939 Quare
475 2875 608 2926 ante
651 2871 840 2926 omnia
884 2871 1166 2927 iuventuti
1200 2889 1394 2928 consu·

246 2942 472 2997 lendum
527 2947 644 2997 est·
629 2984 643 3010 ,
705 2942 1022 2998 reducenda
1075 2945 1136 2997 in
1182 2947 1396 2999 animos

247 3015 508 3069 iuvenum
554 3015 740 3085 prisca
785 3013 968 3083 pietas
1013 3015 1198 3084 prisca
1233 3015 1396 3070 disci-

249 3086 434 3154 plinae
479 3087 798 3140 severitate.
872 3086 1182 3142 Severitate
1219 3092 1278 3142 et
1311 3087 1394 3142 of-

251 3155 372 3211 ficio
405 3157 734 3213 adsuefacta
758 3156 874 3210 fuit
895 3175 962 3212 ea
986 3159 1262 3224 iuventus,
1286 3176 1398 3227 qua

253 3229 515 3297 quicquid
560 3247 630 3283 ex
672 3228 839 3282 rebus
883 3229 1149 3284 Romanis
1196 3247 1394 3300 perpe·

251 3306 346 3353 tua
379 3300 638 3370 splendet
671 3300 856 3369 gloria
886 3306 1110 3372 gestum
1147 3307 1249 3364 est,
1287 3319 1398 3370 qua

253 3370 548 3440 Hannibal,
583 3371 852 3440 Pyrrhus,
892 3373 1204 3427 Antiochus
1238 3391 1396 3442 supe-

253 3443 362 3497 rati
425 3449 573 3498 sunt.
669 3441 876 3498 Nostra
936 3449 1090 3499 aetas
1151 3445 1398 3500 deterior

255 3519 364 3582 est-3
415 3516 506 3568 avi
561 3513 744 3569 nostri
799 3516 1068 3584 perniciei
1121 3517 1398 3588 originem

253 3589 570 3656 posuerunt,
611 3589 803 3657 patres
850 3587 1198 3642 incrementa
1251 3593 1397 3642 attu-

255 3656 450 3722 lerunt,
499 3659 704 3727 quibus
749 3675 850 3711 nos
901 3677 1092 3712 rursus
1129 3659 1395 3728 improbi-

257 3732 370 3783 tate
422 3730 502 3784 ita
552 3735 921 3798 praestamus,
973 3735 1038 3784 ut
1091 3731 1200 3784 nisi
1249 3747 1398 3785 nunc

262 3797 434 3866 ipsum
489 3802 828 3885 corrigimur
883 3820 916 3856 a
975 3802 1230 3872 malaque
1287 3819 1398 3872 qua

263 3869 556 3926 incedimus
613 3875 708 3926 via
756 3872 1100 3927 deflectimus
1150 3875 1398 3943 peiorem

265 3943 424 3996 etiam
477 3944 650 3997 simus
707 3944 959 3998 relicturi
1015 3945 1392 4028 progeniemf‘

263 4011 418 4067 Vides
460 4015 656 4086 igitur,
719 4015 828 4068 hoc
875 4032 1094 4098 quoque
1149 4017 1396 4070 carmine

267 4083 562 4170 efflagitare
584 4090 830 4156 poetam,
855 4091 920 4140 ut
943 4087 1202 4142 iuventus
1226 4087 1394 4142 rectis

264 4157 316 4207 et
347 4159 545 4212 severis
582 4158 856 4212 doctrinis
880 4158 1192 4227 imbuatur;
1229 4159 1396 4214 aliam

263 4226 446 4282 salutis
479 4230 632 4284 viam
669 4245 788 4284 esse
824 4230 1052 4283 nullam.
1075 4259 1144 4270 -·
1186 4230 1395 4296 Restat,

267 4303 326 4351 ut
345 4297 412 4353 de
443 4305 693 4369 tempore
719 4301 920 4355 horum
953 4319 1048 4356 sex
1085 4303 1394 4356 carminum

265 4384 430 4435 pauca
461 4372 661 4426 dicam.
711 4371 864 4454 Quae
901 4389 1028 4426 cum
1065 4375 1397 4456 cognatione

267 4441 469 4496 consilii
513 4448 570 4498 et
610 4444 720 4497 loci
757 4444 907 4498 inter
953 4461 1012 4498 se
1057 4445 1394 4514 coniungan-

267 4514 370 4578 tur,
410 4531 518 4568 non
563 4519 800 4585 possunt
843 4531 958 4570 esse
1003 4515 1212 4571 diversi
1256 4522 1396 4571 tem-

271 4584 426 4650 poris.
495 4585 615 4642 Iam
653 4603 782 4641 cum
824 4591 1086 4656 quartum
1134 4592 1192 4642 et
1236 4589 1396 4657 quin-

1488 1590 1615 1640 ιιιιιι
1662 1590 1791 1641 ante
1837 1602 1891 1641 a.
1938 1587 2043 1640 ⁷29
2091 1585 2303 1656 scripta
2356 1603 2475 1642 esse
2526 1603 2641 1642 non

1489 1659 1721 1728 possint,
1746 1658 1933 1713 omnia
1957 1657 2065 1712 hoc
2087 1675 2233 1713 anno
2257 1658 2479 1713 iuniora
2503 1675 2637 1728 esse,

1489 1746 1650 1814 nego.
1746 1729 1887 1785 Nam
1940 1746 2013 1784 ne
2073 1729 2135 1783 in
2192 1733 2350 1783 sexto
2410 1729 2639 1798 quidem

1492 1803 1793 1870 quicquam
1828 1801 2053 1872 legitur,
2089 1799 2239 1869 quod
2276 1818 2484 1855 annum
2512 1802 2637 1866 726,

1491 1890 1603 1941 quo
1641 1890 1787 1927 anno
1830 1874 2119 1955 Augustus
2164 1873 2376 1954 templa
2410 1871 2639 1928 reficere

1491 1949 1549 1999 et
1595 1961 1777 1998 mores
1832 1943 2113 2013 corrigere
2167 1943 2393 2013 incepit,
2446 1949 2639 2014 aperte

1489 2014 1696 2086 prodat
1740 2019 1839 2069 aut
1882 2014 2065 2069 tribus
2113 2015 2274 2069 annis
2326 2019 2455 2084 post
2505 2015 2637 2070 scri-

1489 2092 1655 2157 ptum
1690 2103 1807 2141 esse
1844 2091 2099 2156 nequeat.

1562 2159 1628 2212 V.
1671 2161 1717 2210 1.
1772 2163 1825 2212 te
1915 2159 1971 2212 la
2011 2156 2277 2228 refeceris]
2332 2155 2405 2211 cf.
2456 2157 2637 2212 Garm.

1489 2231 1562 2298 H,
1603 2230 1688 2297 15,
1724 2230 1812 2283 20.
1890 2233 1965 2284 at.
1992 2229 2063 2297 11,
2086 2230 2137 2295 2,
2170 2231 2285 2282 104.
2321 2229 2638 2284 Peerlkam-

1489 2303 1616 2370 pins
1634 2301 1989 2356 scribendum
2009 2300 2233 2370 putavit
2249 2301 2499 2368 merita-³3
2524 2317 2639 2354 non

1489 2373 1645 2428 bene.
1684 2373 1887 2427 Omnia
1916 2371 2135 2442 flagitia
2160 2376 2218 2426 et
2247 2372 2457 2426 scelera
2479 2389 2639 2441 supe-

1489 2446 1704 2499 riorum
1750 2449 2082 2513 temporum,
2124 2444 2325 2512 quibus
2370 2443 2519 2497 bella
2562 2443 2637 2497 ci-

1488 2516 1627 2570 vilia
1662 2521 1821 2586 gesta
1858 2521 1915 2570 et
1958 2515 2186 2598 templa·
2209 2515 2457 2584 collapsa
2488 2519 2637 2578 sunt,

1489 2589 1611 2642 luet
1647 2587 1785 2643 haec
1820 2593 1990 2654 aetas,
2010 2586 2133 2646 etsi
2170 2587 2293 2656 ipsa
2320 2587 2463 2640 nihil
2491 2601 2638 2640 com-

1489 2659 1660 2713 misit.
1707 2627 2037 2726 Antithesis,
2076 2675 2217 2727 quae
2253 2661 2335 2712 est
2371 2658 2521 2712 inter
2553 2655 2640 2712 de-

1489 2731 1623 2786 licta
1660 2734 1718 2785 et
1750 2730 2069 2796 immeritus,
2118 2729 2346 2800 egregia
2388 2733 2474 2783 est
2512 2732 2569 2782 et
2605 2747 2640 2783 a

1487 2806 1659 2871 poeta
1707 2802 1973 2871 quaesita.
2046 2799 2263 2856 Deinde
2319 2801 2641 2855 coniectura

1487 2875 1717 2929 mmtus
1754 2873 1921 2928 solita
1957 2887 2216 2927 caesurae
2261 2871 2417 2926 sedes
2459 2875 2639 2927 muta-

1489 2950 1600 3000 tur.
1675 2944 1935 3000 Ceterum
1980 2943 2051 2998 cf.
2092 2942 2315 2998 Sueten.
2354 2945 2446 2998 Au

1493 3016 1707 3086 „Aedes
1768 3033 1953 3070 sacras
2012 3019 2293 3070 vetustate
2364 2944 2638 3124 coffapsas

1493 3093 1591 3143 aut
1625 3089 1881 3142 incendio
1921 3086 2239 3156 absumptas
2278 3085 2494 3141 refecit,

1492 3159 1760 3228 Romane]
1800 3159 1871 3212 cf.
1899 3157 2016 3212 Sat.
2040 3159 2083 3218 Ι,
2112 3161 2163 3224 4,
2189 3161 2276 3211 85.
2312 3156 2483 3227 Verg.
2498 3159 2639 3211 Aen.

1490 3229 1587 3299 VI,
1622 3231 1745 3284 852.
1803 3229 2033 3298 Quintil.
2070 3199 2221 3296 VIII,
2258 3229 2310 3297 6,
2351 3231 2447 3282 2οι
2488 3229 2640 3297 „Ma-

1489 3303 1643 3358 xime
1686 3305 1877 3356 autem
1922 3302 1981 3354 in
2020 3301 2233 3355 orando
2275 3300 2489 3355 valebit
2537 3317 2637 3354 nu-

1490 3391 1773 3428 merorum
1808 3373 1912 3426 illa
1950 3371 2201 3426 libertas.
2273 3371 2417 3426 Nam
2454 3374 2511 3426 et
2545 3370 2642 3424 Li·

1489 3446 1615 3498 vius
1648 3461 1813 3513 saepe
1850 3445 1931 3498 sic
1964 3443 2105 3498 dicit
2122 3443 2405 3498 Romanus
2435 3442 2643 3512 proelio

1488 3517 1675 3582 victor,
1725 3531 1853 3570 cum
1900 3515 2182 3570 Romanos
2230 3515 2427 3570 vicisse
2471 3513 2641 3598 signi-

1489 3586 1639 3642 ficat.
1642 3587 1675 3616 “
1716 3617 1783 3627 -—
1826 3585 2000 3656 fimo]
2048 3591 2107 3641 et
2155 3586 2425 3640 incendiis
2466 3590 2525 3640 et
2558 3587 2642 3639 in-

1492 3659 1664 3713 curia.
1740 3659 1883 3713 Nam
1922 3675 2051 3712 cum
2098 3659 2330 3726 antiqua
2392 3656 2645 3713 aedificia

1489 3748 1603 3785 non
1642 3730 1913 3786 haberent
1948 3747 2015 3784 ea
2051 3735 2330 3784 tectorum
2366 3729 2645 3784 foramina

1491 3803 1693 3871 quibus
1730 3803 1916 3856 fumus
1944 3801 2093 3886 apud
2129 3818 2229 3856 nos
2264 3801 2553 3885 colligitur
2588 3803 2645 3855 et

1491 3873 1763 3942 educitur,
1788 3875 2157 3928 necessarium
2182 3877 2303 3928 erat
2326 3878 2393 3927 ιιι
2415 3873 2477 3926 ιιι
2502 3877 2639 3928 tem-

1490 3945 1599 4016 plis
1646 3947 1819 4000 etiam
1864 3946 2163 4000 simulacra
2208 3945 2439 3999 deorum
2487 3945 2637 3998 lava-

1497 4021 1710 4071 rentur.
1753 4047 1811 4056 --
1856 4022 1907 4071 ts
1940 4017 2103 4086 ycris]
2141 4015 2255 4070 Sat.
2285 4017 2436 4076 11,5,
2466 4017 2641 4069 19.—

1488 4088 1849 4158 prmcipimn,
1888 4087 2011 4158 huc]
2048 4088 2178 4143 vide
2216 4088 2287 4142 ad
2325 4088 2507 4143 Carm.
2545 4087 2644 4156 111,

1489 4162 1542 4228 4,
1568 4160 1659 4213 41.
1697 4159 1943 4244 Zeugma
1980 4161 2039 4213 ιιι
2074 4160 2181 4214 1ιοο
2215 4161 2338 4214 loco
2374 4175 2487 4212 non
2524 4163 2637 4223 est3

1489 4249 1621 4284 nam
1652 4231 1892 4300 princip.
1922 4232 2301 4286 nominativus
2339 4235 2439 4283 est.
2479 4228 2639 4296 Quod

1491 4307 1558 4355 ιιι
1592 4301 1885 4372 intellegas
1918 4302 2171 4356 conferas
2194 4302 2303 4356 Cic.
2324 4300 2394 4355 de
2418 4299 2637 4369 off.111,

1494 4374 1547 4436 8,
1574 4373 1661 4438 36,
1698 4371 1767 4427 de
1801 4378 2003 4428 senect
2042 4375 2124 4442 12,
2148 4374 2234 4426 39.
2274 4371 2496 4426 Terent.
2525 4375 2639 4426 An-

1495 4443 1579 4498 dr.
1616 4442 1661 4510 Ῑ,
1705 4445 1751 4508 1,
1788 4445 1881 4499 99.
1929 4443 2112 4512 ,,Ηιιιο
2161 4443 2294 4497 illae
2330 4443 2607 4499 lacrimae
2610 4445 2643 4474 “

1495 4543 1563 4555 —
1582 4512 1695 4569 iam
1729 4514 1832 4586 bis]
1872 4485 2007 4570 Ngn
2031 4515 2119 4569 bis
2138 4513 2423 4569 Monaeses
2459 4521 2517 4570 et
2548 4516 2637 4570 bis

1502 4586 1762 4656 Pacorus,
1804 4586 1903 4641 sed
1936 4587 2107 4641 semel
2140 4585 2426 4641 Monaeses
2461 4605 2510 4640 a.
2537 4589 2640 4642 ⁷01
