3092 5059
1072 216 1236 286 LIB.
1281 219 1330 285 Ῑ.
1378 216 1630 286 ΟΑΒΜ.
1672 218 1781 285 IV.
2552 218 2633 283 47

265 442 292 483 ε
325 408 496 485 Iam
549 406 933 508 Cytherea
984 408 1258 483 choros
1311 408 1524 483 ducit
1573 406 1838 483 Venus
1892 406 2339 481 imminente
2390 402 2635 501 Luna,

528 534 1002 631 Iunctaeque
1054 532 1434 633 Nymphis
1487 531 1807 609 Gratiae
1862 531 2215 608 decentes

327 658 658 735 Alterno
695 670 984 734 terram
1021 658 1374 757 quatiunt
1411 656 1637 756 pede,
1672 654 1853 730 dum
1898 680 2173 753 graves
2206 656 2631 757 Cyclopum

532 782 926 859 Volcanus
981 782 1258 858 ardens
1306 783 1464 857 urit
1518 780 1887 857 officinas,

325 909 550 985 Nunc
603 910 828 986 decet
879 921 1009 985 aut
1045 906 1284 983 viridi
1313 906 1647 982 nitidum
1688 918 1917 1008 caput
1950 907 2329 1003 impedire
2378 921 2633 1006 myrto

233 1070 280 1109 ιο
535 1033 698 1110 Aut
744 1034 960 1130 flore,
1014 1047 1266 1109 terrae
1320 1058 1550 1131 quem
1603 1032 1865 1109 ferunt
1916 1032 2247 1128 soluta03

327 1160 558 1236 Nunc
610 1174 686 1235 et
734 1160 813 1235 in
865 1158 1252 1234 umbrosis
1301 1157 1571 1233 Fauno
1629 1157 1850 1233 decet
1898 1158 2305 1234 immolare
2354 1159 2571 1256 lucie,

535 1284 684 1362 Seu
730 1297 1000 1383 poscat
1041 1310 1244 1383 agna
1296 1283 1459 1359 sive
1505 1282 1723 1358 malit
1770 1281 2044 1359 haedo.

327 1412 636 1487 Pallida
687 1412 902 1487 Mors
953 1436 1200 1510 aequo
1255 1410 1510 1509 pulsat
1557 1408 1756 1507 pede
1807 1436 2235 1509 pauperum
2280 1412 2638 1488 tabernas

533 1539 826 1636 Regum
838 1562 990 1637 que
1038 1550 1313 1611 turres.

222 1778 392 1832 habet
426 1781 710 1832 naturam.
751 1806 816 1817 -—
865 1775 1130 1847 cytherea
1178 1774 1382 1845 Venus]

226 1850 294 1903 ab
330 1848 520 1903 insula
560 1848 802 1917 Cythera
836 1848 1008 1915 dicte,
1057 1865 1169 1917 quo
1207 1847 1381 1901 Vene—

223 1922 299 1975 ris
338 1920 528 1975 cultus
559 1920 821 1989 pervenit
857 1920 930 1974 ab
965 1920 1150 1974 insula
1183 1918 1384 1988 Cypro.

226 1992 532 2047 coniunxit
567 1996 756 2045 autem
781 1990 921 2046 haec
956 1991 1184 2046 nomine
1213 1993 1382 2052 etiam

224 2063 480 2117 Musaeus
539 2062 610 2117 H.
668 2068 726 2117 et
779 2062 847 2115 L.
903 2064 997 2117 38:
1073 2058 1222 2132 ,ἀλλ’
1277 2067 1387 2115 αἰεὶ

225 2140 534 2202 Κυθέρειαν
603 2136 944 2205 ἱλασκομένη
1003 2130 1382 2205 Ἀφροδίτην.“

224 2204 408 2261 Venus
447 2210 642 2261 autem
664 2224 797 2261 vere
819 2206 1126 2275 incipiente
1163 2206 1235 2261 ad
1271 2214 1384 2261 ter-

223 2296 340 2333 ram
376 2278 672 2333 descendit
696 2295 929 2345 eamque
967 2278 1026 2331 vi
1062 2296 1164 2331 sua
1197 2278 1386 2333 fecun-

223 2349 348 2404 dam
409 2346 632 2416 reddit3
693 2348 774 2403 sic
827 2348 980 2419 apud
1034 2348 1260 2403 Lucret.
1317 2350 1382 2407 V.

224 2421 326 2475 735
351 2438 460 2490 sq.:
507 2420 596 2487 „It
631 2436 732 2475 ver
769 2424 827 2475 et
845 2418 1034 2475 Venus
1072 2425 1129 2475 et
1152 2420 1384 2475 Veneris

223 2492 596 2561 praenuntius
635 2496 764 2547 ante
801 2490 1085 2547 Pennatus
1124 2493 1386 2563 graditur

223 2563 564 2634 Zephyrne.“
603 2594 676 2603 —
729 2562 960 2619 Gratiae
994 2563 1252 2632 decentes]
1295 2581 1382 2617 co-

225 2638 384 2691 mites
439 2634 696 2705 Veneris,
749 2640 816 2689 ut
873 2635 1054 2689 Carm.
1111 2634 1166 2704 1,
1207 2637 1294 2695 30,
1331 2637 1382 2689 6.

225 2706 320 2776 IV,
343 2710 396 2775 7,
425 2710 476 2762 5.
516 2706 742 2762 Ηθείοᾶ.
781 2706 989 2777 Theog.
1015 2707 1148 2761 9072
1191 2712 1386 2775 „Teste

226 2778 293 2833 δέ
323 2780 378 2831 οἱ
413 2778 583 2847 (Iovi)
625 2773 926 2849 Εὐρυνόμη
969 2772 1212 2845 Χάριτας
1261 2782 1385 2833 τέκε

223 2844 640 2923 καλλιπαρῄους,
673 2846 931 2905 ’.Ωκεανοῦ
969 2844 1150 2919 κούρη,
1189 2844 1384 2917 πολυή-

225 2939 386 2989 ρατον
431 2921 584 2981 §Moe
627 2921 850 2991 ἔχουσα,
889 2918 1142 2989 Ἀγλαΐην
1191 2938 1248 2975 τε
1293 2926 1386 2975 καὶ

225 2988 599 3064 Εὐφροσύνην
624 2995 830 3058 Θαλίην
863 2992 910 3045 τ’
947 2987 1276 3061 ἔρατεινήν.“
1316 3022 1386 3033 --

226 3064 430 3121 altem>
467 3064 628 3134 pede]
661 3064 734 3118 ad
769 3063 1096 3133 rhythmum
1127 3065 1270 3136 pede
1306 3065 1384 3119 fe·-

225 3136 420 3191 riente.
501 3134 584 3190 cf.
635 3136 848 3189 Gallim.
909 3135 1096 3203 hymn.
1153 3138 1212 3191 in
1261 3137 1386 3192 Del.

225 3208 352 3262 306:
407 3209 525 3277 „At
561 3208 626 3260 δὲ
663 3207 802 3260 ποδὶ
836 3202 1144 3273 πλήσσουσι
1183 3214 1386 3280 χαρίη-

225 3278 314 3337 δες
331 3275 608 3351 ,ἀσφαλὲς
643 3270 858 3338 οὖδας.“
903 3309 966 3319 -
1000 3279 1272 3335 Volcanus
1299 3298 1388 3337 ar-

226 3348 376 3421 dena]
415 3351 540 3405 Iam
577 3368 750 3405 verno
786 3356 1042 3421 tempore
1079 3369 1113 3406 a
1137 3352 1386 3407 Volcano

225 3427 505 3490 parantur
522 3420 780 3491 fulmina,
804 3440 946 3492 quae
968 3440 1003 3476 a
1019 3422 1152 3478 Iove
1173 3429 1388 3479 aestate

226 3494 546 3549 mittantur.
599 3492 712 3548 Ver
749 3494 898 3549 enim
935 3494 1108 3549 breve
1147 3501 1234 3551 eet
1269 3497 1386 3566 pel·

227 3564 474 3635 litui-que
518 3566 770 3620 instante
819 3566 1038 3621 ardore.
1109 3566 1387 3623 Volcanus

228 3636 358 3691 dum
394 3636 641 3692 candens
675 3636 894 3690 ferrum
943 3640 1223 3708 procudit,
1269 3641 1388 3710 ipse

226 3706 355 3778 igne
391 3708 770 3764 circumfusus
795 3709 994 3763 ardere
1017 3710 1259 3765 videtur.
1297 3710 1390 3766 Sic

230 3796 394 3849 supra
429 3780 476 3846 Ι,
511 3780 566 3847 2,
601 3782 636 3832 2
681 3779 886 3835 rubens
939 3782 1172 3837 dextera
1221 3782 1387 3837 Iovis.

232 3880 294 3890 -
327 3852 469 3921 mit]
508 3857 576 3905 ut
605 3869 868 3922 graecum
900 3856 1113 3923 φλέγει,
1154 3856 1386 3925 ἐπιφλέ-

230 3938 338 3991 γει,
376 3928 464 3978 eet
489 3924 696 3993 igitur:
739 3924 914 3977 tantis
941 3923 1179 3980 flammis
1203 3927 1388 3981 ineen-

231 3992 330 4058 dit,
370 4000 437 4051 ut
471 4012 566 4049 eae
609 3995 937 4049 comburere
973 3997 1250 4052 videatur.
1306 3998 1389 4053 Si-

232 4066 378 4121 milis
437 4066 592 4121 locus
653 4072 739 4121 est
795 4066 908 4121 Set.
955 4067 1002 4135 Ι,
1039 4070 1093 4138 2,
1129 4072 1262 4139 114;
1316 4070 1385 4125 cf.

234 4134 392 4193 Ovid.
424 4139 556 4193 Am.
583 4138 628 4206 Ι,
667 4140 720 4205 2,
757 4140 854 4191 43:
897 4157 1044 4207 „non
1079 4159 1304 4211 paucos,
1339 4143 1385 4195 si

232 4212 288 4263 te
339 4210 484 4263 bene
535 4209 816 4278 novimus,
877 4212 1056 4265 ures.“
1130 4212 1388 4267 Kellerus

234 4296 356 4335 cum
411 4280 667 4336 Bentleio
723 4298 794 4337 ex
851 4282 1012 4336 codd.
1066 4284 1218 4349 visit,
1278 4301 1388 4353 quo

233 4351 328 4405 vix
388 4352 518 4421 quie
557 4370 686 4407 uam
757 4354 1074 4421 perversius
1146 4356 1387 4427 cogitari

233 4428 433 4490 potest.
558 4423 784 4479 fficinae
823 4424 1126 4494 Cyclopum
1170 4432 1388 4481 montes

230 4499 360 4549 simt
417 4496 708 4566 ignivomi.
803 4494 1070 4565 Cyclopes
1123 4498 1276 4553 Caeli
1331 4503 1390 4554 et

232 4562 435 4621 Terrae
467 4566 573 4621 filii
597 4571 746 4634 eunt,
773 4566 1000 4621 Hesiod.
1025 4568 1235 4640 Theog.
1255 4572 1386 4625 140:

1421 1533 1488 1610 O
1544 1535 1770 1611 beate
1823 1532 2043 1632 Sesti,

1489 1770 1771 1846 „devrnc
1808 1794 1863 1831 τε
1899 1772 2187 1844 Στερόπης
2226 1793 2285 1829 τε
2334 1778 2426 1829 καὶ
2450 1772 2649 1846 Ἄργης

1487 1842 1889 1920 ὀβριμόθυμος,
1930 1852 1985 1901 οἳ
2002 1852 2139 1914 Ζηνὶ
2172 1844 2411 1932 βροντήν
2444 1850 2489 1901 τ’
2527 1849 2645 1902 ἔδο-

1488 1938 1597 1974 σαν
1636 1916 1827 1981 τεῦξάν
1861 1937 1919 1972 τε
1955 1919 2271 1991 κεραυνον.“
2348 1918 2542 1973 Claud.
2577 1920 2647 1974 de

1487 1993 1586 2046 111.
1642 2010 1793 2047 cons.
1840 1992 2051 2047 Honor.
2094 1992 2219 2045 191:
2278 1990 2485 2060 „Vobis
2534 1992 2648 2045 iam

1487 2064 1767 2119 Mulciber
1815 2080 1973 2117 arma
2009 2063 2322 2132 Praeparat
2366 2067 2424 2117 et
2463 2062 2649 2117 Sicula

1491 2136 1723 2205 Cyclops
1759 2136 1963 2189 incude
2000 2135 2239 2190 laborat.
2287 2133 2527 2188 Brontes
2565 2135 2647 2187 in·

1487 2208 2149 2333 ffiffissfufizffiffgssi.
2176 2206 2393 2331 {22³⁶ss
2438 2206 2649 2332 3333

1490 2366 1691 2405 conum
1774 2351 2030 2404 Festinat
2103 2296 2389 2419 Stperopeu
2469 2350 2647 2404 nectit

1489 2422 1724 2476 thorace
1759 2421 2117 2489 Pyracmon.“

1563 2492 1629 2547 V.
1668 2495 1716 2547 9.
1753 2493 2013 2562 nitidum]
2049 2493 2381 2563 unguenti83
2420 2492 2550 2547 vide
2575 2492 2648 2547 ad

1494 2565 1675 2619 Germ.
1713 2565 1785 2629 H,
1827 2567 1879 2633 3,
1921 2568 2004 2618 13.
2062 2594 2127 2604 -——
2188 2564 2377 2635 myrto]
2422 2564 2508 2618 Ea
2544 2562 2647 2617 Ve-

1492 2638 1616 2691 neri
1650 2654 1809 2691 sacra
1834 2636 2149 2691 hebebatur
2166 2635 2357 2706 (Verg.
2384 2634 2576 2691 Bucol.
2600 2640 2653 2705 7,

1493 2709 1603 2776 62),
1662 2709 1891 2777 eiusque
1936 2726 2065 2763 usus
2110 2707 2371 2776 frequens
2422 2706 2535 2761 fuit
2589 2708 2648 2761 in

1492 2781 2018 2849 compotationibus,
2059 2779 2191 2849 quia
2226 2795 2448 2849 semper
2482 2779 2647 2833 viret.

1493 2852 1675 2906 Car-m.
1714 2850 1757 2916 Ι,
1796 2850 1884 2920 38,
1924 2855 1975 2906 5.
2036 2851 2108 2919 ΙΙ,
2147 2854 2197 2918 ’7,
2238 2854 2323 2905 25.
2376 2878 2443 2890 —-
2494 2850 2645 2919 flore]

1493 2928 1593 2978 aut
1612 2922 1862 2989 floribus,
1879 2924 2037 2993 siqui
2055 2924 2166 2977 iam
2186 2923 2567 2977 inveniuntur.
2581 2950 2647 2961 ·--

1492 2996 1665 3065 aqna]
1714 2995 1935 3065 Duplex
1990 2994 2152 3049 verbi
2200 2992 2517 3049 immolandi
2567 2998 2652 3047 eat

1493 3066 1815 3121 coniunctio
1874 3072 1932 3121 et
1984 3067 2266 3121 immolare
2320 3065 2494 3121 alicui
2549 3066 2649 3120 ali-

1493 3154 1604 3207 qua
1639 3154 1713 3206 re,
1749 3143 1815 3193 ut
1850 3138 1944 3193 hic
1978 3142 2037 3192 et
2072 3136 2225 3206 apud
2248 3137 2358 3191 Cic.
2384 3136 2455 3191 de
2480 3136 2653 3205 legib.

1491 3209 1567 3277 ΙΙ,
1607 3210 1697 3263 12:
1740 3210 1977 3281 „quibus
2016 3208 2215 3263 hostiis
2248 3208 2653 3263 immolandum

1493 3283 1695 3352 cuique
1770 3282 1908 3337 deo“
1928 3320 1943 3349 ,
2016 3286 2075 3335 et
2138 3280 2414 3335 ivnmolare
2482 3280 2654 3333 alicui

1491 3355 1741 3423 aliquam
1783 3370 1893 3409 rem
1938 3357 2005 3407 ut
2049 3353 2164 3407 Sat.
2211 3352 2284 3420 H,
2324 3354 2373 3417 3,
2415 3353 2534 3405 164.
2582 3378 2649 3390 —-

1490 3424 1727 3495 pallida]
1746 3424 2043 3495 exsanguis
2056 3442 2071 3493 ;
2088 3426 2211 3494 ipsa
2224 3424 2372 3478 enim
2387 3422 2539 3477 More
2553 3440 2651 3477 na·

1491 3502 1679 3551 turam
1718 3514 1913 3551 eorum
1960 3496 2149 3551 induit
2198 3513 2337 3565 quos
2378 3494 2649 3564 abripuit.

1494 3585 1841 3695 {maozim
1862 3568 2510 3694 P3ss⁶³141³31⁸52²⁶33²
2523 3566 2649 3693 Ρῗᾶ·

1664 3680 1675 3693 ι
1760 3676 1773 3703 ,
1845 3680 1859 3707 ,
1972 3680 1985 3693 ο
2097 3678 2110 3706 ‚
2224 3679 2237 3692 ο
2344 3678 2357 3705 ,
2468 3678 2481 3692 0
2632 3666 2653 3679 ο

1491 3712 1669 3766 cando
1716 3711 1931 3766 indicet
1965 3711 2119 3765 Mors
2176 3728 2235 3765 ee
2276 3710 2484 3765 adesse.
2560 3709 2653 3765 Sic

1494 3782 1655 3837 ovid.
1702 3783 1933 3838 Heroid.
1980 3786 2067 3851 21,
2114 3784 2211 3836 46:
2263 3782 2651 3851 „Persephone

1492 3860 1715 3909 nostras
1745 3856 1936 3925 pulsat
1960 3854 2163 3910 acerba
2187 3854 2393 3909 foresf‘
2434 3853 2651 3907 Gallim.

1490 3926 1678 3995 hymn.
1731 3926 1925 3997 Apoll.
1962 3928 1995 3980 3
2038 3930 2187 3994 „Kal
2234 3920 2415 3993 δήπου
2450 3922 2517 3976 τὰ
2552 3919 2650 3976 315·

1494 4016 1655 4068 ρετρα
1712 3999 1861 4067 καλῷ
1914 3998 2052 4051 ποδὶ
2105 4002 2312 4065 Φοῖβος
2362 3990 2648 4060 &priamo-5⁸

1492 4098 1561 4111 —··
1597 4068 1804 4140 requm]
1845 4070 2105 4138 divitum,
2141 4074 2208 4122 ut
2246 4068 2361 4121 Set.
2389 4068 2433 4137 Ι,
2470 4068 2521 4135 2,
2562 4070 2651 4121 86.

1491 4142 1568 4201 11,
1600 4143 1653 4203 2.
1686 4144 1757 4195 45
1788 4142 1969 4195 Carm.
1998 4140 2073 4209 II,
2109 4142 2193 4207 14,
2228 4142 2310 4193 11.
2344 4138 2415 4207 ΙΙ,
2451 4141 2534 4206 18,
2564 4140 2652 4192 34.

1490 4212 1675 4284 Epist.
1713 4213 1758 4282 Ι,
1804 4214 1885 4281 10,
1922 4216 2010 4267 33.
2048 4215 2118 4267 A.
2156 4211 2219 4264 P.
2255 4212 2379 4263 434.
2403 4238 2476 4250 —
2501 4210 2653 4265 beate

1491 4282 1653 4354 Sesti]
1692 4284 1934 4340 Sestium
1970 4282 2280 4353 alloquitur
2304 4286 2473 4352 poeta
2497 4298 2649 4337 nunc

1491 4356 1717 4410 demum
1752 4356 2019 4410 idoneum
2058 4356 2241 4409 locum
2266 4358 2483 4421 nactus,
2516 4370 2649 4409 nam

1491 4428 1538 4481 is
1586 4444 1811 4497 quoque
1855 4426 2012 4482 dives
2060 4430 2207 4488 eretz
2255 4424 2471 4479 divitiis
2522 4442 2649 4480 eum

1491 4504 1645 4553 recte
1689 4516 1854 4553 usum
1898 4516 2017 4553 esse
2076 4496 2364 4567 epitheton
2420 4496 2649 4551 videtur

1493 4568 1827 4640 significare.
