3092 5059
448 228 571 295 498

1320 226 1933 297 EPISTULARUM

464 448 515 489 ιι
548 415 892 513 Impiger
938 430 1321 495 extremos
1378 418 1619 493 curris
1671 426 2054 492 mercator
2104 412 2206 490 ad
2255 412 2520 505 Indos,

547 540 699 617 Per
747 569 963 619 mare
1012 542 1461 643 pauperiem
1514 541 1848 641 fugiens,
1902 566 2042 639 per
2093 566 2297 635 saxa,
2351 563 2494 637 per
2544 538 2821 635 ignes:

546 665 660 742 Ne
716 692 933 743 cures
986 694 1099 763 ea,
1148 693 1345 767 quae
1398 667 1630 743 stulte
1679 666 1984 743 miraris
2037 678 2114 741 et
2165 676 2405 763 optas,

546 790 859 868 Discere
913 807 991 869 et
1038 792 1310 870 audire
1363 806 1439 867 et
1488 790 1798 871 meliori
1850 790 2168 869 credere
2215 816 2374 867 non
2427 788 2586 867 vis?

549 914 738 1007 Quis
792 917 1083 993 circum
1134 942 1381 1019 pagos
1432 932 1511 995 et
1564 915 1854 993 circum
1909 916 2242 1014 compita
2285 940 2594 1014 pugnax

465 1074 515 1115 ω
551 1042 839 1140 Magna
891 1044 1249 1119 coronari
1302 1056 1747 1120 contemnat
1793 1040 2184 1139 Olympia,
2238 1040 2363 1117 cui
2413 1064 2607 1141 spes,

551 1167 696 1246 Cui
748 1167 843 1241 sit
895 1168 1247 1244 condicio
1307 1167 1552 1244 dulcis
1605 1168 1772 1243 sine
1822 1166 2143 1267 pulvere
2191 1164 2545 1263 palmae?

543 1290 793 1367 Vilius
847 1306 1243 1391 argentum
1304 1306 1421 1369 est
1472 1318 1683 1389 auro,
1739 1292 2148 1367 virtutibus
2199 1316 2502 1367 aurum.

544 1414 613 1493 O
671 1418 898 1515 cives,
952 1419 1177 1515 cives,
1229 1417 1672 1518 quaerenda
1721 1417 2049 1517 pecunia
2099 1416 2440 1512 primum
2489 1428 2620 1512 est,

542 1541 798 1619 Virtus
852 1555 1027 1641 post
1076 1543 1461 1619 nummosl
1512 1543 1704 1619 haec
1753 1540 1984 1619 Ianus
2035 1566 2376 1617 summus
2432 1541 2528 1616 ab
2581 1541 2752 1617 imo

460 1699 510 1740 σε
544 1666 951 1766 Prodocet,
1005 1669 1196 1745 haec
1248 1668 1599 1745 recinunt
1645 1668 1959 1743 iuvenes
2015 1666 2301 1743 dictata
2350 1692 2738 1767 senesque

542 1790 798 1868 Laevo
849 1794 1195 1890 suspensi
1245 1793 1541 1871 loculos
1595 1792 2094 1891 tabulamque
2143 1790 2458 1868 lacerto,

438 2015 531 2053 sus
555 1999 628 2055 ad
640 1998 1021 2056 Maecenatem
1042 2019 1217 2056 unum
1234 2000 1590 2057 referendum

438 2075 539 2141 est,
578 2072 677 2126 sed
722 2072 795 2127 ad
838 2089 1030 2127 omnes
1078 2074 1348 2129 homines.
1387 2102 1455 2113 --
1490 2089 1592 2143 per

438 2143 604 2215 saxa]
642 2162 785 2213 quae
820 2145 1279 2215 gravissimorum
1314 2146 1589 2215 periculo·

438 2231 565 2269 rum
601 2216 857 2285 exempla
892 2222 1039 2271 sunt.
1080 2216 1260 2273 Carm.
1280 2216 1375 2285 IV,
1400 2218 1483 2286 14,
1504 2220 1589 2272 24.

438 2285 553 2341 Sat.
589 2287 633 2355 I,
676 2292 721 2357 1,
760 2289 847 2341 38.
905 2288 975 2356 11,
1015 2290 1064 2357 3,
1103 2291 1190 2344 56.
1262 2288 1455 2359 Neque
1500 2307 1589 2344 ra-

436 2358 553 2413 rius
589 2364 869 2415 mercator
904 2360 1223 2429 exemplum
1276 2364 1361 2415 est
1409 2360 1587 2415 homi-

437 2430 525 2485 nis
564 2430 708 2487 lucri
742 2430 995 2485 studiosi.
1034 2431 1106 2486 of.
1146 2430 1471 2498 Carm.1,1,
1500 2433 1582 2487 18.

434 2500 535 2571 ΠΙ,
576 2504 625 2569 1,
664 2504 748 2557 25.
786 2504 873 2557 26.
910 2501 1009 2565 111,
1046 2504 1135 2570 24,
1174 2504 1245 2557 40
1270 2519 1390 2571 sqq.
1471 2503 1588 2559 Sat.

435 2572 481 2641 I,
519 2542 567 2639 ⁹1,
608 2576 695 2627 39.
757 2572 801 2631 1.
838 2576 889 2641 4,
928 2574 1015 2628 29.
1052 2602 1119 2612 —
1158 2590 1224 2629 ne
1258 2573 1432 2644 cures]
1473 2593 1589 2630 uon

434 2645 519 2698 vis
580 2644 791 2700 discere
848 2662 959 2713 qua
1006 2644 1227 2701 ratione
1269 2645 1586 2715 prohibeas,

434 2721 631 2771 necet.
656 2716 727 2771 cf.
756 2716 917 2771 adA.
942 2716 1004 2770 P.
1036 2718 1136 2770 152
1176 2721 1233 2771 et
1266 2716 1451 2788 Epist.
1469 2718 1513 2781 Ι,
1534 2720 1586 2781 8,

436 2788 488 2841 8.
542 2788 873 2855 Ι,6,1.-
911 2788 1119 2843 circum
1146 2788 1346 2873 payns]
1384 2789 1586 2843 Exem-

432 2858 528 2928 plo
566 2859 814 2926 docetur,
853 2859 1149 2928 neminem,
1186 2860 1283 2929 qui
1322 2878 1586 2931 magnum

432 2930 611 2999 possit
646 2930 753 2985 sibi
792 2947 995 3000 parare
1038 2933 1369 3001 praemium,
1407 2950 1584 3002 parvo

434 3006 761 3057 contentum
820 3002 965 3056 sore:
1027 3004 1331 3058 maximum
1394 3008 1585 3059 autem

433 3090 551 3127 esse
588 3074 875 3128 virtutem.
912 3073 1157 3129 Petitum
1196 3079 1281 3129 est
1317 3075 1460 3129 illud
1495 3094 1588 3131 exa

434 3145 679 3214 emplum
734 3164 768 3201 a
812 3144 1097 3216 pugilibus
1148 3148 1473 3202 catervariis
1526 3151 1586 3202 et

432 3216 889 3272 circumforaneis
928 3216 1165 3285 lanistis,
1192 3220 1287 3289 qui
1326 3223 1449 3272 arte
1484 3237 1586 3273 sua

431 3292 491 3342 et
535 3288 737 3343 robore
781 3305 1063 3359 paganum
1123 3294 1183 3344 et
1239 3290 1585 3360 oppidanum

430 3359 717 3428 popellum
770 3360 1142 3415 delectabant.
1203 3392 1268 3401 —
1328 3361 1586 3433 Olympia

430 3432 705 3501 coronari]
732 3433 1064 3503 στεφανοῦσ.
1052 3438 1142 3485 θαι
1169 3428 1450 3505 Ὀλυαπια.
1491 3434 1585 3488 Sio

429 3502 647 3557 Ennius
673 3504 824 3573 apud
850 3504 1171 3559 Ciceronem
1197 3506 1267 3559 de
1290 3508 1492 3560 senect.
1521 3509 1580 3557 5·

429 3575 604 3643 „vicit
640 3574 710 3629 Ol
712 3576 955 3645 ympia.“
1012 3575 1219 3647 Magna
1256 3582 1446 3631 autem
1484 3593 1580 3645 ap·

428 3646 713 3715 pellantur
746 3646 1003 3718 Olympia
1040 3652 1099 3702 et
1136 3648 1373 3703 ornandi
1411 3665 1579 3703 causa

431 3722 490 3771 et
530 3720 697 3789 „quia
732 3719 791 3773 in
835 3719 1090 3789 pluribus
1128 3720 1394 3775 Graeciae
1448 3720 1582 3774 locis

428 3791 737 3845 certamina
804 3809 963 3847 sacra
1030 3790 1133 3845 sub
1196 3789 1584 3861 Olympiorum

428 3862 652 3917 nomine
696 3861 1126 3917 celebrabantur
1174 3866 1232 3916 et
1267 3861 1580 3933 vv.01ym·

420 3934 528 4003 pia
551 3950 755 4005 mayna
779 3934 1098 3990 differentia
1124 3952 1317 3989 eorum
1344 3934 1416 3989 ab
1448 3934 1582 4003 illis,

429 4022 573 4074 quae
619 4006 802 4061 minus
847 4005 1090 4061 celebria
1140 4011 1319 4069 erant,
1358 4006 1430 4061 ab
1467 4006 1580 4061 Ho-

426 4078 573 4132 ratio
612 4078 946 4134 indicaturf‘
992 4077 1177 4133 Iacob.
1213 4078 1433 4146 Quaest.
1471 4078 1580 4148 Ep.

426 4166 483 4217 Ρ.
535 4152 619 4204 35.
674 4180 743 4191 -
796 4151 915 4205 sine
961 4149 1204 4221 pulvere]
1269 4167 1395 4205 cum
1466 4167 1579 4219 quo

426 4238 589 4275 nemo
623 4221 911 4277 decertare
947 4221 1197 4287 auderet,
1248 4222 1296 4275 is
1332 4222 1581 4292 palmam

424 4292 561 4347 tulit
608 4289 761 4349 ἀκονι
744 4298 815 4346 at)
859 4298 951 4346 καὶ
999 4289 1273 4364 ἁμαχητίς
1330 4293 1390 4348 id
1428 4294 1579 4362 quod

427 4363 719 4434 Olympiae
769 4364 999 4420 Herculi
1040 4366 1225 4435 primo
1280 4364 1578 4435 contigisse

424 4442 709 4491 narratur.
754 4436 821 4491 In
858 4455 969 4508 qua
1004 4454 1067 4491 re
1104 4437 1240 4491 haec
1278 4436 1455 4491 inesse
1494 4436 1578 4490 vi-

424 4506 593 4561 detur
637 4511 931 4591 sententia,
976 4526 1106 4565 eum
1150 4507 1249 4577 qni
1282 4524 1414 4563 vere
1458 4524 1578 4562 sese

424 4576 543 4648 ipse
577 4580 878 4651 corrigere,
909 4580 1109 4636 virtuti
1146 4578 1374 4670 studere
1408 4578 1575 4634 aude·

1682 2006 1771 2070 at,
1829 2000 1877 2055 si
1931 2018 2045 2055 non
2097 2000 2324 2056 facilem
2377 2004 2590 2055 certam
2650 2003 2854 2057 tamen

1681 2073 1982 2128 victoriam
2015 2090 2134 2129 esse
2168 2076 2610 2142 reportaturum,
2633 2072 2710 2127 de
2735 2088 2850 2143 qua

1681 2162 1794 2199 non
1830 2150 1896 2199 ut
1931 2144 2002 2199 de
2053 2145 2298 2201 externis
2341 2144 2509 2199 bonis
2545 2161 2672 2199 cum
2721 2144 2852 2199 aliis

1681 2216 2146 2287 competitoribus
2195 2214 2598 2271 decertandum
2643 2214 2741 2269 sit.
2779 2244 2852 2255 -

1675 2288 1938 2373 pecunia]
1998 2288 2105 2343 Sic.
2161 2285 2849 2349 Pind.1=thm.11‚11·

1793 2354 2013 2430 ἧιιαῐα,
2059 2354 2298 2444 χρήματ’
2352 2352 2546 2429 ἆνῆρ“,
2597 2364 2658 2413 et
2715 2376 2846 2413 noe:

1681 2374 1876 2499 xfield,
1915 2400 2056 2485 Geld
2092 2431 2169 2485 ist
2216 2431 2318 2485 der
2352 2430 2582 2486 Mannf‘
2625 2458 2696 2469 —
2734 2432 2847 2485 vir·

1681 2470 1770 2557 'tus
1811 2507 1936 2571 poet
1981 2502 2248 2572 nummos]
2301 2500 2445 2556 Ovid
2481 2500 2754 2569 Am.111‚
2793 2502 2844 2569 8,

1682 2575 1777 2628 55·
1851 2573 2056 2643 „Curia
2104 2572 2446 2643 pauperibus
2491 2574 2683 2628 clausa
2732 2578 2844 2641 est3

1680 2645 1780 2700 dat
1817 2662 2012 2701 census
2046 2644 2312 2700 honores:
2349 2642 2488 2700 Inde
2526 2646 2726 2717 gravis
2763 2646 2844 2699 iu·

1683 2716 1808 2780 dex,
1848 2716 1979 2772 inde
2019 2734 2244 2773 severus
2281 2733 2467 2785 eques.
2473 2716 2507 2747 “
2541 2746 2610 2757 —
2637 2714 2844 2785 Ianus]

1684 2787 1815 2843 vide
1849 2788 1920 2843 ad
1958 2788 2072 2843 Sat.
2111 2788 2184 2851 11,
2223 2790 2274 2855 8,
2313 2790 2400 2842 18.
2473 2788 2644 2843 Ianus
2681 2788 2846 2857 quasi

1679 2859 2116 3002 ῗῶἰὴὲξέρέἒὲῗ
2127 2829 2842 3001 ..Efflffljgtzm

1680 3007 1846 3058 ctata.
1963 3003 2252 3071 Producat,
2312 3002 2562 3058 docendo
2623 3004 2842 3073 praeit,

1680 3068 2059 3145 προδιδάσκει.
2093 3072 2204 3143 Sop
2207 3074 2258 3128 h.
2293 3074 2382 3128 Ai.
2424 3075 2546 3129 163.
2585 3074 2732 3129 Vide
2771 3074 2840 3129 ad

1683 3145 1865 3201 Carm-
1900 3146 1946 3215 Ι,
1984 3150 2036 3215 5,
2069 3144 2414 3229 s.—1aeoo]
2449 3144 2606 3201 Idem
2645 3163 2840 3201 versus
2921 3170 2930 3185 ·

1680 3216 1795 3273 Sat.
1821 3218 1866 3285 I,
1891 3220 1944 3285 6,
1972 3219 2062 3283 74,
2098 3216 2168 3273 de
2209 3234 2322 3286 qua
2357 3217 2607 3273 eiusdem
2643 3234 2840 3273 versus

1678 3256 2035 3425 's‘ffiz’ssffiffzffi’
2021 3288 2838 3429 ἰἕὲζωιιὲἕέᾼῖΐωὲιῗὶῗὲῗ

1677 3432 1809 3487 lius:
1851 3400 2092 3501 „Vei-sus
2119 3433 2270 3487 illius
2309 3432 2451 3486 bene
2478 3433 2698 3487 tornati
2723 3430 2838 3486 for-

1676 3504 1824 3558 tuito
1872 3504 1924 3559 ei
1971 3504 2129 3559 venit
2176 3504 2237 3559 in
2279 3507 2544 3565 mentem,
2587 3519 2699 3572 quo
2737 3504 2839 3558 ali·

1717 3576 1904 3631 uando
1964 3576 2356 3631 centurionum
2420 3574 2836 3630 Venusinorum

1720 3647 1841 3715 lios,
1867 3647 2124 3717 aequales
2149 3664 2295 3705 suos.
2333 3647 2394 3701 in
2416 3646 2603 3702 Flavii
2637 3646 2833 3701 ludum

1677 3736 1802 3773 cum
1840 3719 2006 3787 irent,
2047 3719 2217 3773 nullis
2257 3718 2523 3788 capsariis
2573 3718 2645 3772 iis
2680 3719 2834 3773 locu-

1677 3791 1760 3845 los
1788 3760 2084 3859 (librorum
2123 3790 2462 3859 chartaeque
2497 3790 2726 3858 stilique
2747 3808 2832 3845 re-

1715 3862 1978 3932 ositoria)
1957 3862 2430 3933 )portantibus,
2513 3860 2612 3917 sed
2683 3861 2834 3931 ipsos

1675 3879 1814 3990 fiseo
1851 3933 2084 4003 puerilis
2120 3934 2450 4002 disciplinae
2493 3932 2831 3988 instrumen-

1676 4012 1737 4061 ta
1807 4010 2114 4077 gestantes,
2179 4005 2380 4060 festive
2439 4003 2832 4075 descripserat.

1675 4077 1794 4133 Iam
1832 4094 1960 4133 cum
2011 4076 2150 4132 haec
2185 4078 2372 4148 imago
2417 4093 2611 4131 senum
2646 4094 2716 4133 ac
2749 4076 2830 4130 in·

1675 4166 1878 4204 venum
1925 4148 1998 4203 ad
2035 4149 2231 4203 Ianum
2274 4148 2520 4203 medium
2565 4148 2726 4203 velut
2771 4148 2830 4203 in

1675 4220 1866 4275 schola
1901 4220 2077 4275 falsae
2113 4220 2424 4290 sapientiae
2459 4220 2679 4275 dictata
2713 4237 2828 4274 ma-

1672 4294 1852 4362 gistro
1907 4292 2262 4347 reddentium
2329 4290 2382 4347 ei
2449 4296 2581 4345 ante
2639 4292 2830 4347 oeulos

1673 4368 2007 4427 versaretur,
2047 4364 2240 4419 statim
2270 4362 2414 4419 vidit
2449 4379 2601 4419 nova
2627 4362 2736 4418 hac
2769 4366 2826 4419 et

1671 4434 1877 4492 callida
1912 4436 2174 4491 iunctura
2209 4435 2515 4519 imaginem
2549 4434 2710 4490 illam
2744 4434 2824 4489 ita

1671 4506 1912 4575 absolvi,
1956 4508 2100 4562 nihil
2151 4512 2217 4562 ut
2263 4506 2521 4563 festivius

1669 4578 1976 4633 ridiculum
2009 4579 2321 4651 excogitari
2359 4580 2600 4649 posset.“
2564 4522 2828 4635 *Ἤ
