3092 5059
817 246 980 313 LIB.
1025 246 1146 313 111.
1190 244 1441 313 GARM.
1489 246 1733 312 XXVI.
1778 244 2039 312 XXVII.

2509 244 2633 310 227

725 437 950 513 Nunc
998 464 1216 513 arma
1271 436 1875 535 defunctumque
1920 434 2130 511 bello

894 563 1267 638 Barbiton
1315 562 1441 638 hic
1491 563 1745 663 paries
1798 559 2138 656 habebit,

570 744 600 785 5
635 712 976 789 Laevum
1027 713 1370 789 marinae
1425 714 1557 811 qui
1609 712 1934 787 Veneris
1985 710 2184 785 latus

637 836 1008 914 Custodit.

1114 835 1290 932 Hic,
1336 835 1464 911 hic
1511 837 1778 934 ponite
1827 832 2087 910 lucida

723 960 1053 1037 Funalia
1098 975 1176 1037 et
1222 974 1476 1036 vectes
1529 972 1605 1035 et
1654 984 1877 1035 arcus

796 1084 1231 1187 ·Oppositis
1280 1085 1581 1161 foribus
1630 1085 1993 1159 minaces.

641 1234 708 1311 O
765 1260 964 1336 quae
1015 1235 1318 1309 beatam
1366 1234 1546 1309 diva
1599 1246 1813 1310 tenes
1865 1232 2209 1331 Cyprum
2264 1246 2341 1309 et

545 1398 600 1435 ιο
635 1360 1038 1457 Memphin
1090 1372 1478 1435 carentem
1531 1358 1881 1436 Sithonia
1931 1359 2129 1455 nive,

733 1484 1054 1581 Regina,
1109 1485 1423 1561 sublimi
1473 1484 1789 1583 flagello

831 1608 1100 1707 Tange
1153 1609 1454 1689 Chloen
1507 1611 1747 1687 semel
1802 1622 2317 1709 arrogantem.

1337 1824 1535 1832 ———

1040 1960 1425 2051 CARMEN
1483 1964 1817 2052 XXVII.

631 2146 927 2246 Impios
979 2172 1259 2247 parrae
1309 2147 1720 2223 recinentis
1772 2172 2001 2224 omen

633 2270 884 2347 Ducat
927 2283 1004 2345 et
1052 2295 1492 2371 praegnans
1545 2273 1754 2348 canis
1804 2284 1937 2348 aut
1980 2274 2077 2347 ab
2130 2298 2322 2371 agro

223 2514 270 2577 1,
306 2515 400 2568 71.
439 2514 630 2569 Carm.
667 2514 762 2582 IV,
805 2518 852 2582 1,
895 2516 975 2567 12.
1003 2544 1066 2553 —
1095 2530 1206 2568 non
1239 2513 1384 2585 sine]

217 2582 440 2639 Litotes
479 2586 558 2641 ab
598 2586 836 2641 Horatio
885 2602 1050 2655 saepe
1097 2592 1386 2656 usurpata,

219 2658 286 2707 ut
327 2656 522 2711 Carm.
569 2658 617 2725 Ι,
651 2660 740 2725 23,
777 2659 831 2711 3.
906 2658 1006 2725 ΙΠ,
1045 2659 1098 2725 4,
1135 2658 1222 2711 20.
1283 2658 1385 2727 111,

223 2726 308 2789 29,
345 2728 434 2781 38.
485 2758 558 2769 -·
609 2727 792 2799 arma]
837 2728 993 2796 Quae
1045 2729 1232 2797 qualia
1268 2729 1384 2783 fue-

222 2796 340 2851 rint
374 2800 692 2855 ostenth
735 2818 930 2855 versus
976 2802 1012 2854 6
1059 2805 1118 2855 et
1152 2804 1203 2854 7.
1277 2801 1386 2855 Sed

223 2866 480 2925 barbitos
520 2890 748 2942 quoque
783 2873 936 2927 inter
971 2890 1128 2926 arma
1165 2877 1276 2933 est;
1316 2872 1386 2926 de

223 2942 508 3007 particula
555 2960 662 3013 que
706 2945 835 2999 vide
883 2944 958 2998 ad
996 2944 1176 2999 Germ.
1213 2944 1257 3007 Ι,
1297 2943 1385 3011 21,

229 3012 310 3063 14-
355 3042 428 3055 —-
493 3015 728 3083 laevum]
787 3016 898 3069 Cic.
953 3015 1142 3069 Divin.
1185 3015 1259 3083 11,
1297 3016 1386 3083 39,

227 3080 318 3135 82:
375 3086 598 3153 „Nobis
630 3087 860 3142 sinistra
903 3086 1186 3150 videntur,
1224 3086 1386 3140 Grais

227 3158 284 3206 et
317 3154 586 3213 barbaris
621 3158 824 3213 dextra
864 3159 1152 3213 meliora.“
1179 3187 1246 3198 —
1271 3174 1386 3211 ma·

226 3225 406 3299 rinae]
441 3235 696 3299 ποντίας,
731 3233 1012 3301 πελαγίας.
1073 3231 1254 3285 Carm-
1290 3228 1386 3297 Π,

235 3298 313 3360 11,
343 3302 426 3353 15.
467 3300 638 3356 Ovid.
680 3302 832 3368 Fast,
868 3302 966 3369 IV,
1001 3303 1098 3355 62:
1150 3319 1221 3370 „a
1259 3316 1384 3370 spu-

229 3368 331 3422 mis
368 3376 454 3426 est
492 3374 606 3428 dea
653 3372 808 3427 dicta
841 3374 1068 3427 maris.“
1107 3402 1172 3412 —
1211 3377 1384 3426 custo-

233 3438 336 3509 ait]
379 3443 676 3515 eleganter
720 3445 934 3499 dictum
982 3462 1086 3514 pro
1133 3460 1198 3497 eo
1237 3442 1388 3511 quod

234 3512 400 3581 vulgo
449 3516 722 3572 dicebant
755 3516 901 3570 latus
943 3521 1132 3586 ωριτε,
1167 3519 1234 3569 ut
1269 3514 1385 3569 Sat.

233 3578 303 3662 Il,
339 3586 390 3647 5,
429 3590 516 3642 18.
555 3614 624 3627 --
659 3586 910 3657 funalia]
950 3587 1104 3643 Haec
1138 3604 1264 3641 cum
1300 3603 1384 3641 re·

235 3650 400 3721 hquis
437 3676 602 3713 arma
635 3663 766 3713 sunt
799 3664 1193 3729 protervorum
1232 3659 1386 3713 iuve-

236 3738 366 3780 num
403 3734 685 3785 nocturno
723 3735 978 3801 tempore
1019 3748 1148 3786 cum
1184 3730 1388 3784 funali·

236 3792 336 3849 bus
393 3816 499 3868 per
558 3802 776 3871 plateas
845 3802 1388 3871 circumvagantium

239 3872 538 3942 portasque
581 3874 975 3929 libertinarum
1029 3875 1224 3929 statim
1271 3890 1387 3927 non

241 3946 758 4086 {2¹²{¹.⁸1⁸,⁸4¹,'2⁰1⁴⁵.¹b1¹‹²2
793 3946 1238 4087 33⁸3&
1265 3944 1387 4071 aff:

245 4081 397 4138 tandi
440 4093 573 4143 sunt
627 4090 960 4145 ooniecturis
1007 4092 1195 4159 (voetos
1241 4104 1386 4143 sccu-

244 4165 424 4233 russqus
465 4160 671 4229 Bentl„
717 4167 882 4217 vectes
925 4168 978 4216 et
1026 4160 1236 4231 hav-pas
1282 4160 1386 4214 Ou-

248 4226 450 4304 mngh„
484 4238 652 4288 vectes
685 4238 740 4288 et
771 4234 954 4287 ascias
989 4230 1236 4301 Keller.).
1275 4232 1386 4286 Fu·

251 4294 466 4355 nbunffl
489 4320 668 4374 prope
703 4304 1083 4359 adulescentes
1109 4303 1246 4372 quid
1272 4321 1387 4357 non

250 4371 543 4447 pqtuernnt
574 4375 898 4445 corripere?
941 4376 1158 4431 scilicet
1202 4379 1268 4428 ut
1304 4376 1387 4429 ia-

255 4442 452 4498 mtoree
475 4451 770 4515 terrerent,
801 4452 866 4502 ut
891 4447 974 4502 ait
997 4450 1158 4502 vetus
1185 4447 1386 4516 glossa.

255 4503 388 4565 Nam
441 4515 498 4571 in
540 4536 708 4575 versu
755 4522 790 4573 8
843 4520 916 4573 ad
968 4524 1156 4574 vectes
1207 4518 1386 4588 magis

257 4594 413 4649 quam
444 4588 514 4645 ad
551 4592 767 4645 funalia
803 4596 861 4647 et
896 4608 1056 4647 arcus
1093 4589 1386 4645 referendo

1487 2513 1832 2568 haerendum
1869 2532 1983 2569 non
2031 2519 2116 2569 est
2160 2514 2340 2584 anxie,
2384 2532 2489 2569 nec
2534 2514 2643 2567 sin·

1486 2586 1622 2656 gula
1678 2585 1853 2639 verba
1908 2604 2101 2640 severo
2156 2586 2317 2639 vultu
2367 2602 2641 2654 sensuque

1488 2656 1759 2712 curiosius
1814 2658 2118 2726 premenda
2171 2662 2321 2711 sunt.
2403 2657 2642 2711 Eckctei-

1487 2728 1617 2783 m'us
1652 2730 1865 2797 recepit
1900 2734 2045 2783 mes
2080 2744 2151 2782 ex
2188 2730 2510 2784 coniectura
2545 2728 2583 2782 J
2584 2745 2641 2782 a·

1487 2800 1587 2867 nii,
1620 2800 1717 2870 qui
1766 2804 1955 2855 tamen
1990 2800 2111 2869 ipse
2149 2801 2332 2855 addit:
2389 2800 2641 2870 „divina-

1488 2872 1617 2926 bam
1644 2871 1947 2940 aliquando
1980 2878 2033 2927 et
2081 2877 2229 2926 artes
2266 2872 2321 2925 h.
2363 2890 2410 2926 e.
2436 2872 2642 2926 instru-

1487 2947 1695 3012 menta,
1734 2961 1909 3011 arma,
1945 2942 2044 2997 sed
2086 2954 2286 2998 vereor
2320 2962 2391 2998 ne
2426 2944 2533 2998 hoc
2568 2944 2645 2998 sit

1487 3016 1657 3069 nimis
1714 3015 2025 3085 generale.“
2081 3044 2147 3054 -—
2205 3014 2466 3085 Cyprum]
2514 3015 2647 3069 vide

1490 3087 1671 3140 Carm-
1710 3087 1755 3154 Ι,
1792 3090 1843 3150 3,
1888 3092 1931 3141 1.
1972 3086 2142 3156 Apud
2178 3086 2321 3140 Plin.
2359 3086 2429 3141 N.
2466 3086 2538 3142 H.
2574 3086 2642 3155 V,

1491 3157 1558 3210 31
1610 3160 1904 3227 antiquum
1954 3175 2157 3212 nomen
2217 3159 2435 3213 insulae
2474 3158 2644 3227 Cypri

1488 3231 1771 3298 reperitur
1803 3230 2068 3284 Macaria
2105 3229 2323 3299 (beata).
2366 3259 2431 3269 —
2473 3230 2642 3284 Mem-

1481 3300 1627 3425 {hin
1680 3306 1949 3356 carentem
2006 3300 2143 3356 sith.
2198 3301 2339 3371 nive]
2398 3301 2644 3371 Egregie

1527 3389 1597 3427 oc
1653 3372 1899 3439 dictum3
1960 3372 2169 3427 etenim
2217 3372 2399 3444 frigus
2464 3376 2530 3426 ut
2582 3372 2643 3425 in

1487 3461 1681 3500 rerum
1719 3448 1941 3511 natura,
1992 3445 2072 3500 sic
2122 3444 2181 3497 in
2216 3444 2508 3499 hominum
2549 3461 2643 3512 pe-

1490 3516 1741 3571 ctoribus
1767 3515 2021 3570 odiosum
2058 3521 2143 3570 est
2166 3515 2397 3584 Veneri3
2438 3516 2646 3570 habent

1488 3588 1669 3658 igitur
1704 3588 1843 3643 haec
1889 3587 2063 3641 verba
2106 3604 2345 3656 causam,
2385 3604 2485 3643 cur
2522 3587 2646 3642 fore

1489 3663 1681 3729 speret
1728 3664 1795 3712 ut
1850 3659 2037 3714 Venus
2090 3658 2379 3729 frigidam,
2436 3659 2647 3713 amoris

1489 3730 1770 3785 caloribus
1806 3748 1920 3784 non
1947 3730 2219 3785 imbutam
2256 3731 2470 3785 Chloen
2506 3731 2646 3785 velit

1489 3804 1782 3872 castigare.
1820 3802 1904 3856 De
1941 3803 2151 3871 templo
2190 3806 2378 3857 autem
2414 3801 2645 3857 Veneris

1490 3874 1551 3928 in
1576 3876 1626 3927 A
1776 3874 1822 3928 ti
1849 3872 1957 3928 hac
1974 3874 2321 3928 nobilissima
2346 3874 2485 3928 urbe
2514 3873 2644 3927 vide

1487 3945 1699 3999 Herod.
1720 3946 1794 4015 H,
1819 3946 1951 4015 1123
1984 3944 2057 4000 de
2076 3944 2342 4000 Sithoniis
2368 3945 2440 3999 ad
2461 3944 2643 3999 Carm.

1488 4018 1532 4087 1,
1578 4020 1660 4086 18,
1697 4019 1747 4071 9.

1786 4130 2081 4186 Carmen
2119 4128 2348 4185 XXVII.

1562 4228 1796 4283 Galatea
1847 4230 2036 4283 nescio
2084 4245 2198 4297 qua
2244 4225 2465 4281 ratione
2516 4242 2643 4279 cum

1487 4300 1727 4355 Horatio
1765 4300 2063 4355 coniuncta
2099 4328 2167 4339 —
2214 4299 2274 4352 id
2321 4297 2471 4366 quod
2513 4313 2644 4366 pro-

1487 4372 1663 4426 batur
1698 4388 1864 4427 versu
1905 4372 1969 4425 14
2004 4400 2073 4410 --
2116 4386 2286 4439 quam
2332 4369 2516 4423 adhuc
2550 4369 2645 4423 ha·

1488 4444 1617 4498 buit
1676 4443 1863 4499 sedem
1916 4459 1983 4497 ac
2028 4442 2197 4495 simul
2242 4446 2471 4511 poetam
2516 4440 2647 4495 reli-

1489 4520 1653 4570 ctura
1690 4519 1792 4570 est.
1862 4515 1915 4569 A
1964 4530 2074 4583 quo
2113 4512 2347 4567 consilio
2384 4512 2484 4567 ille
2518 4529 2647 4567 cum

1489 4587 1729 4651 frustra,
1789 4590 1854 4640 ut
1914 4585 2160 4654 videtur,
2226 4601 2463 4641 avocare
2524 4602 2645 4639 eam
