3092 5059
1201 226 1359 293 LIB.
1400 228 1450 292 Ι.
1495 226 1681 293 SA'P.
1728 226 1842 292 ΠΙ.

2583 226 2709 291 359

1247 470 1575 555 SA'PIRA
1641 468 1782 551 III.
1832 580 1846 587 ι

408 637 790 717 Omnibus
842 636 990 711 hoc
1043 634 1308 710 vitium
1365 644 1478 708 est
1530 632 1992 725 cantoribus,
2050 633 2252 708 inter
2300 633 2585 707 amicos

407 763 514 841 Ut
561 786 956 861 nunquam
1007 758 1373 835 inducant
1424 758 1765 835 animum
1820 769 2131 833 cantare
2178 748 2455 855 rogati,

408 888 690 964 Iniussi
737 908 1132 983 nunquam
1185 883 1576 959 desistant.

1311 1008 1617 1102 Caesar,
1676 1007 1810 1105 qui
1861 1030 2140 1103 cogere
2196 1019 2474 1105 posset,

407 1011 554 1089 Ille
608 1009 982 1109 Tigellius
1031 1006 1204 1083 hoc.

1679 880 1965 959 Sardus
2018 880 2351 957 habebat

353 1168 378 1207 ο
414 1137 499 1214 Si
550 1147 847 1237 peteret
895 1158 1036 1235 per
1093 1132 1508 1209 amicitiam
1562 1132 1801 1228 patris
1856 1144 2086 1231 atque
2137 1159 2377 1228 suam,
2429 1158 2585 1209 non

412 1261 844 1361 Quicquam
897 1257 1346 1356 proficeret:
1395 1257 1460 1332 si
1513 1255 2007 1351 collibuisset,
2062 1257 2162 1332 ab
2217 1283 2362 1332 ovo

404 1386 662 1487 Usque
712 1385 813 1461 ad
867 1382 1072 1459 mala
1128 1382 1428 1458 citaret:
1482 1379 1622 1476 „Io
1670 1378 1973 1456 Bacche
1994 1378 2063 1454 1“
2114 1380 2349 1465 modo
2408 1407 2706 1459 summa

687 1692 929 1748 Satira
963 1692 1065 1747 111.

379 1788 546 1845 Patet
591 1806 660 1845 ex
697 1807 752 1844 v.
788 1792 856 1845 63
909 1787 1114 1859 (saepe)
1162 1789 1460 1844 Horatium

307 1877 432 1915 cum
470 1859 606 1915 haec
643 1860 816 1915 satira
853 1861 1192 1916 scriberetur
1228 1861 1288 1914 in
1325 1862 1460 1915 ami-

305 1930 501 1987 citiam
554 1932 894 1987 Maecenatis
964 1932 1134 1987 fuisse
1195 1932 1310 1986 iam
1375 1948 1460 1987 re·

304 2007 556 2073 ceptum;
617 2004 856 2074 amplius
919 2004 1065 2059 nihil
1117 2004 1331 2073 poterit
1389 2004 1462 2059 de

306 2079 418 2130 tem
495 2092 558 2131 re
607 2074 920 2141 adfirmari,
977 2075 1146 2130 modo
1201 2080 1461 2130 teneatur

305 2146 420 2201 hau
496 2147 580 2202 ita
615 2164 884 2219 magnum
934 2146 1178 2217 spatium
1226 2147 1460 2202 interce·

303 2218 440 2273 dere
487 2220 734 2289 potuisse
783 2220 934 2273 inter
989 2218 1137 2273 hanc
1189 2223 1247 2273 et
1300 2235 1460 2287 supe-

303 2289 535 2345 riorem.
570 2290 1043 2346 Familiaritatem
1076 2290 1300 2345 Horatii
1333 2306 1462 2345 cum

305 2359 630 2417 Maecenate
683 2366 808 2417 tota
853 2362 1030 2416 satira
1087 2361 1354 2425 declarat,
1400 2362 1461 2415 in

306 2448 421 2501 qua
455 2432 600 2487 nihil
637 2437 723 2489 est
766 2433 1091 2488 timiditatis
1136 2436 1237 2488 aut
1283 2433 1460 2488 incer·

305 2508 400 2559 tae
435 2522 552 2559 sese
597 2505 832 2576 gerendi
879 2504 1132 2559 rationis.
1205 2503 1459 2559 Scriben-

305 2575 412 2631 dae
447 2580 637 2631 autem
673 2577 838 2632 huius
887 2576 1097 2632 satirae
1140 2592 1364 2632 causam
1403 2582 1462 2632 et

305 2647 658 2703 voluntatem
713 2649 836 2719 ipsa
895 2648 1077 2703 altera
1137 2648 1460 2717 praebuisse

304 2718 548 2787 videtur,
585 2720 795 2790 quippe
834 2738 944 2789 qua
991 2720 1282 2791 castigatis
1316 2720 1458 2774 mul-

303 2795 492 2845 torum
529 2791 818 2847 hominum
841 2790 1310 2861 perversitatibus
1345 2808 1458 2847 non

303 2879 512 2931 paucos
583 2863 692 2918 sibi
751 2862 1098 2918 adversarios
1161 2863 1460 2919 excitasset

301 2938 490 3005 poeta,
527 2934 831 2990 clamantes
883 2952 976 2989 eos
1024 2934 1252 3004 quidem
1299 2934 1459 2991 mali·

301 3022 480 3077 gnum
515 3023 646 3060 eum
681 3023 798 3061 esse
823 3006 1104 3061 hominem
1142 3006 1238 3075 qui
1278 3022 1349 3061 ne
1386 3007 1458 3062 ab

303 3077 612 3132 amicorum
651 3078 876 3146 quidem
910 3079 1102 3147 parvis
1145 3077 1299 3132 vitiis
1337 3078 1457 3133 abs·

301 3149 554 3204 tinuerit.
628 3147 811 3216 Quare
846 3164 998 3204 nunc
1041 3149 1290 3204 ostendit
1324 3166 1457 3219 qua·

303 3220 384 3275 les
439 3218 692 3275 homines
740 3238 858 3275 esse
913 3221 1147 3289 soleant,
1206 3222 1304 3289 qui
1358 3238 1460 3277 sua

301 3290 448 3346 vitia
485 3309 598 3345 non
635 3292 888 3347 videntes
923 3293 1063 3347 alios
1095 3292 1342 3362 maligne
1377 3294 1457 3347 vi-

301 3366 584 3432 tuperent,
626 3364 876 3433 quidque
911 3363 1252 3419 discriminis
1284 3365 1456 3419 inter·

300 3434 378 3488 sit
411 3435 561 3489 inter
605 3434 879 3491 sinceram
918 3436 1094 3492 etiam
1151 3436 1456 3491 amicorum

303 3505 790 3574 reprehensionem
837 3508 1352 3577 correctionemque
1399 3512 1458 3562 et

300 3578 610 3648 malignum
668 3578 950 3633 levissima
1014 3579 1157 3633 vitia
1211 3578 1456 3649 augendi

299 3647 680 3717 efferendique
715 3649 982 3704 studium.
1042 3650 1145 3705 Cui
1180 3651 1450 3719 pravitati

299 3736 430 3775 cum
467 3720 749 3777 excusatio
787 3722 984 3791 quaeri
1033 3722 1232 3777 saltem
1276 3723 1455 3792 possit

301 3791 362 3845 in
400 3790 713 3847 Stoicorum
757 3792 1128 3863 philosophia,
1165 3797 1336 3862 poeta
1387 3810 1452 3848 eo

300 3862 452 3917 ultro
490 3864 736 3931 ducitur,
771 3869 836 3919 ut
866 3864 1082 3932 doceat,
1119 3865 1236 3919 eius
1271 3869 1454 3920 sectae

299 3934 468 3989 nimis
553 3951 802 3989 severam
884 3936 1235 4005 disciplinam
1256 3975 1271 4003 ,
1342 3954 1454 4005 qua

299 4006 488 4060 omnia
541 4010 772 4075 peccata
833 4008 1090 4076 aequalia
1153 4024 1270 4063 esse
1325 4025 1452 4062 oon-

299 4077 602 4132 tenderunt
657 4078 730 4145 (v.
773 4078 880 4147 76),
935 4079 1196 4149 opposita
1249 4079 1452 4148 Epicu·

298 4166 525 4203 reorum
553 4149 811 4204 doctrina
843 4149 922 4218 (v.
941 4150 1233 4217 99—112),
1257 4151 1328 4205 ab
1354 4150 1453 4205 hu-

299 4220 454 4275 mani
501 4221 723 4292 generis
781 4222 1000 4277 ratione
1054 4226 1116 4277 et
1167 4222 1285 4276 vita
1339 4238 1452 4277 non

301 4292 486 4346 minus
551 4293 794 4347 alienam
863 4298 922 4347 et
991 4297 1264 4349 remotam
1335 4311 1452 4349 esse

303 4380 473 4431 quam
529 4364 730 4419 miram
796 4364 954 4419 illam
1012 4364 1328 4422 Stoicorum
1384 4365 1454 4420 de

302 4434 555 4504 perfecto
605 4435 858 4504 sapiente
903 4437 1254 4491 sententiam.
1331 4436 1452 4491 Iam

301 4522 428 4561 cum
463 4506 602 4562 haec
635 4506 810 4561 satira
845 4506 1058 4577 scripta
1099 4509 1178 4563 sit
1221 4524 1288 4563 ec
1325 4526 1452 4563 con·

299 4577 448 4647 silio,
495 4594 570 4634 ne
612 4578 792 4635 altera
835 4578 898 4633 in
945 4584 1234 4649 posterum
1277 4596 1452 4650 prave

1554 1646 2002 1718 intellegeretur,
2069 1647 2141 1703 ab
2202 1648 2401 1703 eodem
2462 1646 2706 1731 Tigellio

1554 1716 1730 1772 Sardo
1783 1720 1952 1788 paulo
2012 1724 2167 1779 ante.
2198 1723 2422 1774 mortno
2477 1719 2703 1774 initium

1554 1790 1703 1859 cepit
1756 1790 1986 1859 eiusque
2042 1792 2217 1846 miros
2274 1806 2457 1847 mores
2510 1808 2705 1861 perpe·

1552 1864 1819 1931 tuamque
1874 1861 2103 1916 vivendi
2148 1862 2582 1918 inconstantiam
2627 1862 2702 1918 le-

1550 1932 1683 2001 pide
1736 1932 2062 2003 descripsit,
2120 1938 2185 1989 ut
2252 1934 2324 1989 ab
2376 1932 2483 1989 hoc
2536 1934 2705 1989 semel

1552 2005 1875 2073 vituperato
1938 2004 2009 2059 ad
2060 2022 2218 2060 suam
2272 2023 2393 2060 rem
2458 2022 2701 2060 commu-

1551 2075 2704 2203 essffi‘ga‘ssl?fflxsssstffi‘lffidssiffl‘ffi

1550 2218 1813 2273 muniret.
1853 2219 1937 2274 De
1972 2219 2157 2275 iocoso
2194 2221 2349 2274 exitu
2392 2218 2523 2273 vide
2560 2236 2703 2289 quae

1554 2294 1685 2345 sunt
1722 2289 1989 2347 adnotata
2038 2291 2111 2346 ad
2152 2290 2321 2345 finem
2366 2290 2583 2361 primae
2620 2309 2703 2347 sa·

1552 2362 1709 2415 tirae.

1623 2432 1689 2487 V.
1728 2434 1777 2487 2.
1836 2433 2081 2505 cantare]
2152 2433 2435 2502 utrimque
2496 2433 2706 2505 pendet

1551 2510 1612 2560 et
1645 2504 1719 2560 ab
1750 2504 1939 2559 induc.
1990 2506 2236 2559 animum
2283 2510 2341 2561 et
2384 2506 2457 2561 ab
2499 2504 2702 2576 royats'.

1551 2606 1620 2617 —
1658 2576 1911 2646 habebat]
1958 2576 2085 2631 Non
2136 2582 2289 2633 recte
2336 2594 2407 2631 ex
2455 2576 2561 2633 hoc
2600 2576 2701 2631 im-

1550 2648 1802 2718 perfecto
1848 2648 2101 2704 nonnulli
2150 2649 2545 2705 concluserunt
2559 2688 2573 2713 ,
2610 2648 2701 2703 'ri-

1624 2720 1783 2775 llium
1823 2721 1935 2775 iam
1956 2720 2179 2790 pridem
2202 2724 2487 2775 mortuum
2514 2720 2702 2779 fuisse.

1551 2737 1713 2859 &iod
1760 2808 1913 2847 secus
1962 2797 2071 2861 est;
2116 2809 2296 2861 neque
2346 2792 2496 2847 enim
2550 2793 2702 2862 quic·

1551 2879 1721 2932 quam
1768 2864 1887 2918 eius
1944 2863 2025 2917 rei
2068 2863 2127 2917 in
2172 2862 2506 2933 imperfecto
2564 2870 2702 2919 tem-

1547 2951 1688 3005 pore
1724 2935 1870 2990 inest
1904 2950 2085 3003 neque
2114 2939 2286 3003 poeta
2307 2935 2529 3006 pridem
2555 2952 2703 2989 mor-

1547 3008 1635 3061 tui
1679 3006 1905 3061 nomine
1953 3010 2011 3060 et
2054 3006 2304 3061 moribus
2354 3008 2435 3061 sic
2482 3007 2567 3061 uti
2603 3024 2702 3077 po-

1547 3079 1677 3135 tuit.
1786 3078 1879 3132 Ad
1952 3077 1997 3131 si
2078 3076 2417 3133 ificationem
2482 3096 2536 3133 v.
2606 3078 2701 3132 ha·

1547 3150 1718 3207 bendi
1764 3149 1833 3205 ef.
1874 3150 1983 3204 Cic.
2068 3148 2165 3204 hil.
2203 3149 2275 3219 11,
2312 3152 2406 3205 32:
2484 3149 2701 3217 „Habe-

1550 3222 1651 3277 bat
1700 3222 1807 3277 hoc
1851 3220 2077 3275 omnino
2118 3221 2382 3289 Caesar;“
2438 3221 2703 3292 intellege

1550 3294 1657 3349 hoc
1701 3293 1891 3355 moris,
1948 3292 2391 3362 consuetudinis3
2446 3292 2552 3347 hoc
2600 3293 2700 3347 mi-

1550 3382 1709 3433 rum,
1766 3364 2065 3435 singulare.
2120 3392 2190 3404 —
2245 3364 2468 3433 Cacsar]
2537 3363 2701 3419 Octa·

1550 3438 1765 3492 vianus.
1793 3465 1858 3476 —
1876 3434 2089 3520 patris]
2126 3435 2183 3489 C.
2204 3434 2336 3490 Iulii
2361 3435 2628 3504 Caesaris,
2668 3454 2703 3491 a

1553 3524 1663 3577 quo
1693 3507 2028 3563 Octavianus
2056 3506 2353 3577 adoptatus
2378 3510 2519 3563 erat.
2542 3508 2699 3562 —·ab

1552 3579 1671 3650 ovo]
1702 3578 1919 3647 „Ovum
1943 3579 2171 3633 initium
2190 3595 2361 3633 cenae
2381 3584 2519 3640 erat,
2541 3579 2700 3650 quip-

1546 3650 2701 3791 {fig'ssffilffissfflssssssffffissfifflss

1902 3762 1917 3791 2

1547 3794 1607 3848 in
1641 3793 1894 3849 secundis
1930 3794 2135 3848 mensis
2170 3794 2385 3847 erant.“
2423 3792 2603 3849 Schol.
2632 3822 2699 3833 —

1546 3866 1615 3921 Io
1633 3864 1861 3935 Bacche]
1887 3862 2248 3935 significatur
2266 3865 2549 3920 cantilena
2572 3881 2699 3921 con·

1547 3937 1775 4006 vivalis,
1829 3937 1985 3991 cuius
2026 3937 2291 4006 strophae
2338 3937 2544 3991 iterato
2594 3936 2701 3991 hoc

1547 4026 1732 4076 versu,
1757 4012 1823 4063 ut
1858 4007 2104 4074 videtur,
2136 4008 2539 4065 claudebantur
2565 4008 2697 4075 (Re-

1546 4079 1737 4149 frain).
1810 4078 2097 4134 Posterior
2146 4080 2361 4149 syllaba
2394 4098 2447 4135 v.
2487 4080 2700 4133 Bacche

1547 4152 1607 4205 in
1646 4151 1758 4205 arsi
1793 4150 2072 4221 producta
2108 4156 2215 4219 est;
2256 4151 2405 4220 quod
2444 4150 2559 4205 noli
2596 4150 2699 4205 mi-

1545 4221 2314 4362 ξὶῗὲὲιέἑίζηξῖἳέἒέῗὲ
2345 4222 2701 4348 ἒῖἒῖωζθιὲ*

1547 4366 1693 4420 taret
1729 4366 1993 4434 pendent,
2018 4382 2089 4419 ex
2113 4366 2235 4434 ipsa
2268 4365 2549 4420 cantilena
2573 4382 2700 4419 con-

1550 4436 1717 4491 vivali
1752 4437 1815 4490 in
1846 4436 1995 4491 hunc
2029 4452 2253 4491 versum
2296 4441 2523 4507 recepta
2568 4441 2699 4492 sunt

1545 4512 1605 4562 et
1625 4508 1989 4563 cessationem
2014 4506 2292 4577 quandam
2316 4508 2469 4563 vocis
2488 4513 2618 4579 post
2640 4524 2699 4563 se

1545 4578 1815 4635 efficiunt.
1870 4578 2057 4648 Quare
2091 4578 2409 4651 exemplum
2443 4579 2699 4652 Hauptii,
