3092 5059
1560 210 1641 273 12

393 395 514 459 ris:
578 396 874 479 quoniam
924 396 997 461 id
1047 416 1198 461 usus
1248 395 1402 461 mihi
1456 401 1653 461 tecum
1698 416 1829 461 esse
1882 395 2068 473 volui,
2128 398 2187 461 si
2218 416 2343 477 per
2384 395 2802 461 valetudinem

393 510 569 570 tuam
605 506 749 586 fieri
780 506 1182 586 potuisset.““
1272 506 1356 571 Et
1395 525 1654 572 rursus:
1716 504 1919 584 „Tui
1974 506 2219 587 qualem
2275 506 2533 572 habeam
2574 526 2794 571 meino-

395 616 578 693 riam‚
613 616 858 697 poteris
913 636 990 679 ex
1034 614 1333 697 Septimio
1381 636 1617 699 quoque
1672 622 1887 681 nostro
1943 617 2198 695 audire3
2250 636 2398 681 nam
2448 614 2691 698 incidit,
2730 620 2802 679 ut

394 724 506 789 illo
551 745 762 791 coram
797 724 968 805 fierit
1009 746 1052 791 a
1092 746 1188 792 me
1229 727 1324 791 tui
1365 726 1611 791 mentia
1661 726 1877 809 Neque
1904 722 2073 791 enim
2110 728 2170 791 si
2196 732 2264 791 tu
2308 726 2611 807 superbus
2644 726 2798 791 ami-

393 835 609 901 citiam
661 839 942 898 nostram
995 836 1312 916 sprevisti,
1363 836 1502 901 ideo
1553 856 1669 901 nos
1718 856 1953 919 quoque
2004 826 2793 921 α’νθυπερφρονοῦμεν.““

398 942 540 1021 Quo
603 943 841 1009 factum
912 948 1028 1025 est,
1106 948 1176 1007 ut
1241 939 1639 1009 Octavianus
1714 962 1857 1008 cum
1924 942 2341 1008 Sex-monibus
2414 939 2798 1025 quibusdam

395 1052 583 1119 lectis
643 1054 740 1118 sui
795 1051 1035 1117 nullam
1090 1052 1480 1117 mentionem
1537 1052 1840 1117 iniectam
1894 1054 2305 1136 repperisset,
2350 1053 2449 1117 sic
2502 1070 2795 1133 querere-

395 1168 532 1227 tur:
583 1160 834 1241 „Irasci
872 1180 968 1225 me
1009 1161 1124 1225 tibi
1166 1162 1340 1243 scite,
1371 1162 1536 1243 quod
1566 1180 1695 1226 non
1740 1162 1807 1226 in
1835 1160 2158 1244 plerisque
2200 1161 2503 1227 eiusmodi
2548 1161 2801 1241 scriptis

396 1290 632 1337 meeum
660 1271 1064 1351 potissimum
1105 1270 1401 1353 loquaris.
1467 1270 1575 1335 An
1614 1272 1865 1356 vereris,
1908 1292 1987 1337 ne
2028 1273 2203 1353 apud
2238 1277 2525 1353 posteros
2564 1270 2801 1351 infame

405 1380 520 1445 tibi
561 1380 661 1461 sit,
707 1380 871 1461 quod
911 1380 1190 1445 videaris
1225 1380 1575 1463 familiaris
1614 1380 1795 1445 nobis
1835 1402 1963 1447 esse
1978 1382 2011 1446 P
2036 1384 2154 1459 ⁴⁰)“
2219 1380 2353 1447 Iam
2386 1381 2529 1464 quis
2558 1386 2658 1447 est
2687 1382 2795 1462 qui

401 1488 814 1555 blandiatur?
898 1491 1276 1573 Imperator,
1335 1491 1583 1574 opinor,
1634 1512 1763 1557 non
1808 1497 2023 1575 poeta3
2084 1497 2352 1573 uterque
2394 1497 2610 1556 tamen
2656 1490 2799 1573 pari

399 1596 638 1663 honore
704 1597 958 1681 dignus.
1045 1599 1129 1664 Et
1196 1606 1409 1665 tamen
1475 1598 1652 1683 apud
1705 1599 2043 1665 nonnullos
2105 1606 2281 1665 certe
2339 1606 2632 1683 posteros
2703 1597 2797 1663 in-

397 1706 567 1773 fame
633 1706 754 1773 fuit
813 1714 1062 1791 poetae,
1133 1706 1305 1789 quod
1369 1706 1741 1790 imperatori
1809 1708 1986 1772 visus
2052 1714 2151 1773 est
2220 1707 2565 1773 familiaris
2638 1727 2798 1774 esse.

397 1806 653 1900 Quippe
717 1816 971 1882 fuerunt
1031 1816 1291 1899 quidem
1359 1818 1471 1900 qui
1525 1818 1621 1882 sic
1672 1818 1954 1882 solerent
2016 1818 2324 1883 clamare:
2394 1818 2503 1899 qui
2568 1824 2797 1883 morta-

395 1926 522 1991 lem
589 1925 911 1991 hominem
985 1931 1048 1991 et
1125 1946 1266 1992 eum
1336 1926 1591 2009 quidem
1671 1925 1991 1992 hominem
2070 1927 2179 2009 qui
2246 1928 2543 2009 patriam,
2619 1927 2798 1993 cuius

395 2054 680 2101 amorem
751 2034 1055 2117 fingebat,
1126 2035 1427 2101 libertate
1499 2036 1896 2119 privaverat,
1968 2038 2135 2101 inter
2205 2034 2363 2101 deos
2438 2036 2674 2101 referre
2716 2038 2795 2115 ⁴¹)

397 2164 524 2210 non
593 2144 946 2223 dubitabat,
1013 2164 1158 2209 eum
1225 2151 1294 2211 tu
1358 2144 1757 2211 adulatorem
1820 2164 1948 2209 non
2012 2163 2156 2211 esse
2228 2142 2574 2211 defendis?
2658 2146 2797 2230 Ego

399 2274 554 2320 vero
603 2252 905 2321 defendo.
989 2251 1074 2318 Et
1129 2252 1402 2335 primum
1457 2270 1570 2316 cur
1614 2250 1957 2317 Caesarem
2014 2249 2401 2327 laudaverit,
2470 2252 2613 2336 ipse
2668 2254 2799 2319 non'

399 2364 664 2443 celavit3
729 2361 1030 2428 nimirum
1073 2361 1317 2427 Caesar
1360 2360 1499 2426 orbi
1546 2367 1859 2426 terrarum
1904 2380 2128 2445 pacem
2177 2359 2463 2427 reddidit
2487 2362 2597 2442 42);
2666 2367 2798 2427 tum

397 2472 568 2555 quod
611 2472 834 2538 divino
878 2471 1116 2536 honore
1161 2490 1304 2535 eum
1351 2468 1588 2551 affecit,
1636 2471 1702 2534 in
1748 2490 1823 2537 eo
1867 2470 2002 2535 noli
2046 2470 2365 2548 oblivisci,
2398 2472 2564 2537 alios
2593 2470 2795 2537 fuisse

395 2584 696 2665 antiquos
764 2600 990 2659 mores,
1057 2580 1224 2646 alios
1298 2598 1441 2645 esse
1509 2585 1781 2645 nostros.
1892 2579 2195 2661 Antiquis
2273 2580 2493 2645 omnia
2564 2600 2800 2664 magna

398 2699 461 2757 et
513 2692 850 2776 praeclara
905 2710 985 2755 ex
1045 2689 1210 2773 ipsis
1269 2688 1402 2754 diis
1453 2689 1546 2753 ita
1589 2688 1769 2753 nasci
1812 2687 2215 2771 videbantur,
2263 2694 2331 2754 ut
2374 2689 2653 2755 medium
2698 2690 2797 2755 ni·

395 2801 491 2867 hil
552 2800 995 2878 intercederet,
1063 2816 1272 2902 neque
1339 2804 1478 2863 erat
1533 2796 1857 2863 insolitum
1916 2804 1985 2862 ut
2037 2799 2205 2863 vivis
2259 2799 2456 2864 etiam
2520 2798 2792 2865 homini-

395 2912 514 2977 bus
582 2911 742 2976 bene
806 2909 888 2975 de
941 2906 1273 2993 republica
1332 2906 1581 2972 meritis
1646 2926 1799 2972 arae
1858 2914 2268 2991 ponerentur3
2334 2907 2507 2990 quod
2555 2908 2793 2974 factum

399 3022 633 3086 scimus
699 3019 773 3085 T.
829 3017 1128 3097 Quinctio
1185 3016 1546 3082 Flaminino
1580 3015 1662 3099 ⁴³)
1716 3016 1886 3100 apud
1944 3017 2226 3084 Graecos
2292 3037 2348 3081 a.
2412 3018 2535 3083 556
2604 3038 2662 3083 u.
2724 3038 2799 3099 c.,

399 3130 550 3197 aliis
600 3148 728 3195 non
773 3128 1016 3213 paucis.
1104 3126 1235 3193 Sed
1283 3124 1445 3192 haec
1489 3125 1826 3208 hactenus3
1886 3132 2229 3209 antequam
2272 3132 2487 3192 tamen
2530 3126 2616 3191 ad
2662 3128 2796 3193 alia

397 3259 680 3322 pergam,
729 3259 856 3303 non
919 3256 1179 3322 possum
1235 3236 1468 3318 facere,
1529 3236 1685 3318 quin
1737 3236 1963 3319 paucis
2023 3256 2335 3319 moneam,
2394 3238 2617 3318 quanti
2669 3236 2799 3301 Ho-

398 3348 600 3415 ratius
665 3368 742 3413 eo
809 3348 1003 3413 etiam
1068 3357 1372 3428 tempore,
1442 3363 1570 3426 quo
1621 3344 2016 3411 Maecenatis
2074 3353 2138 3411 et
2192 3344 2534 3412 Octaviani
2587 3347 2801 3429 gratia

397 3458 669 3539 floreret,
732 3458 997 3523 Brutum
1064 3462 1128 3521 et
1184 3454 1348 3520 alios
1403 3474 1561 3537 quos
1618 3454 1769 3520 olim
1827 3456 2039 3521 socios
2106 3454 2440 3521 habuisset
2494 3456 2795 3521 aestima-

399 3568 592 3643 verit;
649 3586 838 3649 quam
891 3586 1018 3631 non
1075 3565 1161 3630 sit
1211 3566 1454 3631 veritus
1511 3567 1767 3632 illorum
1815 3573 2167 3651 temporum
2228 3566 2616 3647 meminisse,
2659 3564 2798 3647 qui-

399 3677 516 3743 bus
561 3682 783 3742 contra
829 3674 1250 3741 Octavianum
1297 3681 1614 3759 pugnaret
1637 3680 1735 3757 ⁴⁴),
1789 3684 1854 3742 et
1906 3676 1999 3742 ita
2042 3676 2415 3741 memoriam
2470 3683 2535 3740 et
2578 3673 2797 3739 odium

473 3908 566 3977 40)
603 3906 813 3962 Tamen
852 3910 942 3962 An
983 3908 1097 3963 usti
1133 3908 1284 3963 iussu
1319 3926 1371 3962 a.
1407 3926 1462 3962 u.
1501 3924 1545 3963 c.
1720 3907 1814 3979 42)
1850 3908 2030 3962 Carm.
2068 3906 2167 3976 111,
2208 3911 2290 3976 14,
2330 3908 2554 3962 13-16.
2596 3908 2665 3962 cf.
2699 3907 2799 3976 ΙΙΙ,

405 3981 510 4032 737
535 3998 758 4035 carmen
783 3996 944 4035 saecu
969 3998 1064 4035 are
1093 3980 1164 4035 ad
1187 3980 1546 4035 celebrandos
1650 3981 1735 4047 24,
1776 3982 2007 4035 25-30,
2077 3980 2169 4049 IV,
2208 3982 2258 4047 ὅ,
2300 3980 2367 4032 17
2403 3997 2523 4048 sqq.
2581 3979 2675 4047 lv,
2714 3982 2801 4045 14,

401 4053 560 4105 ludos
611 4052 914 4107 saeculares
971 4052 1300 4121 composuit,
1345 4052 1549 4105 deinde
1604 4042 1718 4105 ’37
1752 4069 1870 4121 sqq.
1906 4050 1997 4119 IV,
2039 4053 2124 4113 15,
2165 4054 2197 4104 4
2228 4069 2345 4120 sqq.
2390 4054 2453 4104 17
2484 4068 2603 4119 sqq.
2648 4051 2704 4105 G.
2744 4051 2796 4105 S.

401 4123 595 4177 eodem
647 4128 882 4193 rogante
927 4129 1190 4193 quartum
1227 4124 1550 4178 Carminum
1652 4126 1718 4177 57
1744 4140 1862 4191 sqq.

401 4195 608 4248 librum
641 4196 1021 4263 superioribus
1044 4196 1324 4250 addidisse
1353 4194 1550 4248 fertur.
1722 4194 1815 4263 43)
1853 4194 1999 4247 Plut.
2035 4194 2272 4248 Flamin.
2316 4196 2399 4249 16.

400 4265 490 4320 Sic
528 4266 763 4336 legimus
802 4268 859 4320 in
901 4266 1093 4321 eadem
1129 4268 1265 4321 vita.
1722 4264 1818 4335 44)
1858 4266 2035 4319 Carm.
2073 4266 2145 4333 H,
2183 4267 2233 4333 7,
2275 4269 2321 4319 1.
2364 4267 2446 4320 11.
2488 4264 2559 4329 11,
2591 4266 2637 4329 1,
2663 4268 2695 4317 3
2716 4282 2797 4333 sq.

473 4337 566 4407 41)
623 4338 803 4391 Carm.
862 4337 905 4405 1,
955 4340 1007 4406 2,
1064 4338 1294 4391 45-62.
1368 4337 1414 4399 1,
1466 4339 1551 4403 12,
1652 4338 1738 4391 24.
1814 4337 1993 4405 Epist.
2042 4336 2110 4398 11,
2148 4338 2200 4405 2,
2238 4337 2323 4391 48.
2401 4337 2579 4393 Carm.
2625 4336 2668 4405 Ι,
2714 4338 2799 4403 12,

402 4409 632 4463 49—52.
666 4408 766 4477 111,
807 4412 857 4477 3,
902 4413 961 4462 11
982 4426 1062 4478 sq.
1101 4408 1198 4477 111,
1243 4412 1296 4476 4,
1339 4410 1408 4461 37
1428 4425 1549 4477 sqq.
1654 4412 1722 4462 35
1746 4426 1864 4480 sqq.

402 4479 503 4548 ΙΙΙ,
538 4482 624 4541 25,
664 4482 821 4533 4-7.
867 4479 961 4547 IV,
997 4482 1050 4545 2,
1091 4481 1318 4533 37—40.
1366 4478 1462 4547 IV,
1501 4482 1553 4549 5,

404 4554 632 4606 33—36.
669 4551 770 4617 ΙΙΙ,
807 4554 857 4620 5,
893 4553 942 4605 2.
