3092 5059
989 238 1151 306 LIB.
1198 235 1249 305 1.
1294 236 1563 305 EPIST.
1607 237 1784 306 VIII.

2483 241 2602 306 531

315 430 394 508 Si
434 439 749 529 quaeret
774 427 961 528 quid
1000 453 1250 528 agam,
1293 429 1417 505 dic
1456 428 1702 504 multa
1729 441 1804 504 et
1838 427 2166 527 pulchra
2193 429 2610 504 minantem

319 555 607 630 Vivere
656 578 800 629 nec
848 567 1060 630 recte
1111 579 1255 628 nee
1304 555 1677 630 suaviter:
1731 552 1937 628 haud
1995 553 2177 652 quia
2226 553 2521 650 grando

256 713 281 754 ο
317 677 779 755 Contuderit
823 680 1015 754 vites
1070 678 1476 779 oleamque
1532 678 2039 754 momorderit
2089 690 2359 773 aestus,

312 803 475 880 Nec
527 804 710 903 quia
756 802 1205 902 longinquis
1259 816 1692 878 armentum
1741 814 2088 900 aegrotet
2137 804 2215 879 in
2269 806 2498 902 agris,

316 925 469 1004 Sed
518 927 699 1027 quia
750 939 1007 1003 mente
1058 928 1314 1002 minus
1359 926 1661 1002 validus
1717 952 1946 1026 quam
2004 954 2328 1024 corpore
2372 942 2534 1004 toto

310 1051 438 1129 Nil
490 1053 761 1129 audire
810 1053 1067 1149 velim,
1114 1053 1225 1128 nil
1280 1052 1575 1128 discere
1629 1053 1838 1152 quod
1891 1052 2098 1128 levet
2149 1079 2496 1152 aegrum,

308 1177 523 1254 Fidis
570 1178 923 1254 offendar
972 1178 1315 1269 medicis,
1368 1179 1654 1253 irascar
1703 1179 1992 1274 amicis,

234 1339 283 1376 ιο
320 1301 479 1379 Cur
528 1327 653 1378 me
706 1304 1012 1378 funesto
1068 1316 1486 1404 properent
1536 1327 1804 1378 arcere
1853 1316 2190 1398 vetern0‚

312 1429 531 1522 Quae
580 1453 913 1504 nocuere
965 1453 1263 1526 sequar,
1317 1427 1617 1524 fugiam
1671 1451 1868 1526 quae
1922 1428 2240 1525 profore
2277 1427 2607 1521 credam,

309 1555 599 1628 Romae
651 1552 897 1628 Tibur
944 1577 1197 1627 amem
1251 1566 1634 1646 ventosus,
1690 1551 1979 1627 Tibure
2029 1553 2376 1628 Romam.

310 1678 496 1753 Post
544 1677 758 1772 haee,
813 1690 897 1752 ut
946 1676 1217 1773 valeat,
1274 1701 1425 1775 quo
1473 1688 1696 1773 pacto
1750 1701 1916 1752 rem
1970 1690 2188 1774 gerat
2237 1690 2316 1753 et
2363 1705 2466 1773 se,

306 1801 418 1878 Ut
463 1802 767 1898 placeat
816 1801 1079 1876 iuveni
1124 1814 1585 1897 percontare
1637 1813 1873 1900 utque
1925 1801 2244 1876 eohorti.

236 1958 284 1998 ιε
322 1925 405 2003 Si
461 1926 663 2003 dicet
718 1924 1071 2022 „Recte‚“
1124 1926 1457 2026 primum
1514 1926 1876 2024 gaudere,
1929 1927 2254 2004 subinde

209 2167 393 2206 amieo

210 2227 269 2277 et
304 2227 508 2292 parata
546 2222 619 2277 ad
651 2223 891 2278 honores
926 2223 1038 2278 via.
1077 2222 1199 2290 Quo
1234 2239 1362 2278 con-

208 2295 337 2349 silio
403 2293 643 2349 scienter
716 2294 987 2350 describit
1046 2295 1220 2348 animi
1278 2295 1365 2348 sui

208 2371 563 2436 praesentem
623 2370 835 2420 statum
903 2370 963 2420 et
1032 2366 1365 2420 adhortatur

208 2437 455 2492 amicum
494 2455 563 2492 ne
599 2438 775 2492 nimia
811 2437 1127 2492 futurarum
1176 2455 1365 2492 rerum

208 2509 629 2580 exspectatione
668 2509 847 2564 elatus
878 2509 1052 2564 animi
1078 2510 1363 2564 continen-

208 2582 353 2636 tiam
389 2581 606 2650 perdat.
668 2581 735 2635 In
772 2597 885 2650 qua
926 2597 989 2634 re
1023 2586 1088 2635 tu
1126 2581 1242 2636 noli
1276 2599 1363 2634 re·

207 2653 641 2721 prehensionem
686 2653 929 2720 odorari,
976 2653 1137 2720 quasi
1174 2652 1363 2707 Celsus

208 2725 502 2794 insperata
535 2742 636 2778 sua
683 2723 912 2779 fortuna
962 2724 1189 2779 inflatus
1226 2725 1363 2779 ami·

208 2813 301 2850 cos
338 2813 470 2850 suos
504 2795 746 2865 superbe
786 2801 843 2850 et
878 2801 1211 2866 arroganter
1246 2801 1362 2850 tra·

205 2869 413 2936 ctarit,
484 2884 611 2922 eum
683 2867 873 2921 videas
934 2885 1101 2936 quam
1161 2869 1365 2922 leniter

205 2945 381 3008 poeta
418 2939 659 2994 amicum
694 2939 1047 2993 admonuerit
1073 2943 1205 3008 post
1228 2939 1363 2993 libe-

206 3027 331 3064 ram
380 3009 537 3064 illam
575 3027 643 3065 ac
686 3011 1020 3065 familiarem
1060 3011 1363 3082 aegritudi-

204 3081 293 3136 nis
331 3097 467 3136 suae
506 3081 937 3151 descriptionem
962 3081 1361 3138 dulcissimam-

206 3170 319 3222 que
356 3153 429 3206 de
464 3153 646 3207 salute
686 3155 804 3208 eius
842 3154 1117 3222 rebusque
1154 3171 1361 3208 curam.

208 3223 441 3279 Horatii
504 3229 691 3279 autem
764 3226 1174 3296 aegritudinem
1242 3243 1361 3280 eam

206 3313 329 3350 esse
376 3296 571 3350 docuit
626 3296 907 3350 Iacobsius
944 3296 1123 3365 (Lect.
1160 3297 1363 3352 Venus.

206 3383 264 3436 p.
290 3369 445 3436 336),
483 3385 593 3436 qua
628 3385 793 3437 saepe
832 3372 1079 3423 tentatos
1111 3369 1364 3423 videmus

205 3439 723 3508 praestantissimos
784 3456 1033 3508 quosque
1097 3439 1364 3502 homines,

204 3511 547 3580 praesertim
604 3510 845 3566 artifices
860 3550 875 3579 ,
946 3513 1043 3580 qui
1110 3527 1234 3566 cum
1294 3511 1365 3566 ad

206 3599 335 3636 eam
351 3621 367 3650 ,
434 3599 601 3650 quam
662 3583 845 3637 animo
908 3588 965 3637 et
1024 3583 1367 3654 cogitatione

206 3655 319 3708 sibi
361 3654 747 3722 formaverint,
784 3655 923 3709 artis
958 3673 1091 3709 suae
1125 3655 1367 3725 speciem

208 3732 268 3780 et
328 3726 778 3795 magnitudinem
850 3727 1147 3795 pervenire
1205 3743 1367 3797 posse

206 3797 321 3851 sibi
364 3813 477 3851 non
512 3797 812 3852 videantur
836 3799 1191 3868 severiusque
1216 3799 1287 3852 de
1309 3815 1367 3852 se

208 3869 441 3938 suisque
490 3869 693 3923 studiis
738 3869 849 3939 ipsi
898 3869 1148 3925 iudicent
1198 3887 1367 3939 quam

207 3940 329 4007 alii,
379 3957 491 3994 non
534 3957 665 3996 raro
714 3959 869 4010 spem
914 3943 1199 4011 deponant
1248 3942 1365 3996 ani-

206 4027 482 4080 mumque
518 4013 757 4068 tristitia
794 4014 1035 4084 quadam
1072 4013 1235 4068 obrui
1270 4031 1365 4083 pa·

204 4084 448 4138 tiantur.
520 4083 693 4151 Quem
740 4085 913 4139 animi
960 4087 1217 4140 morbum
1268 4085 1367 4139 alii

206 4171 397 4224 neque
432 4155 771 4226 intellegunt
796 4173 977 4226 neque
1004 4161 1241 4227 possunt
1270 4161 1369 4212 aut

205 4227 687 4281 consolationibus
726 4233 825 4282 aut
849 4229 1095 4284 consiliis
1138 4245 1367 4296 sanare3

204 4298 483 4352 nimirum
546 4299 645 4367 qui
687 4299 771 4353 ita
814 4300 1075 4354 laborant
1126 4299 1370 4355 alienam

206 4368 548 4425 medicinam
608 4375 933 4439 spernentes
1002 4376 1060 4426 et
1122 4370 1369 4425 remedia

206 4457 279 4494 ex
323 4441 509 4495 animo
556 4447 885 4510 quaerentes
924 4443 1183 4496 morbum
1218 4443 1368 4498 alere

206 4510 398 4581 magis
434 4529 603 4580 quam
640 4531 837 4569 curare
872 4515 1152 4568 videntur.
1223 4513 1368 4568 Scri·

204 4587 315 4654 pta
352 4583 577 4640 videtur
610 4587 851 4655 epistula
886 4603 933 4640 a.
970 4603 1021 4640 u.
1060 4603 1106 4640 c.
1144 4587 1264 4640 ⁷34.

444 2150 769 2222 gratulatur
815 2151 885 2206 de
938 2167 1087 2205 novo
1132 2167 1363 2206 munere

1528 2149 1596 2206 V.
1638 2154 1685 2206 1.
1741 2151 1981 2221 gaudere
2024 2156 2078 2206 et
2109 2151 2235 2206 bene
2267 2167 2377 2206 rem
2409 2149 2610 2221 ματη]

1458 2221 1612 2277 Bene
1665 2228 2024 2292 comparatur
2063 2223 2402 2277 Graecorum
2464 2222 2610 2277 salu-

1458 2295 1618 2348 tandi
1666 2295 1812 2349 ratio
1847 2301 2063 2366 χαίρειν
2103 2299 2194 2346 καὶ
2242 2285 2302 2347 εὖ
2341 2290 2612 2361 πράττειν.

1460 2393 1525 2406 -
1551 2365 1774 2436 roqata]
1813 2384 1845 2420 a
1871 2365 2046 2421 Celso.
2085 2365 2390 2420 Lambinus
2429 2365 2612 2419 minus

1458 2443 1640 2492 recte:
1702 2455 1771 2507 „o
1811 2455 1989 2506 musa,
2027 2456 2060 2492 a
2095 2455 2186 2492 me
2225 2441 2426 2507 rogata
2462 2435 2613 2491 refer

1457 2510 1494 2563 i.
1522 2526 1568 2564 e.
1608 2511 1873 2564 renuntia
1903 2509 2141 2564 salutem
2176 2509 2351 2576 Cels0,
2389 2509 2488 2576 qui
2523 2525 2614 2562 me

1496 2582 1616 2636 rior
1651 2583 1866 2636 salvere
1913 2581 2129 2636 iussit.“
2178 2609 2244 2620 —-
2289 2579 2608 2649 minantem]

1513 2671 1582 2707 oe
1638 2654 1872 2708 verbum
1932 2671 2058 2708 cum
2120 2651 2170 2706 h.
2227 2653 2266 2705 1.
2325 2650 2476 2706 idem
2539 2651 2614 2704 sit

1458 2723 1611 2793 quod
1655 2725 1918 2795 polliceri,
1973 2743 2073 2779 sua
2119 2729 2326 2778 natura
2369 2723 2614 2777 medium

1458 2813 1576 2851 esse
1639 2801 1828 2866 patet;
1903 2801 1988 2850 est
2049 2796 2196 2850 enim
2257 2794 2404 2849 idem
2462 2794 2615 2863 quod

1454 2883 1594 2937 prae
1626 2884 1683 2924 se
1715 2869 1875 2935 ferre.
1933 2867 2004 2924 cf.
2043 2867 2155 2922 Sat.
2196 2866 2268 2936 11,
2307 2869 2357 2928 3,
2394 2868 2446 2919 9.
2511 2866 2616 2919 Illa

1458 2945 1646 2994 autem
1688 2939 1920 3008 pulchra
1967 2955 2080 2993 non
2130 2936 2435 2992 coercenda
2485 2941 2616 2991 sunt

1457 3011 1641 3081 poesis
1688 3009 1892 3065 finibus
1937 3011 2036 3065 sed
2084 3007 2492 3081 intellegendus
2529 3013 2616 3063 est

1458 3085 1614 3136 totus
1652 3083 1825 3136 animi
1875 3083 2077 3137 cultus.
2108 3111 2169 3121 —-
2199 3079 2458 3149 suaviter]
2497 3080 2615 3134 Sat.

1459 3154 1505 3222 I,
1543 3158 1600 3216 9,
1640 3155 1688 3207 8.
1726 3183 1793 3192 -
1831 3153 1914 3207 nil
1947 3152 2170 3222 audire]
2221 3152 2292 3206 cf.
2338 3153 2518 3221 Epist.
2569 3151 2614 3214 1,

1464 3228 1509 3289 1,
1540 3227 1626 3279 48.
1673 3253 1741 3266 ·-
1779 3241 1882 3280 cur
1916 3223 2018 3294 me]
2064 3224 2194 3278 vide
2238 3222 2310 3278 ad
2347 3223 2529 3278 Carm.
2570 3222 2616 3291 1,

1460 3299 1546 3364 83,
1595 3299 1646 3350 8.
1703 3325 1771 3337 --
1825 3296 2065 3366 werno]
2118 3302 2204 3351 est
2249 3302 2449 3366 torpor
2493 3297 2614 3364 qui-

1458 3369 1586 3422 dam
1652 3369 1842 3436 animi,
1899 3373 2055 3422 ortus
2107 3368 2206 3422 ille
2261 3367 2490 3436 quidem
2545 3384 2616 3420 ex

1460 3440 1699 3494 tristitia
1724 3439 1966 3509 quadam
1999 3444 2058 3493 et
2084 3437 2401 3494 diffidentia
2427 3455 2616 3492 rerum

1458 3515 1517 3565 et
1532 3512 1740 3565 virium
1763 3515 2099 3565 nostrarum.
2125 3511 2201 3564 cf.
2223 3509 2387 3581 Verg.
2412 3510 2612 3579 Georg.

1460 3582 1503 3650 1,
1550 3587 1666 3636 124.
1719 3581 1975 3637 Lambin.
2017 3587 2136 3650 „est
2169 3581 2400 3651 proprie
2437 3586 2614 3635 veter—

1460 3671 1564 3708 nus
1599 3654 1844 3720 morbus,
1885 3671 1995 3722 quo
2050 3654 2176 3722 quis
2217 3654 2394 3708 somni
2431 3669 2616 3706 neces·

1459 3727 1629 3780 sitate
1683 3755 1747 3766 —
1797 3732 1864 3779 ut
1909 3727 1990 3780 ita
2024 3724 2210 3779 dicam
2244 3755 2311 3764 —
2351 3725 2612 3778 adaman-

1460 3799 1585 3852 tina
1624 3802 1876 3868 urgetur,
1923 3799 2172 3851 omnium
2209 3796 2614 3866 propemodum

1458 3885 1649 3923 rerum
1686 3869 1946 3924 oblitus.“
1970 3897 2036 3908 —-
2069 3867 2259 3937 Tibur]
2289 3867 2337 3921 Ε
2380 3868 2468 3921 ist.
2497 3868 2538 3934 1,
2564 3868 2617 3934 7,

1462 3944 1547 3996 45.
1589 3940 1700 3995 Sat.
1722 3941 1793 4003 ΙΙ.
1815 3943 1868 4008 7,
1895 3943 1980 3995 28.
2018 3940 2144 3994 Non
2167 3939 2302 3994 satis
2369 3939 2504 3993 rmis
2529 3955 2614 3992 ar·

1462 4013 1742 4084 gumentis
1791 4013 1877 4067 nsi
1923 4017 2052 4066 sunt
2089 4012 2186 4080 qui
2233 4015 2460 4080 praeter
2517 4008 2615 4063 Sa·

1462 4085 1651 4138 binam
1691 4084 1882 4139 villam
1921 4084 2092 4138 etiam
2119 4081 2474 4136 Tiburtinam
2507 4080 2616 4135 Ho-

1462 4157 1612 4210 ratio
1649 4155 1818 4210 fuisse
1867 4155 2256 4210 adfirmarunt.
2331 4153 2619 4208 Summum

1464 4228 1616 4296 quod
1651 4229 1828 4297 possis
1880 4226 2182 4281 concedere
2227 4225 2335 4280 hoc
2385 4229 2485 4286 est,
2523 4225 2619 4278 ha-

1463 4299 1650 4354 buisse
1713 4299 2010 4353 Horatium
2071 4297 2450 4352 deversorium
2520 4297 2616 4350 ali·

1464 4371 1616 4439 quod
1687 4370 1924 4438 Tibure3
2001 4385 2321 4438 quanquam
2383 4384 2453 4422 ne
2513 4368 2620 4421 hoc

1464 4443 1692 4512 quidem
1741 4446 1956 4496 certum
2007 4445 2108 4495 est.
2202 4439 2312 4494 Cio.
2352 4439 2424 4494 ad
2463 4438 2620 4492 Fam.

1462 4513 1586 4582 VH,
1617 4515 1684 4566 23
1724 4515 1855 4568 circ.
1891 4512 2064 4567 med:
2107 4511 2435 4582 „Libentius
2475 4528 2617 4565 eme-

1463 4587 1572 4640 rim
1597 4585 1978 4641 deversorium
2000 4583 2358 4652 Tarracinae,
2385 4601 2456 4638 ne
2481 4599 2618 4638 sem-
