3092 5059
451 224 578 291 446

1404 224 1904 298 SATIRARUM

558 415 768 511 Ergo
819 417 1219 494 consulere
1263 430 1340 495 et
1385 444 1573 494 mox
1628 420 2101 521 respondere
2148 420 2457 497 licebit?

555 537 1048 639 ‚,Consule.“·
1117 541 1278 619 Cur
1327 543 1555 641 Aiax,
1610 545 1838 620 heros
1888 545 1986 621 ab
2041 544 2351 623 Achille
2400 543 2815 635 secundus,

555 667 910 763 Putescit,
955 668 1235 743 totiens
1281 670 1604 777 servatis
1660 669 1911 747 clarus
1963 669 2304 767 Achivis,

457 826 531 867 ιιι
557 793 915 873 Gaudeat
967 806 1050 867 ut
1091 794 1425 894 populus
1476 794 1771 871 Priami
1824 796 2330 897 Priamusque
2378 795 2805 890 inhumato,

555 920 708 996 Per
756 944 989 1019 quem
1039 930 1158 994 tot
1207 919 1526 996 iuvenes
1578 922 1830 1018 patrio
1886 946 2201 998 caruere
2254 920 2658 1017 sepulcro?

556 1043 826 1142 „Mille
873 1043 1130 1118 ovium
1189 1042 1503 1119 insanus
1554 1046 1787 1120 morti
1842 1046 2080 1143 dedit,
2132 1045 2487 1121 inclitum
2536 1042 2835 1120 Ulixen

551 1170 648 1245 Et
697 1168 1136 1245 Menelaum
1183 1196 1339 1245 una
1388 1196 1692 1247 mecum
1744 1198 1826 1247 se
1870 1172 2228 1248 occidere
2278 1168 2693 1247 clamans.“

555 1295 674 1371 Tu
723 1320 900 1370 cum
953 1319 1098 1392 pro
1152 1293 1396 1369 vitula
1447 1296 1716 1371 statuis
1770 1296 2077 1373 dulcem
2132 1296 2423 1378 Aulide
2472 1309 2734 1373 natam

451 1452 530 1494 noo
552 1420 760 1497 Ante
807 1444 982 1495 aras
1031 1420 1492 1518 spargisque
1543 1422 1757 1506 mola
1806 1436 2059 1521 caput,
2110 1422 2486 1525 improbe,
2542 1422 2769 1515 salsa,

553 1548 878 1622 Rectum
894 1545 1136 1619 animi
1149 1544 1988 1641 servas?„Quorsum?“
2000 1547 2325 1625 Insanus
2339 1548 2527 1648 quid
2538 1548 2745 1623 enim
2762 1547 2969 1623 Aiax

552 1671 789 1766 Fecit,
842 1696 1018 1747 cum
1067 1672 1339 1746 stravit
1388 1669 1598 1745 ferro
1645 1675 1933 1768 pecus?
2039 1672 2436 1749 Abstinuit
2486 1673 2645 1749 vim

553 1796 812 1874 Uxore
861 1807 940 1873 et
982 1807 1255 1893 gnato:
1303 1794 1510 1871 mala
1560 1795 1807 1873 multa
1856 1811 2206 1896 precatus
2261 1796 2581 1895 Atridis,

555 1922 730 1997 Non
773 1920 908 1997 ille
957 1931 1090 1996 aut
1132 1920 1514 1997 Teucrum
1567 1935 1698 1998 aut
1742 1923 2000 2021 ipsum
2050 1922 2371 2000 violavit
2421 1923 2729 2001 Ulixen.

451 2076 529 2120 ιω
557 2046 902 2144 „Verum
955 2070 1126 2143 ege,
1177 2058 1266 2122 ut
1312 2046 1717 2123 haerentes
1770 2046 2095 2125 adverso
2146 2048 2373 2125 litore
2420 2074 2655 2127 naves

555 2170 978 2271 Eriperem‚
1033 2170 1376 2269 prudens
1429 2171 1734 2271 placavi
1784 2175 2160 2272 sanguine
2216 2171 2513 2249 divos.“

553 2298 854 2397 Nempe
903 2308 1063 2392 tue,
1115 2296 1429 2375 furiose.

457 2602 525 2611 —
560 2570 832 2640 reducere]
879 2568 972 2624 Sic
1017 2586 1207 2625 omnes
1243 2586 1420 2641 prope
1457 2569 1608 2625 codi—

456 2660 564 2709 ces,
601 2660 738 2711 quos
775 2642 948 2696 etiam
980 2641 1210 2697 Holder.
1247 2647 1470 2699 secutus
1507 2648 1609 2698 est.

456 2714 594 2783 Alii,
647 2719 713 2767 ut
767 2713 994 2783 Haupt„
1049 2712 1309 2783 Meinek.,
1363 2712 1612 2778 Linker„

457 2786 732 2854 Mueller.,
766 2784 958 2839 Lehrs.
997 2786 1317 2840 maluerunt
1353 2784 1611 2840 deducere

457 2859 495 2911 i.
533 2876 579 2912 e.
619 2857 844 2911 domum
884 2856 1101 2911 ducere.
1187 2856 1461 2912 Reducem
1497 2874 1612 2911 una

456 2934 679 2983 tantum
727 2928 922 2983 littera
977 2928 1014 2982 d
1069 2927 1424 2983 scribendum
1473 2944 1608 2992 esse,

457 3002 629 3056 etiam
678 3000 778 3054 ubi
821 2999 1168 3069 producatur
1222 3000 1454 3069 syllaba,
1513 3000 1609 3055 do-

458 3072 576 3129 cuit
611 3071 1030 3127 Brambachius.
1069 3071 1143 3125 cf.
1182 3071 1332 3125 infra
1357 3074 1485 3140 2943
1523 3076 1611 3125 ta·

458 3162 589 3199 men
623 3142 908 3198 redducere
945 3142 1171 3198 Holder.
1198 3142 1462 3207 Fritsch„
1497 3159 1611 3197 non

456 3216 698 3286 Kriiger.
737 3218 838 3269 aut
871 3214 1155 3269 Eckstein.
1180 3244 1248 3255 -
1275 3215 1342 3269 ab
1378 3214 1612 3284 Achille]

458 3288 622 3342 Hom.
659 3288 724 3341 11.
762 3286 836 3355 11,
873 3286 994 3341 766.
1033 3286 1144 3339 Ver
1185 3326 1198 3340 .
1228 3284 1418 3341 Bucol.
1446 3288 1498 3355 5,
1523 3288 1610 3340 49.

458 3388 525 3401 —
568 3356 811 3427 Priami]
847 3358 1012 3413 Hom.
1051 3358 1116 3411 11.
1186 3396 1198 3419 ‚
1235 3360 1358 3412 255.
1379 3388 1444 3399 -
1467 3358 1613 3413 mille

455 3431 654 3500 ovium]
719 3430 1054 3484 Genetivum
1117 3430 1427 3500 intelleges,
1483 3446 1611 3483 cum

457 3502 601 3557 „ville
655 3501 1066 3555 substantivum
1127 3518 1350 3570 quoque
1407 3518 1612 3555 nomen

458 3590 576 3628 esse
623 3573 967 3639 memineris3
1023 3572 1135 3627 alia
1189 3573 1444 3643 exempla
1497 3590 1613 3627 non

458 3645 544 3700 ita
577 3662 710 3699 rara
748 3650 900 3699 sunt:
943 3645 1052 3699 Cic.
1078 3644 1200 3698 Mil.
1221 3644 1308 3713 20,
1335 3648 1422 3699 53.
1448 3643 1610 3698 Corn.

457 3716 596 3787 Nep.
623 3717 753 3771 Dat.
779 3718 830 3785 8,
859 3718 907 3771 3.
945 3716 1384 3787 Agamemnonis
1415 3715 1476 3770 hi
1499 3716 1611 3771 duo

457 3806 648 3843 versus
697 3793 844 3843 sunt.
889 3816 956 3829 -·
994 3788 1264 3859 clamans]
1315 3788 1612 3855 minitans3

459 3860 714 3914 consulto
751 3859 860 3913 hoc
907 3859 1142 3914 verbum
1179 3860 1238 3914 in
1271 3859 1384 3915 fine
1418 3876 1613 3915 versus

457 3932 720 4002 positum,
765 3948 875 3999 quo
911 3932 1116 3985 clarius
1162 3933 1380 3987 eluceat
1417 3931 1611 3987 discri-

457 4020 587 4058 men
625 4003 774 4057 intcr
810 4004 1245 4086 Agamemnonis
1296 4003 1510 4058 factum
1554 4008 1614 4059 et

457 4074 665 4130 Aiacis.
705 4076 906 4159 Apud
953 4074 1391 4147 Eurip.1phig.
1442 4074 1611 4129 Taur.

461 4150 592 4201 859.
630 4166 730 4229 „ov
773 4146 856 4216 (in
880 4146 1108 4207 Aulide)
1131 4166 1175 4217 μ
1181 4146 1611 4231 ’(lpbigeniam)

459 4215 590 4278 ὥςτε
630 4186 872 4289 μόσχον
924 4216 1201 4271 Δαναΐδαι
1250 4234 1615 4289 χειρουμενον

459 4290 758 4362 ἔσφαζον(
795 4318 866 4328 —-
904 4295 1110 4345 rectum
1154 4289 1352 4359 animi]
1401 4294 1612 4344 rectam

459 4366 724 4429 mentem,
742 4358 805 4414 τὸ
829 4356 1023 4430 ὀρθόν.
1052 4390 1118 4401 ·-—
1145 4361 1420 4431 quorsum]
1447 4378 1611 4430 quor·

460 4450 584 4486 sum
625 4433 763 4486 haec
797 4436 1070 4501 spectant,
1105 4433 1290 4500 inquit
1315 4434 1611 4503 Agamem·

459 4521 552 4557 no.
590 4503 818 4557 Holder.
853 4520 980 4557 cum
1015 4502 1229 4557 Botheo
1255 4518 1478 4559 curem
1501 4506 1612 4572 (re-

461 4578 614 4629 ctum
651 4574 824 4627 animi
860 4574 1106 4644 cursum)
1131 4580 1326 4631 contra
1349 4576 1509 4631 codd.
1541 4604 1608 4617 -—

1538 2299 1786 2395 „Meo,
1840 2299 1979 2375 sed
2028 2324 2187 2375 non
2233 2297 2646 2376 furiosus.“

1699 2570 1889 2642 uxore]
1928 2568 2248 2643 Tecmessa3
2282 2572 2433 2628 filius
2469 2572 2581 2628 fuit
2618 2574 2871 2644 Eurysa-

1700 2660 1807 2699 ces.
1830 2672 1895 2682 -
1916 2644 2095 2712 ips-um
2134 2644 2358 2715 Ulixen]
2380 2645 2472 2701 cui
2498 2646 2591 2701 vel
2622 2648 2873 2704 maxime

1702 2714 2057 2770 irasceretur.

1776 2785 1839 2840 V.
1868 2788 1989 2840 205.
2046 2786 2272 2841 adverso
2306 2787 2491 2857 litore]
2535 2792 2623 2843 est
2658 2788 2870 2845 Troiae

1704 2874 1735 2911 e
1760 2858 1991 2927 regione
2014 2859 2352 2929 oppositum.
2379 2862 2870 2930 Agamemnonem

1704 2929 1963 2984 refellens
1999 2947 2053 2984 v.
2092 2932 2201 2983 208
2236 2931 2537 2985 Stertinius
2582 2934 2867 3001 paulatim

1705 3001 1777 3054 ad
1812 3002 2133 3072 generalem
2176 3002 2617 3073 disputationem
2654 3005 2869 3059 relabi·

1704 3078 1829 3141 tur3
1866 3072 2143 3142 colloquio
2180 3074 2405 3143 quidem
2442 3074 2605 3129 finito
2642 3078 2867 3130 insania

1705 3149 1895 3198 tamen
1920 3146 2357 3216 Agamemnonis
2382 3164 2559 3215 usque
2583 3148 2657 3202 ad
2692 3147 2865 3201 finem

1705 3216 1880 3270 totius
1934 3218 2046 3271 loci
2090 3234 2143 3271 v.
2194 3218 2299 3270 223
2346 3218 2534 3287 lepida
2578 3214 2867 3273 ἀντιθέσει

1704 3287 1856 3341 filiae
1892 3294 1951 3342 et
1987 3306 2166 3359 agnae
2188 3288 2390 3344 festive
2410 3290 2865 3346 describitur.—

1705 3360 1910 3429 species
1944 3360 2119 3443 alias]
2146 3359 2367 3430 Species
2406 3368 2539 3417 sunt
2564 3364 2865 3433 cogitatio·

1706 3447 1802 3485 nes
1857 3436 1915 3485 et
1967 3432 2258 3501 opiniones
2310 3432 2497 3487 animo
2559 3440 2867 3503 conceptae

1708 3502 1819 3559 Cic.
1845 3502 2019 3557 Acad.
2050 3504 2095 3572 I,
2117 3506 2174 3558 8:
2211 3504 2409 3573 „Hanc
2442 3506 2532 3559 illi
2566 3506 2729 3559 ἰδέαν
2764 3522 2865 3575 ap—

1705 3574 1994 3643 pellabant
2028 3575 2141 3629 iam
2174 3594 2207 3629 a
2211 3544 2471 3631 ’Platone
2498 3578 2579 3631 its
2608 3578 2865 3631 nomina.—

1706 3652 1848 3713 tam3
1906 3664 2011 3701 nos
2067 3652 2219 3702 recte
2273 3649 2514 3718 speciem
2567 3666 2866 3719 possumus

1706 3717 1907 3773 dicere.
1914 3719 1941 3747 ‘⁴
2004 3718 2302 3789 Insequens
2347 3720 2680 3775 vocabulum
2716 3722 2868 3776 ναῖε

1704 3794 1999 3875 sumptum
2042 3795 2130 3845 est
2178 3808 2245 3845 ex
2290 3792 2473 3846 tribus
2520 3798 2866 3877 quattuorve

1706 3862 2109 3931 antiquissimis
2149 3862 2465 3933 codicibus3
2496 3865 2598 3919 reli
2641 3882 2699 3917 ιιι
2730 3880 2864 3934 pro·

1705 3950 1776 4003 pe
1812 3950 2001 3989 omnes
2035 3934 2165 4000 veri,
2198 3936 2365 4004 pauci
2398 3952 2543 3991 vero·
2602 3882 2711 4003 gul
2746 3936 2869 3990 veri

1704 4004 1919 4089 legunt,
1955 4006 2023 4059 iis
2073 4007 2372 4061 necessitas
2418 4008 2646 4062 omnino
2685 4006 2867 4075 impo-

1704 4078 1817 4131 sita
1853 4081 1939 4131 est
1974 4077 2350 4149 coniungendi
2400 4080 2575 4134 verba
2608 4078 2721 4133 ven·
2756 4094 2867 4133 sce·

1704 4148 1937 4217 len‘sque
1970 4149 2232 4218 tumultu3
2290 4166 2401 4233 quo
2450 4152 2603 4206 facto
2650 4155 2867 4206 rectam

1708 4220 2140 4288 explicationem
2164 4222 2477 4290 specierum
2502 4222 2742 4278 aliarum
2778 4223 2864 4276 in·

1706 4292 1897 4345 venire
1921 4308 2033 4346 non
2070 4299 2319 4361 possunt,
2355 4310 2485 4349 cum
2508 4294 2657 4349 alius
2680 4310 2867 4363 neque

1706 4363 1779 4417 sit
1830 4364 1973 4418 inter
2018 4378 2073 4417 se
2120 4364 2372 4419 diversus
2418 4383 2529 4435 neq
2529 4382 2598 4420 ue
2646 4366 2867 4420 alienus

1705 4432 1947 4503 (fremde
2008 4434 2245 4491 Gebilde
2308 4436 2609 4507 Kirchner)
2680 4452 2865 4505 neque

1708 4505 2005 4575 quicquam
2040 4506 2252 4561 efficias
2276 4509 2322 4561 si
2360 4509 2569 4565 addere
2600 4508 2743 4565 velis
2779 4512 2864 4563 at·

1708 4591 1809 4646 que
1853 4594 1945 4633 eas
1989 4593 2126 4647 quae
2169 4578 2475 4635 hominibus
2516 4596 2630 4636 esse
2670 4580 2867 4634 soleat.
