3092 5059
1075 268 1235 335 LIB.
1282 269 1391 336 IV.
1438 267 1691 338 GARM.
1736 272 1817 337 11.

2527 273 2651 338 245

647 449 938 527 Nititur
986 453 1261 550 pennis
1313 453 1559 530 vitreo
1613 453 1927 531 daturus

850 575 1182 654 Nomina
1229 591 1493 677 ponto,

589 757 616 799 5
654 728 916 803 Monte
952 725 1362 803 decurrens
1419 729 1626 804 velut
1663 731 1930 826 amnis,
1968 731 2247 806 imbres

655 849 906 944 Quem
957 878 1190 952 super
1241 865 1456 928 notas
1509 853 1772 931 aluere
1826 855 2053 950 ripas,

652 973 936 1052 Fervet
982 977 1555 1077 immensusque
1606 978 1757 1053 ruit
1808 977 2201 1076 profundo

853 1101 1232 1178 Pindarus
1284 1128 1441 1201 ore,

649 1251 956 1328 Laurea
1007 1251 1411 1329 donandus
1463 1253 1922 1352 Apollinari,

573 1410 624 1448 ιο
660 1376 810 1454 Seu
865 1403 1002 1476 per
1051 1377 1381 1454 audaces
1438 1405 1639 1455 nova
1692 1380 2219 1478 dithyrambos

656 1501 920 1579 Verba
971 1503 1320 1580 devolvit
1369 1505 1863 1604 numerisque
1914 1507 2159 1581 fertur

853 1627 1066 1726 Lege
1117 1627 1418 1724 solutis;

658 1775 807 1854 Seu
855 1776 1041 1852 deos
1085 1802 1405 1876 regesve
1456 1779 1684 1873 canit,
1737 1778 2051 1854 deorum

663 1901 1153 2000 Sanguinem,
1223 1929 1365 2002 per
1416 1929 1607 2002 quos
1664 1903 2009 1980 cecidere
2062 1906 2257 1980 iusta

579 2057 629 2099 ιε
665 2027 918 2103 Morte
973 2029 1356 2125 Centauri,
1404 2029 1679 2105 cecidit
1728 2027 2171 2105 tremendae

852 2153 1201 2230 Flamma
1251 2153 1745 2250 Chimaerae;

270 2413 326 2449 rc
349 2397 590 2452 salutem
613 2396 844 2457 invenit.
871 2396 1022 2466 quod
1057 2395 1214 2451 codd.
1240 2398 1406 2467 pauci

267 2465 467 2523 habent
505 2486 574 2524 ex
598 2467 745 2523 falsa
777 2468 1240 2538 pronuntiatione
1277 2469 1407 2523 scri·

261 2539 453 2594 barum
491 2539 662 2608 Iulle3
713 2541 773 2594 in
813 2559 922 2610 quo
959 2542 1136 2596 inesse
1181 2541 1408 2610 putavit

259 2612 576 2666 vocativum
614 2612 772 2677 Iulis,
810 2628 921 2682 quo
972 2612 1066 2666 vix
1105 2613 1404 2681 quicquam

259 2684 442 2750 potuit
467 2683 779 2767 excogitari
803 2684 983 2754 magis
1017 2684 1239 2738 mirum.
1285 2683 1406 2737 Ser·

261 2755 510 2809 vabimus
548 2755 726 2825 igitur
747 2755 886 2823 Iule,
921 2755 1056 2810 dum
1087 2757 1286 2810 melius
1323 2757 1404 2809 in·

260 2827 531 2881 veniatur.
603 2855 664 2866 -—-
731 2827 967 2882 daturus
1021 2827 1268 2897 nomina]
1339 2833 1405 2882 ut

261 2897 322 2952 ab
363 2899 528 2952 Icaro
576 2915 730 2953 mare
773 2898 1016 2953 Icarium
1064 2899 1402 2953 nominatur.

262 2969 334 3024 De
368 2969 584 3039 plurali
619 2970 845 3024 mina
883 2969 952 3024 cf.
983 2969 1161 3024 Carm.
1193 2969 1293 3035 ΠΙ,
1317 2972 1404 3033 27,

261 3042 334 3095 76.
393 3069 460 3080 --
519 3041 694 3096 vitreo
774 3058 808 3095 a
856 3045 1061 3096 natura
1119 3045 1403 3112 sumptum

263 3129 428 3182 aquae
463 3113 672 3182 pellaci
713 3129 797 3181 ae,
833 3117 900 3167 ut
925 3113 1092 3184 Verg.
1116 3115 1254 3168 Aen.
1277 3113 1403 3183 VII,

263 3185 372 3240 759.
407 3183 546 3238 Hor.
587 3183 770 3238 Carm.
797 3183 898 3249 ΠΙ,
923 3187 1007 3254 13,
1035 3189 1080 3252 1,
1109 3213 1174 3224 ·—
1202 3184 1399 3255 amnis]

261 3253 372 3310 Hoc
406 3255 741 3311 vocabulum
787 3257 847 3310 in
893 3257 1216 3312 sublimiore
1269 3257 1402 3312 scri·

262 3325 421 3380 bendi
457 3345 664 3398 genere
689 3329 932 3399 Augusti
957 3329 1178 3384 demum
1215 3333 1402 3382 aetate

265 3399 473 3467 saepius
503 3403 834 3468 usurpatum
871 3416 1134 3472 magnum
1173 3400 1402 3469 aliquod

265 3467 459 3524 flumen
483 3471 576 3525 vel
607 3471 868 3540 rapidum
893 3476 1204 3527 torrentem
1232 3471 1277 3525 si
1359 3471 1402 3524 i·

263 3539 402 3595 fleat.
465 3541 539 3597 cf.
581 3541 692 3597 Cic.
740 3547 878 3598 orat.
932 3545 1016 3612 12,
1055 3545 1149 3598 89:
1203 3546 1288 3612 „A
1314 3548 1403 3597 ter

265 3611 616 3684 (Herodotus)
654 3614 772 3668 sine
807 3614 935 3669 ullis
973 3615 1206 3670 salebris
1243 3617 1402 3684 quasi

266 3683 478 3740 sedatus
516 3687 696 3740 amnis
733 3685 884 3753 fluit3
921 3687 1066 3741 alter
1103 3685 1402 3756 (Thucydi-

265 3753 376 3824 des)
410 3757 697 3812 incitatior
733 3757 966 3811 fertur.“
1047 3758 1128 3812 Id.
1167 3757 1292 3812 Fin.
1329 3757 1403 3826 H,

271 3827 312 3892 1,
333 3825 388 3881 3:
427 3827 600 3896 „Cum
633 3827 817 3883 fertur
839 3829 996 3900 quasi
1033 3835 1254 3884 torrens
1280 3847 1402 3884 ora-

267 3897 367 3964 tio,
428 3900 681 3968 quamvis
745 3901 925 3956 multa
987 3901 1403 3970 cuiusquemodi

269 3969 458 4038 rapiat.
507 3971 649 4025 nihil
691 3971 833 4027 cet.“
911 3971 1166 4043 Propert.
1203 3971 1295 4038 IV,
1337 3974 1404 4027 16

271 4041 390 4111 (17),
425 4044 522 4095 40:
559 4042 788 4110 „Qualis
825 4043 1126 4100 Pindarico
1168 4044 1402 4114 spiritus

271 4127 358 4166 ore
389 4115 600 4168 tonat-‘⁴
639 4113 856 4170 Deinde
899 4116 1092 4171 confer
1129 4115 1244 4171 Sat.
1283 4115 1326 4181 1,
1354 4116 1405 4179 7,

273 4181 349 4236 27.
372 4186 453 4252 10,
472 4186 557 4238 62.
585 4215 654 4226 -—
676 4186 859 4257 notas]
889 4191 1194 4242 consuetas.
1223 4185 1403 4241 carm.

275 4252 312 4316 1,
338 4255 388 4322 2,
419 4257 500 4310 10.
534 4255 698 4330 Verg.
721 4259 861 4313 Aen.
884 4259 980 4328 vl,
1005 4259 1126 4313 221.
1165 4259 1262 4318 XI.
1286 4260 1404 4312 195.

277 4321 440 4380 Tacit.
459 4329 648 4400 Agric.
675 4331 767 4414 ¹8)
807 4335 976 4415 „nota
1010 4331 1207 4385 vada.“
1245 4330 1405 4414 Quod

281 4401 546 4525 {⁶133AEss
556 4401 1314 4542 ιίἓςὲῗηῗόἒέῗωωῗέὶέσῖῗ
1346 4419 1408 4527 ΞΕ

281 4543 704 4672 &swa
721 4544 1409 4673 wisirmar

1505 2396 1931 2466 praecedentem
1968 2397 2215 2452 litteram
2244 2413 2273 2450 s
2296 2396 2650 2467 duplicantis.

1509 2499 1574 2508 —
1614 2468 1827 2540 laurea]
1871 2469 1941 2524 cf.
1979 2469 2157 2523 Carm.
2191 2468 2291 2536 111,
2318 2469 2406 2536 30,
2438 2471 2521 2522 15.
2557 2467 2651 2535 IV,

1507 2542 1560 2608 8,
1597 2541 1648 2592 6.
1700 2539 2049 2608 Apollinaris
2085 2541 2267 2595 forma
2308 2540 2547 2595 maxime
2582 2538 2651 2592 de

1505 2611 1654 2665 ludis
1695 2611 2117 2680 Apollinaribus
2162 2612 2329 2665 etiam
2378 2611 2437 2664 in
2484 2610 2647 2680 pede·

1505 2683 1613 2736 stri
1649 2684 1905 2737 oratione
1936 2685 2169 2750 usitata3
2218 2687 2419 2752 poetae
2454 2687 2652 2737 contra

1505 2755 1603 2824 qui
1632 2755 1969 2809 hexametris
2006 2755 2093 2808 usi
2118 2761 2248 2808 sunt
2272 2753 2440 2808 aliam
2470 2754 2652 2824 magis

1505 2827 1613 2880 sibi
1634 2827 1977 2880 commodam
2004 2829 2295 2896 usurpant,
2319 2825 2649 2894 Apollineas.

1506 2928 1574 2939 —
1602 2897 1836 2954 audaces
1854 2896 2249 2968 dithyrambos]
2277 2896 2387 2952 Cic.
2412 2896 2483 2952 de
2508 2901 2649 2951 orat.

1504 2969 1606 3038 ΠΙ,
1648 2971 1738 3024 48:
1783 2969 1954 3038 „Inde
1988 2968 2089 3024 ille
2124 2969 2383 3022 licentior
2420 2974 2477 3023 et
2510 2968 2651 3022 divi-

1503 3041 1621 3097 tior
1658 3040 1823 3095 fluxit
1858 3039 2259 3110 dithyrambus,
2288 3040 2443 3095 cuius
2481 3056 2650 3094 mem·

1502 3113 1609 3168 bra
1645 3117 1703 3167 et
1736 3113 1906 3182 pedes
1944 3117 2073 3166 sunt
2099 3112 2160 3165 in
2196 3111 2349 3165 omni
2384 3110 2650 3182 locupleti

1503 3185 1758 3240 oratione
1795 3183 2051 3239 diffusa.“
2101 3181 2211 3238 Per
2244 3187 2427 3237 totum
2464 3182 2649 3236 locum

1505 3257 1661 3311 vides
1698 3256 1995 3311 Horatium
2038 3258 2381 3310 constantem
2430 3270 2547 3308 esse
2590 3254 2652 3306 in

1503 3328 1748 3398 imagine
1808 3327 2069 3382 fluminis.
2140 3355 2204 3366 -
2268 3341 2411 3380 nova
2468 3323 2648 3394 verba]

1504 3401 1739 3454 Aristot.
1777 3398 1933 3453 Poet.
1970 3399 2057 3465 22,
2097 3399 2187 3452 14:
2238 3397 2392 3482 „miv
2426 3395 2491 3450 δὲ
2526 3391 2649 3450 ὀνο-

1503 3466 1699 3542 μάτων
1732 3467 1797 3524 τὰ
1832 3471 1945 3542 μὲν
1981 3470 2149 3522 διπλᾶ
2171 3471 2411 3540 μαλιστα
2448 3462 2651 3538 ἁρμότ-

1503 3561 1580 3596 τει
1618 3547 1730 3600 τοῖς
1767 3536 2180 3610 διθυράμβοις.“
2202 3569 2267 3580 -
2294 3541 2405 3609 kye
2434 3537 2649 3623 solutis]

1505 3613 1645 3669 Dith
1715 3614 1992 3668 ambicum
2046 3629 2220 3684 genus
2264 3611 2437 3666 variis
2478 3613 2651 3666 animi

1509 3685 1651 3740 moti
1691 3702 1755 3739 us
1780 3701 2040 3739 versuum
2066 3699 2533 3752 numerorumque
2559 3700 2651 3753 ge-

1503 3775 1643 3812 nera
1662 3757 1820 3811 varia
1846 3755 2287 3811 accommodavit
2306 3771 2487 3823 neque
2516 3755 2653 3808 tulit

1505 3833 1717 3884 certam
1738 3832 2045 3882 metrorum
2062 3827 2469 3897 repetitionem.
2486 3824 2652 3880 Prae-

1505 3906 1596 3956 ter
1631 3899 2016 3968 dithyrambos
2060 3898 2453 3954 describuntur
2498 3897 2651 3952 dein-

1504 3969 2651 4114 {33:232512'31.ffinffinizmffffffss’

1578 4114 1644 4169 V.
1676 4083 1756 4168 1⁹3.
1795 4113 2026 4184 regesve]
2063 4113 2335 4168 semideos
2373 4128 2488 4166 esse
2523 4110 2651 4164 deo-

1505 4204 1632 4240 rum
1666 4185 1913 4241 ostendit
1957 4203 1982 4239 s
2136 4185 2200 4238 is.
2276 4183 2419 4238 Sunt
2465 4186 2653 4237 autem

1505 4257 1768 4325 Theseus,
1786 4256 2091 4322 Pirithous,
2118 4254 2509 4324 Bellerophon,
2534 4253 2651 4308 alii.

1507 4329 1577 4384 cf.
1619 4329 1797 4383 Carm-
1836 4328 1881 4398 Ι,
1922 4328 2006 4397 18,
2045 4329 2094 4382 8.
2134 4327 2178 4394 Ῑ,
2216 4325 2303 4391 27,
2342 4327 2428 4380 23.
2466 4325 2538 4393 II,
2568 4327 2652 4393 17,

1512 4401 1597 4454 13.
1635 4429 1701 4440 -
1740 4401 1888 4454 iusta
1924 4398 2111 4469 mot-te]
2202 4403 2395 4468 ropter
2432 4401 2652 4467 raptam

1507 4471 1957 4541 Hippodamiam,
2006 4470 2127 4524 Piri
2193 4470 2249 4524 oi
2295 4486 2497 4524 novam
2551 4486 2652 4523 nu-

1507 4547 1681 4613 ptam.
1722 4571 1787 4582 —-
1818 4541 2069 4610 cocidere]
2105 4541 2370 4596 Eiusdem
2393 4541 2655 4596 vocabuli

1507 4613 1704 4670 eadem
1746 4613 1929 4668 forma
1970 4614 2031 4667 in
2068 4613 2265 4668 eodem
2300 4629 2495 4668 versus
2530 4614 2653 4668 loco
