3092 5059
517 219 644 287 560

1403 217 2023 288 EPISTULARUM

535 439 586 480 ω
622 405 777 482 Sed
827 407 1105 482 tacitus
1159 408 1372 504 pasci
1419 407 1484 482 si
1537 421 1799 506 posset
1848 433 2145 503 corvus,
2200 406 2521 484 haberet

620 532 802 608 Plus
847 529 1067 630 dapis
1115 543 1190 606 et
1241 531 1456 606 rixae
1507 529 1757 606 multo
1812 532 2065 608 minus
2117 530 2647 629 invidiaeque.

621 656 1120 734 Brundisium
1175 682 1430 734 comes
1483 671 1619 733 aut
1670 656 2123 734 Surrentum
2176 655 2449 732 ductus
2502 682 2899 732 amoenum

626 781 782 875 Qui
835 782 1185 881 queritur
1234 780 1575 856 salebras
1628 793 1705 856 et
1756 781 2122 856 acerbum
2174 780 2421 876 frigus
2472 793 2552 856 et
2604 781 2879 856 imbres

621 906 782 984 Aut
837 907 1100 984 cistam
1154 906 1551 984 effractam
1602 919 1679 988 et
1727 906 2105 982 subducta
2158 905 2435 980 viatica
2478 904 2765 1003 plorat,

537 1065 588 1106 us
624 1033 826 1110 Nota
875 1034 1121 1108 refert
1173 1031 1597 1108 meretricis
1648 1030 2025 1124 acumina,
2080 1055 2311 1129 saepe
2364 1029 2753 1124 catellam,

623 1159 869 1259 Saepe
921 1155 1459 1257 periscelidem
1511 1167 1813 1254 raptam
1864 1156 2014 1230 sibi
2070 1154 2345 1251 flentis,
2402 1155 2511 1228 uti
2566 1179 2755 1230 mox

618 1283 852 1360 Nulla
899 1282 1094 1358 fides
1151 1281 1453 1358 damnis
1507 1281 1867 1378 verisque
1920 1279 2323 1358 doloribus
2366 1279 2597 1355 adsit.

619 1409 782 1485 Nec
833 1406 1072 1483 semel
1123 1405 1388 1482 irrisus
1431 1404 1679 1480 triviis
1728 1402 2078 1480 attollere
2124 1417 2342 1479 curat

621 1527 898 1609 Fracto
952 1557 1175 1608 crure
1223 1529 1565 1628 planum,
1621 1529 1801 1606 licet
1848 1529 1965 1604 ffli
2016 1529 2353 1625 plurima
2402 1541 2671 1606 manet

537 1691 590 1732 eo
625 1659 1006 1752 Lacrima,
1060 1681 1202 1753 per
1257 1669 1603 1732 sanctum
1656 1654 1944 1730 iuratus
2000 1653 2211 1730 dicat
2258 1652 2591 1732 Osirim:

627 1781 1012 1882 „Credite,
1067 1771 1222 1856 non
1272 1779 1489 1876 lud03
1545 1778 1916 1874 crudeles,
1973 1777 2221 1856 tollite
2280 1777 2727 1857 claudum.“

623 1909 982 2006 „Quaere
1033 1905 1606 2006 peregrinum,“

1653 1905 1941 1980 vicinia
1992 1930 2227 1982 rauca
2270 1906 2669 1984 reclamat.

1307 2271 1769 2356 EPISTULA
1833 2272 2124 2358 XVIII.

629 2439 713 2516 Si
763 2440 960 2514 bene
1012 2451 1088 2513 te
1137 2438 1342 2536 novi,
1395 2450 1710 2534 metues,
1765 2437 2160 2515 liberrime
2210 2438 2436 2535 Lolli,

629 2563 1062 2640 Scurrantis
1113 2564 1447 2660 speciem
1505 2565 1880 2664 praebere
1931 2565 2324 2663 professus
2379 2565 2755 2658 amicum,

527 2775 766 2846 quadra]
805 2775 1054 2831 Martial.
1079 2776 1182 2845 111,
1204 2779 1292 2847 77,
1329 2781 1390 2833 3:
1435 2778 1585 2848 „Nec
1620 2783 1678 2834 te

526 2848 645 2903 liba
679 2848 874 2902 iuvant
928 2865 1031 2903 nec
1072 2853 1255 2904 sectae
1304 2851 1519 2920 quadra
1562 2851 1681 2920 pla·

528 2919 773 2975 centae.“
811 2919 954 2973 Ibid.
976 2919 1102 2989 XII,
1122 2923 1209 2984 82,
1234 2923 1324 2976 18:
1365 2922 1514 2992 „Nec
1546 2939 1679 2992 qua-

529 2992 633 3046 dra
670 2991 862 3047 deerat
906 2992 1052 3048 casei
1086 2991 1419 3048 Tolosatis.“
1489 2993 1679 3049 Seneo.

528 3063 598 3117 de
633 3062 814 3117 benef.
847 3061 944 3131 IV,
979 3065 1072 3118 29:
1138 3063 1310 3134 „Quis
1345 3064 1679 3120 beneficium

529 3133 675 3188 dixit
700 3133 973 3204 quadram
1001 3137 1160 3206 panis
1181 3141 1282 3191 aut
1305 3137 1509 3206 stipem
1533 3137 1678 3191 aeris

528 3205 807 3260 abiecti?“
847 3235 912 3245 —
951 3207 1158 3277 corvus]
1203 3209 1452 3277 „Corvus
1489 3226 1677 3278 reper-

527 3281 646 3332 tam
680 3277 946 3346 praedam
993 3279 1234 3335 clamore
1285 3286 1343 3335 et
1393 3279 1679 3350 frequenti

529 3347 896 3404 crocitatione
969 3350 1094 3404 aliis
1164 3352 1358 3407 avibus
1429 3351 1675 3422 prodit.“

530 3420 736 3503 Comm.
790 3420 954 3504 Cruq.
1007 3451 1072 3461 —
1121 3421 1462 3493 Surrentum]
1521 3424 1676 3478 Cam-

528 3492 1386 3630 ffiiirffilffirffi‘ss'ist‘ffss',
1401 3495 1678 3622 02⁶2ssssss

476 3665 484 3670 ·
528 3635 766 3690 nitatem
801 3652 1140 3706 magnopere
1173 3637 1533 3693 celebratum.
1580 3637 1678 3692 Sil.

529 3707 655 3761 Ital.
692 3707 760 3775 V,
796 3709 928 3762 466:
1005 3708 1298 3778 „Zephyro
1347 3710 1677 3765 Surrentum

529 3778 699 3834 molle
735 3780 1002 3834 salubri.“
1043 3809 1110 3820 —-
1147 3781 1410 3851 salebras]
1459 3782 1677 3837 itineris

529 3850 906 3920 asperitatem.
929 3881 980 3889 —
999 3851 1267 3921 catellam]
1283 3852 1408 3908 Liv.
1423 3853 1680 3916 XXXIX,

532 3923 624 3976 31:
707 3921 978 3990 „Praetor
1023 3940 1148 3978 suos
1193 3925 1410 3992 equites
1459 3926 1679 3980 catellis

531 4010 596 4048 ac
639 3991 828 4048 fibulis
874 3995 1158 4050 donavit.“
1251 3994 1356 4050 Est
1402 3998 1678 4065 catenula,

529 4082 644 4120 non
691 4083 724 4118 a
771 4083 823 4120 v.
873 4067 1106 4122 catulus.
1155 4096 1218 4105 —
1279 4068 1541 4138 verisque]
1595 4069 1679 4122 De

529 4135 807 4192 adjectivo
837 4139 1010 4194 etiam
1035 4139 1240 4194 damna
1275 4143 1512 4194 ornante
1550 4139 1679 4194 vide

531 4208 604 4263 ad
628 4208 809 4264 Carm.
834 4209 880 4280 1,
903 4213 956 4279 2,
987 4214 1032 4265 1.
1073 4240 1136 4249 —
1176 4211 1420 4280 planum]
1467 4205 1681 4265 πλάνον

529 4279 835 4351 (Gaukler),
882 4282 1273 4338 circulatorem
1325 4283 1424 4352 qui
1461 4283 1679 4338 artibus

529 4353 643 4406 suis
660 4353 946 4423 popellum
965 4353 1246 4410 delectare
1263 4354 1544 4409 studebat.
1572 4354 1681 4410 Hic

529 4423 746 4494 ingenti
779 4425 926 4480 saltu
972 4426 1123 4481 facto
1165 4443 1293 4482 crus
1339 4426 1577 4510 fregisse
1622 4443 1679 4480 se

529 4495 856 4566 simulabat;
893 4497 990 4554 sed
1035 4515 1162 4553 cum
1208 4498 1333 4566 quis
1369 4499 1678 4554 misericor·

529 4564 624 4619 dia
659 4571 843 4623 motus
881 4585 1008 4623 eum
1031 4570 1205 4625 vellet
1241 4569 1553 4632 sublevare.
1590 4587 1679 4625 su·

1774 2781 1895 2836 bito
1931 2781 2029 2838 ille
2062 2783 2357 2839 exsiliebat
2393 2785 2453 2839 in
2494 2783 2899 2848 exercendisque

1774 2854 1990 2910 artibus
2024 2857 2317 2926 pergebat.
2376 2855 2467 2911 Sic
2502 2856 2685 2911 risum
2719 2851 2894 2926 populo

1772 2927 1981 2980 astanti
2029 2928 2307 2983 movebat.
2355 2957 2422 2968 -
2465 2927 2743 2998 pluo-ima]
2779 2923 2895 2978 Vide

1772 2997 1846 3051 ad
1883 2997 2064 3054 Carm.
2101 2999 2146 3068 1,
2184 3003 2236 3068 7,
2272 3001 2324 3054 8.
2362 2998 2477 3053 Cfr.
2514 2999 2688 3071 Verg.
2726 2998 2894 3064 Georg-

1770 3069 1815 3135 1,
1852 3070 1968 3124 187.
2022 3070 2095 3138 Π,
2136 3071 2256 3125 les.
2298 3070 2393 3139 IV,
2432 3073 2559 3125 419.
2600 3101 2669 3112 -
2708 3063 2893 3132 Osirin]

1769 3157 1902 3196 nam
1945 3141 2112 3196 Isidis
2159 3142 2343 3198 cultus
2385 3141 2601 3198 Romae
2647 3149 2781 3198 tunc
2820 3137 2894 3194 sd·
3011 3177 3012 3198 η

1770 3214 1997 3267 modum
2033 3214 2297 3283 frequens
2342 3219 2482 3268 erat.
2554 3214 2787 3282 Quintil.
2821 3207 2894 3274 VI,
3011 3223 3012 3280 ἢ

1769 3286 1960 3411 &eges
2050 3359 2337 3413 commode
2404 3358 2601 3428 positi)
2678 3363 2737 3414 et
2790 3367 2893 3432 pro:

1770 3427 1966 3482 verbis
2000 3438 2319 3499 opportune
2355 3434 2577 3498 aptata3
2616 3437 2688 3486 nt
2709 3427 2889 3484 homin]

1770 3517 2012 3568 nequam
2060 3503 2217 3571 lapso
2260 3505 2319 3556 et
2352 3505 2419 3554 ut
2456 3501 2793 3557 allevaretur
2822 3511 2890 3550 ro·

2035 3286 2385 3354 ‚,(Adiuvant
2430 3287 2809 3342 urbanitatem
2850 3283 2893 3333 et
3011 3297 3012 3306 ³

1770 3572 1953 3641 genti:
1992 3573 2212 3641 „Tollat
2246 3579 2299 3628 te
2334 3571 2432 3642 qui
2464 3589 2579 3628 non
2612 3570 2807 3629 novit.“
2838 3565 2892 3621 cf.

1770 3645 1839 3696 A.
1887 3642 1949 3698 P.
2002 3643 2107 3699 458
2140 3661 2261 3714 sqq.
2310 3673 2383 3684 --
2430 3645 2629 3714 rauca]
2686 3638 2889 3714 „vocife-

1768 3733 1901 3770 rans
1934 3717 2009 3772 ad
2042 3717 2280 3772 ravim-‘⁴
2338 3717 2550 3772 Comm.
2588 3717 2753 3787 Cruq.

2066 3828 2391 3899 Epistula
2424 3829 2629 3884 xvm.

1843 3926 1928 3980 De
1947 3925 2134 3981 Lollio
2160 3926 2289 3981 vide
2317 3927 2389 3983 ad
2408 3927 2592 3998 Epist.
2612 3928 2661 3996 1,
2679 3930 2731 3982 2.
2758 3925 2887 3979 Prae·

1772 3998 1946 4067 ceptis
1985 3999 2067 4052 ibi
2090 3998 2277 4053 Lollio
2300 3999 2449 4054 datis
2489 4001 2629 4056 baec
2660 4015 2795 4055 nova
2814 3991 2886 4072 adj

1772 4068 1985 4124 duntur
2020 4087 2133 4124 non
2168 4071 2353 4125 minus
2389 4072 2557 4126 utilia
2582 4069 2885 4126 adalman

1770 4141 1843 4195 ad
1877 4142 2117 4196 maiores
2141 4144 2379 4197 honores
2410 4143 2695 4198 tendenti:
2732 4141 2885 4212 agitur

1772 4213 1921 4268 enim
1947 4213 2017 4267 (ie
2035 4215 2257 4269 cultura
2274 4215 2595 4283 potentium
2618 4215 2881 4270 hominnm-

1770 4283 2057 4353 Principio
2080 4291 2249 4353 poeta
2266 4285 2581 4341 timendum
2598 4303 2715 4342 esse
2738 4283 2883 4352 negat,

1772 4373 1843 4410 ne
1898 4356 2115 4410 Lollius
2168 4357 2453 4412 libertatis
2512 4357 2881 4413 amantissimus

1772 4444 2020 4496 unquam
2056 4429 2234 4498 possit
2258 4445 2429 4499 agere
2450 4435 2645 4498 partes
2670 4437 2880 4486 scurrae}

1772 4499 1923 4553 inter
1948 4517 2117 4568 quem
2138 4505 2197 4554 et
2235 4518 2433 4555 verum
2472 4501 2713 4558 amicum
2750 4509 2880 4570 quan·

1772 4575 1891 4625 tum
1906 4571 2129 4627 intersit
2148 4572 2447 4628 discrimen
2460 4573 2709 4630 dilucide
2724 4564 2881 4628 deinde

3010 4457 3012 4522 l
