3092 5059
1053 256 1329 322 LIBER.
1403 254 1653 322 GARM.
1696 256 1905 322 XVII.

2564 258 2688 321 329

587 445 741 520 Per
791 457 1024 544 atque
1070 444 1310 520 libros
1363 444 1788 521 carminum
1836 444 2253 520 valentium

536 600 564 641 s
596 570 865 647 Refixa
915 569 1129 647 caelo
1185 569 1568 646 devocare
1618 570 1896 665 sidera,

594 693 940 791 Canidia,
990 722 1224 797 parce
1276 694 1591 770 vocibus
1644 693 1957 770 tandem
2009 682 2244 772 sacris

592 819 1006 919 Citumque
1055 834 1260 897 retro
1313 818 1528 895 solve
1578 818 1794 897 solve
1844 820 2253 897 turbinem.

593 943 844 1019 Movit
892 956 1254 1044 nepotem
1298 944 1687 1041 Telephus
1735 944 2126 1041 NereIum,

588 1068 682 1143 In
736 1094 968 1168 quem
1011 1070 1386 1167 superbus
1439 1068 1839 1145 ordinarat
1890 1070 2204 1167 agmina

507 1226 558 1264 ιο
594 1194 991 1294 Mysorum
1041 1207 1120 1270 et
1171 1196 1251 1269 in
1299 1219 1528 1293 quem
1583 1194 1737 1270 tela
1785 1209 2011 1271 acuta
2060 1208 2409 1272 torserat.

587 1318 900 1396 Unxere
953 1332 1230 1396 matres
1274 1320 1464 1396 Iliae
1517 1318 1913 1395 addictum
1966 1320 2155 1397 feris

591 1444 923 1520 Alitibus
974 1457 1210 1544 atque
1264 1445 1579 1519 canibus
1632 1444 2101 1520 homicidam
2158 1446 2597 1543 Hectorem,

590 1568 1009 1669 Postquam
1064 1569 1350 1645 relictis
1401 1569 1807 1645 moenibus
1854 1594 1993 1645 rex
2044 1570 2385 1668 procidit

589 1694 768 1770 Heu
818 1695 1238 1796 pervicacis
1284 1694 1385 1770 ad
1436 1694 1671 1792 pedes
1724 1692 2087 1770 Achillei.

401 1898 430 1924 ⁶
488 1834 558 1906 ’,ιε
593 1820 906 1899 Saetosa
958 1821 1169 1897 duris
1223 1846 1507 1899 exuere
1558 1820 1888 1919 pellibus

590 1947 993 2024 Laboriosi
1035 1948 1367 2044 remiges
1419 1946 1680 2022 Ulixei

595 2074 926 2150 Volente
979 2074 1208 2152 Circa
1251 2073 1634 2167 membra3
1688 2085 1869 2147 tunc
1918 2096 2133 2146 mens
2186 2082 2261 2146 et
2310 2096 2539 2145 sonus

591 2198 961 2295 Relapsus
1016 2214 1248 2300 atque
1293 2213 1520 2276 notus
1565 2200 1647 2275 in
1698 2199 1953 2275 vultus
2002 2199 2275 2274 honor.

289 2390 462 2444 etiam
549 2390 912 2477 proverbium
985 2408 1096 2445 mm
1183 2390 1440 2447 movenda

287 2476 491 2530 movae,
550 2467 836 2528 ακίνητα
899 2469 1134 2522 κινεῖς.
1206 2492 1273 2502 -
1342 2478 1444 2533 per

291 2532 476 2603 atque]
513 2539 677 2603 atque
712 2535 1071 2604 postponitur
1098 2553 1131 2588 a
1154 2536 1352 2605 poetis.
1379 2540 1444 2589 ut

291 2602 472 2673 Epod.
513 2606 562 2673 8,
607 2608 687 2658 11.
740 2605 853 2659 Sat.
892 2606 937 2669 1,
975 2607 1026 2675 5,
1065 2610 1112 2659 4.
1148 2607 1192 2673 1,
1230 2608 1280 2673 6,
1324 2609 1442 2661 131.

291 2676 338 2744 Ι,
377 2677 429 2744 7,
472 2677 554 2730 12.
596 2706 662 2716 -
701 2678 1026 2747 caminum]
1066 2683 1198 2732 sunt
1233 2678 1440 2733 formu-

289 2746 378 2801 lae
428 2748 697 2817 magicae.
773 2748 843 2803 cf.
897 2749 1079 2819 Epod.
1131 2752 1182 2819 5,
1228 2753 1316 2804 45.
1370 2778 1444 2789 --

289 2818 487 2890 refixa]
545 2819 637 2873 Sic
690 2820 1048 2875 scribendum
1094 2839 1162 2875 ex
1213 2820 1442 2891 optimis

291 2894 352 2943 et
397 2890 799 2959 antiquissimis
849 2892 1026 2961 codd„
1082 2910 1195 2947 non
1243 2892 1438 2960 defixa.

289 2960 434 3015 Vide
470 2962 543 3016 ad
579 2963 758 3017 Carm.
795 2964 839 3027 1,
879 2966 950 3017 28
985 2982 1039 3034 p.
1077 2965 1163 3018 92.
1204 2993 1269 3003 —
1305 2964 1442 3019 solve

288 3034 432 3087 solve
509 3034 742 3089 Iteratio
799 3040 883 3090 est
929 3037 1090 3091 enixe
1143 3036 1442 3106 precantis.

289 3104 430 3158 Simi
455 3105 564 3159 iter
602 3106 782 3160 Carm.
819 3107 864 3169 Ι,
909 3110 994 3175 35,
1038 3110 1116 3162 15.
1161 3138 1226 3148 -
1271 3108 1440 3162 turbi-

289 3175 434 3259 neqt]
471 3175 768 3232 rhombum
793 3180 1089 3249 magicum,
1129 3180 1226 3249 qui
1251 3184 1316 3233 ut
1341 3195 1444 3249 per

291 3247 423 3301 licia
476 3252 720 3303 attracta
769 3256 826 3305 et
873 3252 1140 3305 advoluta
1195 3251 1442 3321 agitatus

289 3320 606 3374 incantatos
681 3321 753 3375 ad
825 3322 1172 3377 voluntatem
1245 3340 1442 3393 magae

289 3391 573 3459 astrinxit,
633 3392 718 3447 sic
767 3397 920 3448 retro
971 3399 1126 3449 actus
1181 3396 1442 3449 astrictos

289 3463 350 3516 vi
387 3462 573 3517 solvit.
647 3464 717 3518 cf.
756 3463 986 3520 Theocr.
1026 3466 1098 3535 11,
1130 3467 1223 3519 30:
1276 3463 1444 3534 „Xois

291 3534 493 3587 derew’
563 3529 660 3588 ὅδε
727 3532 938 3608 ῥόμβος
994 3536 1024 3591 ὁ
1088 3534 1322 3609 χάλκεος
1388 3538 1446 3597 ἐξ

292 3600 636 3676 Ἀφροδίτας,
682 3601 780 3666 ιὯς·
831 3610 989 3675 τῆνος
1043 3610 1248 3663 ὠνοῖτο
1305 3610 1442 3661 ποθ’

289 3673 588 3751 ἁμετέρῃσι
615 3673 865 3751 θύρῃσι.“
892 3710 960 3720 -
1006 3682 1057 3735 T
1049 3680 1284 3751 elephas]
1321 3680 1440 3748 My-

291 3764 478 3802 sorum
518 3767 618 3804 rex
655 3752 725 3805 ab
745 3752 966 3806 Achille
997 3752 1192 3821 (Nerei
1217 3752 1440 3821 nepote)

292 3820 622 3876 vulneratus
659 3824 912 3877 consulto
951 3824 1177 3879 oraculo
1217 3840 1440 3891 respon-

291 3908 414 3945 sum
485 3893 648 3946 tulit:
717 3892 748 3947 ὁ
807 3888 1020 3963 τρώσας
1070 3900 1160 3947 καὶ
1215 3888 1440 3947 ἰάσεται.

289 3962 540 4017 Achilles
575 3966 836 4033 precibus
877 3968 994 4021 eius
1029 3972 1214 4021 motus
1263 3965 1440 4020 ferru-

289 4034 422 4105 gine
487 4036 734 4105 cuspidis
794 4038 988 4093 hastae
1047 4056 1180 4093 suae
1240 4039 1442 4092 vulnus

290 4106 529 4160 sanavit.
577 4136 644 4146 —
692 4110 911 4180 unxere]
962 4110 1106 4165 Boni
1143 4110 1312 4165 etiam
1355 4124 1442 4163 co·

289 4177 442 4231 dices
480 4178 685 4247 luxere,
715 4181 890 4251 male;
927 4182 1120 4251 lugere
1146 4182 1316 4235 etiam
1345 4198 1440 4250 po-

291 4253 482 4303 terant
527 4266 640 4303 non
685 4258 987 4321 receptum,
1035 4270 1284 4324 unguere
1329 4270 1444 4306 non

292 4324 614 4389 potuerunt.
714 4322 926 4379 Unxere
987 4324 1200 4379 indicat
1259 4324 1443 4378 reddi-

291 4396 415 4445 tum
463 4396 522 4445 et
571 4398 858 4462 receptum
915 4412 1117 4465 corpus
1166 4395 1443 4463 Hectoris,

290 4462 474 4517 lnoeerc
511 4480 624 4517 non
659 4464 890 4527 indicat,
923 4484 1027 4522 nec
1061 4469 1240 4539 magis
1279 4468 1444 4536 plan-

289 4550 434 4601 xere,
477 4534 628 4603 quod
674 4538 970 4606 proposuit
1002 4538 1442 4607 Peerlkampius.

293 4604 388 4666 Sic
443 4605 624 4681 igitur
667 4612 838 4681 recte,
893 4609 1114 4665 etiamsi
1168 4610 1445 4665 Homerus

1533 2391 1601 2445 Il.
1644 2376 1844 2460 XXIV,
1894 2392 2000 2443 776
2054 2389 2264 2445 diserte
2316 2406 2430 2443 non
2489 2394 2687 2445 narrat

1535 2463 1684 2533 quod
1710 2479 1899 2517 rerum
1928 2462 2076 2517 ratio
2111 2461 2264 2515 tulit.
2294 2490 2361 2501 —
2386 2460 2665 2516 addictum

1536 2535 1699 2589 Hom.
1737 2534 1801 2589 11.
1832 2533 2039 2601 XXIII,
2070 2533 2188 2587 183.
2228 2562 2295 2572 -
2334 2532 2663 2587 homicidam

1535 2606 1699 2660 Hom.
1749 2605 1815 2660 11.
1862 2606 1905 2669 Ι,
1943 2606 2063 2659 242.
2137 2605 2222 2658 De
2274 2604 2529 2675 pedibus,
2588 2605 2687 2674 qui

1535 2678 1643 2731 hoc
1714 2694 1879 2731 versu
1949 2676 2389 2747 coniunguntur,
2462 2676 2688 2746 egregie

1535 2748 1868 2803 Meinekius:
1911 2749 2130 2818 „Minus
2162 2747 2480 2803 offensionis
2517 2748 2689 2802 habet

1535 2821 1821 2889 anapaesti
1867 2836 1995 2875 cum
2030 2819 2317 2874 tribracho
2365 2819 2685 2874 coniunctio

1533 2893 1596 2946 in
1615 2892 1801 2947 verbis
1831 2892 2198 2962 pavidumque
2224 2892 2447 2961 leporem
2484 2890 2554 2961 (E
2596 2890 2686 2946 od.

1533 2967 1587 3031 2,
1610 2963 1719 3033 85),
1757 2980 1995 3034 quorum
2032 2978 2393 3017 numerorum
2423 2964 2557 3017 volu
2600 2962 2685 3017 ili-

1533 3042 1653 3090 tate
1698 3036 1905 3105 leporis
1950 3039 2155 3089 natura
2191 3050 2301 3088 non
2350 3033 2496 3089 male
2542 3033 2686 3088 indi·

1534 3112 1711 3162 catur.
1786 3106 1994 3161 Similis
2040 3106 2323 3161 excusatio
2372 3105 2689 3160 adhibenda

1533 3178 1713 3248 Epod.
1756 3181 1840 3246 17,
1882 3180 1965 3245 12,
2021 3178 2222 3246 quibus
2265 3176 2515 3231 numeris
2572 3193 2686 3230 non

1536 3250 1909 3305 dubitandum
1944 3248 2169 3304 videtur
2205 3250 2341 3318 quin
2384 3253 2555 3317 poeta
2602 3248 2686 3302 rei

1535 3322 1890 3377 atrocitatem
1930 3338 2133 3391 augere
2169 3321 2429 3374 voluerit.
2496 3320 2687 3374 Nolim

1533 3394 1713 3465 igitur
1740 3394 2157 3464 neglegentiam
2181 3397 2383 3461 poetae
2408 3408 2685 3459 accusare,

1533 3466 1605 3519 de
1654 3482 1767 3534 qua
1816 3482 1881 3519 eo
1938 3464 2121 3518 minus
2176 3462 2269 3517 hic
2326 3462 2687 3534 cogitandum

1534 3541 1635 3604 est,
1695 3554 1822 3592 cum
1878 3536 2087 3605 epodus
2148 3535 2271 3602 ille,
2326 3535 2373 3587 si
2426 3550 2685 3588 numeros

1533 3613 1770 3677 spectas,
1828 3608 2035 3661 eximia
2096 3611 2219 3661 arte
2278 3606 2535 3661 conditus
2594 3606 2687 3674 sit,

1535 3679 1675 3734 adeo
1714 3680 1957 3748 quidem,
1982 3678 2129 3733 utin
2166 3678 2335 3749 longo
2366 3679 2495 3747 plus
2535 3681 2685 3731 octo-

1534 3752 1697 3821 ginta
1758 3768 2015 3805 versuum
2078 3750 2322 3805 carmine
2380 3750 2563 3820 legem
2616 3748 2687 3803 de

1535 3824 1735 3892 quinto
1772 3823 1915 3892 pede
1952 3822 2177 3887 senarii,
2226 3822 2287 3874 in
2334 3820 2685 3875 brevioribus

1536 3894 1729 3965 epodis
1766 3894 1985 3963 saepius
2022 3894 2353 3963 neglectam,
2400 3910 2473 3947 ne
2518 3891 2688 3945 semel

1537 3952 1764 4035 quidem
1830 3966 1907 4020 mi
1980 3965 2211 4019 averit.“
2286 3994 2353 4004 —
2418 3960 2686 4032 procidit]

1537 4038 1701 4092 Hom.
1738 4037 1804 4091 11.
1842 4036 1893 4089 X
1978 4036 2041 4103 V,
2070 4037 2189 4089 510.
2224 4034 2295 4089 cf.
2324 4035 2503 4089 Carm.
2530 4034 2573 4100 1,
2602 4035 2685 4101 10,

1540 4112 1625 4162 14.
1664 4138 1729 4149 -
1759 4108 2089 4177 pervicacis]
2138 4108 2319 4161 Garm-
2356 4105 2403 4174 1,
2439 4108 2492 4174 6,
2528 4110 2579 4161 6.
2618 4134 2685 4145 -

1535 4180 1820 4248 laboriosi]
1872 4180 1921 4233 E
1962 4179 2052 4234 od.
2106 4182 2188 4246 16,
2224 4180 2310 4231 60.
2384 4178 2469 4232 De
2526 4176 2687 4231 Circa

1537 4253 1667 4307 vide
1704 4252 1867 4305 Hom.
1960 4251 2013 4304 d.
2052 4251 2123 4319 X,
2159 4250 2266 4303 388
2302 4266 2420 4318 sqq.
2480 4248 2687 4302 Latina

1537 4323 1721 4378 forma
1780 4320 1941 4377 Oirca
2009 4339 2078 4375 ex
2150 4320 2313 4374 bonis
2382 4320 2687 4375 codicibus.

1539 4394 1701 4449 Circa
1740 4410 1979 4463 quoque,
2022 4392 2240 4447 etiamsi
2274 4390 2521 4446 venefica
2558 4390 2685 4455 fuit,

1537 4465 1799 4537 precibus
1854 4465 2067 4519 molliri
2111 4463 2317 4533 potuit.
2374 4492 2441 4503 --
2497 4462 2686 4531 sonus]

1540 4556 1649 4591 vox
1686 4537 1946 4591 humana.
1990 4565 2063 4575 —
2116 4535 2381 4604 relapsum]
2430 4535 2489 4589 in
2524 4534 2689 4589 bonis

1540 4608 1703 4664 libris
1748 4608 1959 4680 legitur
2003 4607 2225 4676 relatus,
2278 4606 2351 4663 de
2399 4624 2510 4679 quo
2547 4605 2687 4661 Ben-
