3092 5059
455 160 581 227 346

1405 156 1911 227 SATIRARUM

473 382 524 423 ⁴5
560 346 780 425 Milia
831 348 1198 425 frumenti
1249 360 1381 423 tua
1433 346 1733 421 triverit
1782 372 1963 421 area
2020 361 2348 440 centum,

553 472 728 546 Non
779 485 956 547 tuus
1011 472 1156 547 hoc
1205 471 1455 568 capiet
1505 483 1773 545 venter
1826 469 1997 570 plus
2043 496 2135 547 ac
2182 498 2440 567 meus:
2496 490 2583 551 ut
2634 476 2701 551 si

553 596 992 672 Reticulum
1043 596 1263 696 panis
1315 594 1624 671 venales
1676 596 1877 669 inter
1928 608 2203 671 onusto

560 723 794 799 Forte
843 720 1079 798 vehas
1130 746 1422 817 umer0,
1463 718 1707 795 nihilo
1754 719 1929 821 plus
1980 720 2312 819 accipias
2360 746 2591 822 quam

563 847 717 941 Qui
768 848 876 923 nil
929 846 1279 947 portarit.

1381 845 1524 921 Vel
1582 844 1707 921 dic
1760 846 1948 944 quid
2000 846 2289 923 referat
2339 848 2543 925 intra

473 1004 525 1045 uo
559 953 898 1049 Naturae
950 972 1139 1048 fines
1187 971 1498 1066 viventi,
1545 970 1817 1067 iugera
1872 984 2177 1048 centum
2230 997 2331 1047 an

557 1098 776 1175 Mille
809 1099 1022 1174 aret?
1073 1097 1231 1192 „At
1273 1123 1507 1173 suave
1547 1112 1663 1175 est
1710 1122 1807 1173 ex
1852 1122 2133 1194 magno
2182 1096 2459 1175 tollere
2504 1098 2869 1175 acerv0.“

555 1225 760 1299 Dum
809 1250 902 1299 ex
953 1249 1196 1321 parvo
1251 1223 1474 1299 nobis
1519 1222 1964 1299 tantundem
2020 1223 2333 1301 haurire
2377 1223 2797 1325 relinquas,

557 1349 716 1427 Cur
759 1363 892 1425 tua
937 1348 1114 1445 plus
1167 1347 1435 1423 laudes
1489 1347 1815 1423 cumeris
1866 1349 2229 1442 granaria
2272 1350 2612 1427 nostris?

555 1472 664 1551 Ut
713 1473 856 1547 tibi
907 1472 969 1547 si
1021 1472 1118 1548 sit
1168 1497 1360 1569 opus
1409 1470 1691 1571 liquidi
1736 1497 1889 1545 non
1941 1471 2269 1569 amplius
2324 1499 2522 1550 urna

475 1634 526 1675 aa
564 1598 714 1674 Vel
757 1597 1031 1697 cyatho
1088 1610 1162 1672 et
1210 1596 1457 1672 dicas:
1511 1597 1847 1693 „Magno
1903 1596 2001 1673 de
2050 1598 2369 1673 flumine
2421 1598 2684 1675 malim

560 1723 810 1816 Quam
863 1749 954 1797 ex
1006 1723 1154 1797 hoe
1204 1721 1580 1799 fonticulo
1630 1722 2079 1797 tantundem
2130 1720 2506 1800 sumere.“
2582 1724 2695 1800 Eo
2747 1726 2865 1823 fit,

557 1847 870 1923 Plenior
922 1860 1006 1922 ut
1054 1848 1122 1921 si
1176 1872 1368 1945 quos
1421 1845 1755 1923 delectet
1800 1850 2025 1946 copia
2066 1847 2290 1941 iuste,

558 1972 754 2049 Cum
806 1973 978 2070 ripa
1030 1970 1256 2047 simul
1310 1970 1619 2045 avulsos
1669 1969 1869 2045 ferat
1920 1970 2244 2047 Aufidus
2300 1998 2503 2050 acer.

555 2102 660 2177 At
711 2099 845 2197 qui
897 2096 1176 2173 tantuli
1227 2110 1404 2194 eget
1455 2107 1742 2195 quanto
1796 2107 1909 2171 est
1959 2121 2174 2193 opus,
2244 2097 2311 2172 is
2362 2123 2615 2199 neque
2666 2099 2865 2175 limo

453 2307 594 2375 tum]
631 2320 707 2359 eo.
727 2302 995 2359 modium.
1023 2333 1089 2343 -
1115 2302 1360 2373 triverit]
1383 2307 1469 2358 est
1492 2320 1608 2357 mo-

455 2378 560 2431 dus
595 2376 963 2431 concessivus.
1002 2404 1070 2415 -
1108 2375 1264 2443 area]
1315 2374 1382 2429 cf.
1427 2374 1607 2429 Carm.

455 2449 500 2517 1,
540 2452 589 2515 1,
625 2450 676 2501 9.
715 2447 882 2519 Verg.
921 2446 1122 2529 Georg.
1163 2446 1207 2515 1,
1244 2448 1369 2500 298.
1443 2444 1608 2501 Tere-

454 2521 664 2576 bantur
717 2518 908 2589 fruges
963 2535 1120 2587 equis
1168 2518 1258 2572 vel
1307 2517 1490 2572 bubus
1539 2518 1610 2573 ad

455 2590 730 2647 tribulum
767 2590 989 2645 iunctis.
1017 2617 1084 2629 -
1122 2588 1222 2645 hoc
1255 2590 1456 2658 capiet]
1493 2588 1608 2644 Sat.

453 2664 497 2727 1,
536 2665 588 2730 3,
626 2664 713 2716 93.
777 2662 821 2731 Ι,
859 2664 911 2725 9,
951 2663 1000 2715 8.
1074 2660 1160 2715 De
1196 2678 1260 2715 ac
1297 2666 1445 2729 part.
1481 2666 1611 2731 post

455 2733 720 2790 adiectivi
737 2733 1182 2802 comparativum
1201 2732 1327 2786 vide
1341 2732 1415 2785 ad
1427 2732 1610 2803 Epod.

459 2808 543 2873 15,
563 2808 612 2859 5.
639 2834 705 2844 —
740 2804 906 2875 inter]
945 2804 1074 2859 vide
1109 2804 1183 2859 ad
1221 2804 1402 2859 Carm.
1431 2804 1528 2861 111.
1557 2806 1609 2864 3,

458 2881 542 2930 11.
614 2876 770 2931 Inter
821 2893 1008 2931 servos
1058 2876 1157 2944 qui
1201 2892 1330 2929 cum
1380 2874 1607 2929 domino

455 2949 566 3003 iter
601 2948 818 3003 faciunt
841 2965 984 3002 unns
1010 2952 1231 3002 tantum
1257 2951 1359 3011 est,
1389 2947 1479 3001 cui
1505 2947 1606 3000 im-

455 3020 688 3090 ponitur
733 3019 1029 3074 retieulum
1073 3017 1262 3088 panis;
1318 3024 1376 3073 et
1417 3023 1608 3073 tamen

455 3092 550 3146 hie
583 3108 697 3145 non
731 3091 856 3161 plus
893 3091 1133 3160 accipiet
1169 3107 1337 3159 qnam
1383 3090 1607 3159 reliqui.

453 3163 668 3220 Eadem
702 3181 792 3217 res
817 3162 974 3218 avari
999 3161 1257 3217 hominis.
1287 3190 1352 3199 —
1380 3162 1607 3231 referat]

453 3236 514 3288 in
541 3234 733 3289 dativo
769 3234 971 3289 viventi
993 3251 1106 3288 non
1134 3238 1220 3287 est
1245 3232 1605 3287 haerendum.

456 3306 665 3360 Similis
722 3311 808 3361 est
852 3303 1034 3361 Taciti
1087 3306 1238 3359 locus
1293 3306 1435 3359 Anu.
1484 3304 1607 3373 XV,

455 3378 551 3433 65:
599 3394 747 3445 „non
781 3377 994 3431 referre
1030 3376 1307 3444 dedecori,
1345 3378 1392 3430 si
1430 3376 1606 3431 eitha-

455 3448 657 3503 roedns
730 3448 1118 3503 demoveretur
1180 3452 1240 3502 et
1302 3447 1606 3517 tragoedus

456 3520 826 3575 succederet.“
900 3519 1034 3573 Non·
1073 3520 1386 3574 necessaria
1427 3518 1607 3589 igitur

456 3591 713 3647 Chabotii
751 3596 810 3645 et
846 3590 1238 3661 Cuninghamii
1285 3590 1607 3645 coniectura

454 3663 712 3729 viventi83
733 3663 934 3719 viventi
955 3668 1040 3717 est
1060 3662 1281 3716 dativus
1309 3662 1603 3716 commodi.

455 3734 768 3789 Discrimen
804 3733 1198 3789 Doederlinius
1223 3734 1365 3787 bene
1400 3733 1481 3787 sic
1514 3750 1605 3787 ex-

455 3806 684 3877 pressit;
748 3804 892 3859 nihil
957 3804 1134 3859 refert
1186 3804 1402 3859 viventi
1442 3826 1510 3850 =
1547 3822 1606 3859 es

455 3879 530 3933 ist
567 3878 799 3932 einerlei
835 3878 896 3931 in
926 3877 1148 3931 meinen
1183 3878 1411 3946 Augen3
1464 3893 1519 3929 n.
1557 3894 1605 3931 r.

453 3949 694 4003 viventis
743 3970 813 3995 =
864 3948 962 4001 fiir
997 3948 1148 4002 mein
1191 3948 1484 4001 Interesse.
1533 3976 1599 3987 —-

452 4020 656 4091 venter]
696 4019 766 4074 cf.
789 4019 984 4088 Eurip.
1005 4018 1211 4074 Eleetr.
1234 4020 1343 4071 430
1362 4018 1602 4073 Nauck:

457 4092 601 4161 „mic
643 4088 753 4161 γὰρ
799 4091 1143 4161 ἐμπλησθεὶς
1187 4087 1325 4157 ἀνὴρ
1373 4087 1403 4142 ὁ
1442 4084 1603 4143 πλού-

455 4158 575 4221 σιός
609 4180 664 4215 τε
695 4157 782 4233 χώ
821 4166 990 4227 πένης
1025 4168 1149 4215 ἴσον
1185 4162 1396 4231 φέρει.“
1420 4191 1486 4201 -
1518 4161 1602 4216 in-

452 4240 544 4289 tra
569 4240 806 4289 naturae
837 4233 997 4304 fines]
1036 4232 1144 4301 Qui
1181 4234 1334 4287 intra
1367 4238 1604 4287 naturae

454 4304 591 4359 fines
633 4304 793 4373 vivit,
847 4306 894 4359 is
939 4322 1043 4359 nee
1095 4306 1222 4374 plus
1281 4320 1605 4359 consumere

453 4376 627 4447 gestit
661 4394 830 4446 quam
865 4380 1070 4431 natura
1103 4376 1324 4446 patitur
1353 4392 1456 4430 nee
1490 4376 1605 4430 alia

457 4464 625 4515 quam
679 4464 820 4515 quae
866 4451 1071 4502 natura
1113 4446 1408 4515 efflagitat.
1481 4445 1604 4514 Qua

459 4520 736 4573 sententia
804 4518 962 4573 avari
1029 4536 1093 4575 eo
1157 4517 1380 4574 facilins
1438 4518 1603 4575 refel-

1704 2304 1917 2372 luntur,
1967 2320 2077 2372 quo
2118 2303 2445 2374 diligentins
2490 2304 2561 2359 ab
2597 2304 2867 2359 omnibus

1704 2375 2011 2441 abstinent,
2049 2392 2191 2443 quae
2226 2393 2341 2430 non
2381 2375 2647 2431 videntur
2688 2394 2867 2444 qnam

1702 2448 1945 2501 maxime
1973 2447 2297 2501 necessaria.
2324 2476 2391 2488 -
2429 2452 2489 2502 at
2512 2448 2696 2516 suave]
2721 2447 2869 2503 haee

1704 2519 2141 2588 interponuntur
2180 2519 2249 2573 ab
2298 2536 2468 2574 avaro
2506 2519 2599 2573 vel
2633 2536 2701 2573 ex
2738 2520 2867 2574 eins

1702 2592 1995 2645 sententia.
2033 2620 2097 2630 ——-
2127 2590 2471 2661 tantundem]
2495 2595 2769 2659 quantum
2793 2594 2867 2645 tu

1704 2678 1773 2715 ex
1808 2678 2013 2732 magno
2054 2676 2273 2729 acerm,
2310 2662 2346 2716 i.
2368 2680 2415 2717 e.
2446 2668 2721 2731 qnantum
2762 2680 2865 2717 na-

1702 2744 1833 2787 tura
1850 2732 2047 2801 poscit.
2069 2762 2133 2773 -
2154 2732 2407 2802 cumeris]
2429 2733 2612 2804 Epist.
2633 2733 2677 2795 1,
2699 2736 2751 2801 7,
2768 2736 2863 2789 30.

1704 2804 1979 2859 Videntur
2004 2803 2175 2859 fuisse
2200 2822 2333 2859 vasa
2356 2804 2615 2873 viminea,
2641 2806 2701 2859 in
2729 2805 2863 2874 qui—

1703 2875 1806 2929 bus
1842 2875 2127 2931 frumenta
2152 2876 2553 2931 condebantur.
2591 2876 2865 2933 Cumeree

1702 2964 2011 3017 pauperum
2044 2953 2191 3013 sunt,
2216 2948 2481 3017 granaria
2504 2947 2763 3003 divitum.
2790 2978 2860 2987 —-

1707 3018 1873 3088 urm]
1912 3019 2149 3075 dimidia
2184 3036 2317 3088 pars
2356 3036 2443 3073 am
2486 3018 2657 3075 horae
2690 3019 2863 3089 paulo

1701 3090 1882 3144 maior
1943 3091 2054 3146 fuit
2115 3108 2283 3161 quam
2344 3109 2421 3145 un
2462 3092 2605 3146 ecim
2677 3092 2859 3147 modii

1702 3160 1929 3231 (Quart)
1980 3162 2368 3217 Berolinenses
2418 3162 2604 3230 (13‚13
2640 3162 2859 3231 Liter);

1703 3233 1953 3302 cyathus,
2014 3234 2344 3289 duodecima
2412 3250 2543 3302 pars
2604 3234 2863 3302 sextarii,

1700 3304 2147 3375 magnitudinem
2184 3306 2279 3359 vix
2314 3304 2648 3374 aequiperat
2689 3323 2863 3375 poeu-

1701 3376 1887 3430 lorum
1910 3378 2219 3431 vitreorum
2257 3392 2367 3445 qno
2404 3376 2601 3430 vinum
2638 3394 2738 3432 nos
2774 3376 2861 3431 bi-

1699 3446 1835 3501 bere
1858 3448 2113 3503 solemus.
2138 3477 2200 3487 —
2228 3446 2435 3515 malim]
2474 3448 2603 3502 Non
2629 3465 2861 3504 eonsen-

1698 3518 1853 3574 tiunt
1887 3536 2067 3588 neque
2098 3519 2313 3574 codices
2337 3536 2519 3587 neque
2556 3520 2867 3586 editiones;

1701 3592 1762 3645 in
1796 3590 1923 3645 aliis
1946 3591 2153 3658 malim,
2181 3591 2241 3643 in
2280 3590 2405 3645 aliis
2442 3590 2668 3645 manem.
2708 3590 2863 3646 Illud

1699 3662 1935 3729 rectins3
1973 3662 2108 3731 quid
2134 3662 2283 3716 enim
2308 3662 2607 3729 quominus
2644 3662 2715 3717 ad
2753 3662 2858 3717 flu-

1700 3751 1825 3787 men
1876 3739 1968 3788 eat
2016 3734 2185 3787 talem
2222 3733 2507 3787 hominem
2552 3733 2859 3802 prohibet?

1700 3804 1938 3873 Aufidus
1974 3805 2175 3860 deinde
2212 3805 2471 3866 infertur,
2511 3806 2644 3874 quia
2666 3806 2859 3873 patrio

1700 3876 1871 3931 fluvio
1890 3876 2129 3931 libenter
2152 3882 2318 3945 poeta
2336 3877 2535 3930 utitur.
2576 3874 2647 3931 cf.
2676 3876 2861 3931 Cerm-

1700 3948 1801 4009 111,
1822 3949 1911 4015 30,
1939 3949 2020 4001 10.
2056 3948 2150 4015 IV,
2184 3950 2267 4009 14.
2290 3949 2379 4001 25.
2419 3946 2641 4017 Species
2677 3948 2859 4019 igitur

1697 4036 1808 4145 ἓξὲξ
1839 4020 2859 4160 ⁸33⁶‘20222322f’m10‘231’t52b13‘32

1696 4166 1869 4231 poeta
1904 4163 1963 4216 in
2001 4161 2245 4233 imagine
2280 4162 2570 4231 incohata3
2616 4162 2855 4217 Aufidus

1698 4233 1847 4287 enim
1896 4234 2103 4287 inlatus
2154 4234 2225 4287 ab
2264 4250 2328 4287 eo
2368 4240 2471 4301 est,
2518 4234 2652 4302 quia
2689 4240 2857 4289 antea

1698 4321 1899 4359 avarus
1946 4304 2111 4357 homo
2158 4320 2425 4374 magnum
2484 4304 2691 4360 flumen
2745 4306 2855 4361 sibi

1697 4375 1875 4444 magis
1894 4376 2115 4443 placere
2132 4376 2280 4430 dixit
2304 4393 2475 4444 quam
2500 4376 2851 4432 fonticulum.

1698 4476 1767 4572 ἶ
1806 4444 2277 4571 ἱξσύέὃὲθείᾱοηῐ.
2332 4446 2518 4516 Epist.
2557 4448 2601 4511 1,
2643 4450 2728 4517 10,
2771 4452 2797 4502 1
2810 4452 2853 4503 1.
