3092 5059
390 214 513 277 272

1363 210 1821 277 CARMINUM

891 396 1194 473 Nomen
1245 398 1454 474 beati
1508 398 1641 496 qui
1697 396 2019 473 deorum

987 522 1440 598 Muneribus
1493 522 1880 618 sapienter
1931 523 2044 597 uti

787 672 1230 771 Duramque
1283 672 1512 748 callet
1561 672 2013 772 pauperiem
2066 672 2227 769 pati

699 828 751 867 ω
785 797 1167 897 Peiusque
1214 797 1369 873 leto
1423 797 1801 895 flagitium
1856 798 2093 891 timet,

891 922 1067 998 Non
1120 923 1254 999 ille
1305 949 1448 1020 pro
1499 922 1694 998 caris
1744 922 2012 997 amicis

989 1049 1149 1125 Aut
1189 1049 1440 1149 patria
1487 1046 1803 1123 timidus
1854 1048 2133 1144 perire.

1313 1398 1693 1487 OARMEN
1758 1402 1859 1485 X.

590 1564 658 1643 O
711 1566 1038 1643 crudelis
1087 1566 1343 1643 adhuc
1397 1580 1472 1643 et
1522 1566 1852 1642 Veneris
1904 1566 2353 1642 muneribus
2409 1578 2703 1666 potens,

586 1692 987 1792 Insperata
1037 1705 1214 1767 tuae
1267 1716 1440 1765 cum
1485 1691 1746 1765 veniet
1794 1690 2059 1789 pluma
2110 1690 2537 1791 superbiae,

584 1818 683 1892 Et
735 1842 932 1915 quae
981 1841 1184 1891 nunc
1238 1816 1520 1891 umeris
1573 1804 1983 1889 involitant
2016 1814 2451 1891 deciderint
2491 1841 2779 1913 comae,

583 1942 807 2017 Nunc
859 1955 934 2017 et
987 1941 1120 2039 qui
1175 1940 1388 2015 color
1440 1952 1554 2015 est
1610 1941 1985 2037 puniceae
2044 1938 2238 2014 flore
2291 1939 2507 2038 prior
2556 1966 2778 2015 rosae

528 2098 553 2139 5
589 2066 922 2140 Mutatus
971 2050 1430 2163 Ligurinum
1484 2065 1565 2139 in
1618 2064 1899 2139 faciem
1952 2065 2268 2140 verterit
2318 2064 2725 2162 hispidam,

584 2190 829 2285 Dices,
878 2189 1051 2283 heu,
1108 2188 1457 2287 quotiens
1509 2202 1586 2263 te
1638 2188 1953 2287 speculo
2006 2186 2288 2263 videris
2342 2187 2706 2265 alterum:

385 2428 648 2483 Notanda
683 2428 943 2499 gradatio
979 2433 1137 2497 recte,
1173 2428 1400 2495 redium
1450 2427 1539 2482 cui

389 2517 558 2569 quam
592 2502 709 2554 vim
759 2500 1044 2553 addiderit
1079 2506 1249 2569 poeta
1289 2500 1538 2555 locorum

1642 2442 1869 2480 carmen
1925 2426 2121 2481 eodem
2176 2443 2323 2481 anno
2378 2444 2489 2497 quo
2542 2427 2789 2497 primum

1641 2497 1805 2551 huius
1844 2498 1992 2552 libri.
2030 2498 2165 2553 Cum
2203 2499 2419 2553 incerta
2454 2516 2541 2553 res
2579 2500 2673 2565 sit,
2706 2499 2789 2552 ni-

391 2572 452 2625 in
489 2570 692 2640 quibus
730 2571 829 2625 illa
876 2570 1151 2625 vocabula
1184 2572 1372 2640 posita
1408 2577 1541 2625 sunt
1640 2568 1723 2622 hil
1760 2586 1965 2623 moror.

385 2644 667 2712 gravitate
702 2642 1064 2697 manifestum
1101 2649 1202 2697 est.
1243 2672 1308 2683 -—
1355 2640 1536 2711 callet]

387 2730 514 2767 cum
559 2714 859 2782 infinitivO,
905 2720 970 2769 ut
1007 2714 1198 2768 Iuven.
1237 2714 1281 2777 Ι,
1321 2717 1373 2781 4,
1416 2716 1534 2767 142.

391 2790 609 2855 „ostrea
668 2786 908 2840 callebat
955 2786 1137 2855 primo
1193 2786 1536 2855 deprendere

385 2858 626 2911 morsu-‘¹
701 2857 852 2911 Pers.
891 2860 942 2925 5,
985 2858 1110 2910 105:
1163 2858 1315 2925 „veri
1362 2858 1534 2927 speci-

385 2946 512 2982 men
567 2929 892 2999 dignoscere
960 2929 1178 2983 calles.“
1237 2958 1303 2968 -—
1353 2928 1536 2998 peius]

383 3015 488 3069 pro
525 3002 702 3070 mayis
737 3000 1002 3070 positum,
1048 3000 1143 3054 sed
1182 3000 1385 3055 fortius
1427 3005 1536 3069 est;

385 3072 466 3126 sic
511 3072 692 3141 Epist.
731 3073 777 3141 I,
820 3074 903 3138 17,
943 3074 1026 3126 30.
1099 3071 1210 3127 Cic.
1257 3072 1328 3126 ad
1376 3072 1532 3125 Fam.

385 3142 508 3213 VII,
541 3144 600 3196 2:
649 3144 913 3211 „oderam
959 3143 1138 3198 multo
1182 3144 1342 3213 peius
1387 3142 1536 3197 hunc

387 3232 551 3283 quam
578 3215 794 3269 illum.“
817 3244 882 3254 —
909 3232 1023 3269 *non
1046 3215 1321 3285 timidum]
1351 3214 1535 3285 figura

385 3282 679 3353 λιτότητοςς
737 3291 984 3356 paratus.
1058 3286 1130 3341 cf.
1191 3287 1373 3341 Carm-
1435 3286 1534 3355 111,

387 3360 472 3424 19,
509 3360 560 3413 2.
635 3357 755 3426 Qua
809 3358 992 3429 figura
1039 3374 1139 3411 cur
1183 3358 1239 3411 h.
1280 3359 1314 3412 l.
1365 3363 1533 3427 poeta

385 3446 518 3483 usus
543 3430 619 3483 sit
647 3430 1004 3499 perspicuum
1035 3434 1144 3498 est3
1171 3430 1361 3500 gravis
1383 3430 1532 3484 enim

385 3501 466 3554 sic
500 3507 736 3570 paratur
773 3501 1052 3570 oppositio
1093 3502 1379 3570 quaedam.
1436 3500 1530 3554 Sa·

381 3573 542 3641 piens
591 3573 755 3627 timet
804 3572 1030 3641 quidem
1075 3572 1372 3642 flagitium,
1419 3590 1551 3631 non.

385 3644 549 3698 timet
583 3661 688 3713 pro
723 3645 912 3713 patria
947 3650 1204 3698 mortem.

769 3756 1047 3811 Carmen
1085 3756 1151 3810 X.

455 3854 868 3924 Argumentum
905 3852 1070 3907 huius
1108 3854 1370 3909 carminis
1407 3853 1530 3906 bre·

383 3924 532 3978 viter
569 3930 756 3994 potest
791 3925 1032 3980 indicari
1067 3926 1173 3979 hoc
1209 3944 1376 3979 versu
1395 3924 1531 3979 Ver-

384 3996 507 4065 gilii
552 3996 687 4051 Buc.
725 3999 779 4064 2,
824 4000 912 4051 17:
965 3996 1046 4065 „0
1094 3998 1336 4051 formose
1371 4014 1529 4066 puer,

382 4068 618 4123 nimium
659 4086 730 4122 ne
763 4068 930 4122 crede
971 4069 1196 4123 colori.“
1243 4068 1319 4123 Et
1353 4068 1531 4123 credi-

381 4139 494 4194 bile
513 4146 600 4194 est
623 4138 730 4194 hoc
757 4156 981 4194 carmen
1013 4140 1126 4194 iam
1153 4140 1363 4193 dudum
1384 4156 1530 4195 com-

381 4211 627 4281 positum
683 4216 804 4265 tum
859 4211 1081 4267 demum
1141 4230 1173 4265 a
1233 4216 1402 4280 poeta
1463 4229 1530 4265 ex

381 4283 603 4337 scriniis
639 4286 920 4351 sumptum
967 4300 1100 4351 esse,
1152 4300 1278 4337 cum
1324 4283 1534 4337 librum

382 4352 530 4407 hunc
565 4354 816 4408 editurus
851 4357 1013 4408 esset.
1053 4353 1212 4422 Quod
1254 4354 1301 4408 si
1335 4372 1532 4409 verum

381 4429 484 4492 est,
521 4424 781 4495 Ligurini
815 4442 1019 4481 nomen
1053 4443 1123 4480 ex
1149 4426 1256 4480 hoc
1289 4427 1534 4481 carmine

382 4495 442 4548 in
475 4498 721 4563 primum
757 4497 922 4551 huius
959 4497 1094 4551 libri
1130 4498 1372 4552 transiit.
1417 4498 1534 4551 Alii

383 4566 647 4623 arbitrati
683 4572 834 4636 sunt,
869 4567 1238 4637 compositum
1273 4586 1389 4624 esse
1427 4569 1533 4623 hoc

1713 2640 1779 2695 V.
1809 2644 1853 2695 1.
1902 2641 2125 2695 Veneris
2156 2640 2485 2710 „aunei-ibus]
2525 2640 2595 2694 cf.
2626 2641 2790 2695 Hom.

1640 2710 1706 2765 Il.
1744 2710 1845 2779 111,
1884 2716 1969 2765 54.
2026 2740 2093 2751 --
2148 2712 2356 2781 pluma]
2408 2713 2790 2781 metaphorice

1637 2800 1740 2852 pro
1787 2783 2072 2854 lanugine,
2122 2784 2277 2838 cuius
2328 2783 2595 2838 mollities
2650 2784 2793 2839 bene

1638 2855 1745 2909 hoc
1780 2855 2053 2910 vocabulo
2092 2856 2445 2924 exprimitur.
2498 2855 2789 2910 Nostrates

1637 2943 1865 2995 prorsus
1889 2927 2083 2981 eadem
2102 2928 2321 2981 ratione
2347 2926 2543 2981 dicunt
2564 2926 2791 2996 Flaum,

1638 2998 1837 3052 Graeci
1888 3000 2094 3051 πτίλον.
2154 3026 2221 3037 ·-
2274 2998 2599 3068 deciderint]
2657 3016 2790 3052 nam

1636 3069 1977 3123 tondebatur
2045 3070 2239 3124 adulta
2294 3074 2477 3124 aetate
2535 3070 2788 3140 capillus,

1638 3158 1913 3267 2¹52?AEss
1916 3141 2016 3267 ⁶5?
2027 3141 2339 3268 {3313}
2356 3141 2789 3267 ‘¹25¹{ffl‘i’ssabff

1641 3287 1726 3354 11,
1766 3285 1851 3337 28.
1892 3254 1958 3323 :-
2000 3254 2295 3353 .Punioe.ae],
2340 3230 2789 3354 burp‘ixffeaef'oui

1636 3354 1749 3409 Ver
1790 3396 1802 3408 .
1830 3360 1967 3410 Aen.
1988 3355 2113 3422 XII,
2132 3358 2221 3408 77.
2244 3384 2316 3395 -
2346 3354 2530 3425 prior]
2558 3357 2784 3425 melior3

1636 3427 1705 3480 cf.
1780 3467 1791 3480 .
1820 3426 1873 3480 S.
1898 3428 1982 3481 51.
2022 3426 2433 3481 Ovid.He1-oid.
2462 3429 2544 3495 18,
2564 3430 2657 3481 69:
2701 3432 2787 3497 „A

1634 3498 1869 3553 Veneris
1918 3498 2061 3552 facie
2108 3516 2221 3552 non
2276 3504 2362 3553 est
2409 3499 2566 3567 prior
2613 3498 2783 3553 ulla.“

1636 3598 1703 3609 —-
1741 3569 2094 3640 Liyun'num]
2124 3570 2492 3623 Accusativus
2518 3570 2611 3623 hic
2636 3588 2787 3625 acer·

1633 3642 1831 3695 bitatis
1878 3641 2090 3709 aliquid
2148 3642 2345 3709 habet3
2400 3641 2577 3695 barba
2634 3642 2785 3697 enim

1634 3712 1845 3767 bellum
1898 3720 1956 3767 et
2010 3713 2187 3766 levem
2232 3712 2568 3783 Ligurinum
2622 3732 2781 3769 roseo

1633 3802 1903 3854 genarum
1932 3784 2117 3838 colore
2143 3784 2394 3853 privabit
2418 3790 2475 3839 et
2500 3785 2783 3854 hispidum

1634 3855 1846 3910 reddet.
1900 3856 2159 3909 Praestat
2194 3856 2373 3927 igitur
2407 3857 2455 3909 is
2493 3873 2651 3910 casus
2688 3874 2784 3911 vo-

1633 3928 1837 3995 cative,
1850 3944 2015 3996 quem
2028 3926 2342 3981 Bentleium
2353 3928 2529 3981 secuti
2540 3928 2785 3985 Meinek.

1634 3998 1843 4069 Haupt.
1883 3998 2048 4052 Link.
2088 3998 2299 4052 Keller.
2338 3998 2593 4053 Mueller.
2637 4000 2783 4055 Eck-

1634 4072 1795 4125 stein.
1834 4068 2056 4124 Schiitz.
2088 4087 2155 4123 ex
2194 4070 2410 4124 duobus
2450 4070 2603 4125 MSS.
2644 4071 2784 4126 Tor-

1634 4144 1809 4196 rentis
1851 4142 2190 4211 probarunt3
2226 4142 2432 4210 reliqui
2469 4143 2628 4196 codd.
2666 4160 2783 4197 om·-

1632 4230 1729 4267 nes
1778 4214 2156 4267 accusativum
2199 4217 2449 4268 tuentur.
2496 4244 2562 4253 —
2608 4214 2783 4285 hispi-

1634 4284 1784 4355 dam]
1836 4283 2041 4337 Tibull.
2088 4284 2133 4349 Ι,
2172 4283 2225 4345 8,
2260 4286 2355 4338 7⁷:
2419 4284 2653 4353 „Carior
2697 4292 2785 4341 est

1635 4374 1773 4410 auro
1808 4356 2041 4423 iuvenis,
2092 4356 2181 4409 cui
2216 4356 2365 4410 levia
2411 4356 2631 4427 fulgent
2668 4356 2784 4412 Ora

1634 4446 1737 4483 nee
1773 4427 2059 4499 amplexus
2105 4426 2329 4495 hispida
2376 4428 2555 4481 barba
2594 4429 2783 4483 terit.“

1636 4528 1701 4537 ——-
1730 4497 1965 4568 speculo]
1992 4502 2077 4552 est
2108 4497 2389 4564 ablativus
2423 4500 2788 4555 instrumenti
2836 4552 2843 4557 ,

1635 4586 1800 4637 quem
1836 4574 2059 4638 vocant,
2094 4586 2200 4623 nec
2231 4569 2374 4625 bene
2411 4571 2471 4624 in
2496 4571 2787 4627 codicibus
