3092 5059
452 159 575 224 502

1332 156 1943 225 EPISTULARUM

467 377 517 418 os
556 343 903 440 Occurri,
957 343 1199 439 rides3
1256 345 1326 420 si
1377 345 1580 420 forte
1631 343 2008 422 subucula
2059 371 2306 443 pexae

552 469 766 544 Trita
810 471 1069 545 subest
1120 470 1421 546 tunicae
1472 469 1600 546 vel
1651 470 1716 546 si
1769 484 1951 570 toga
2003 470 2324 547 dissidet
2369 470 2652 568 impar,

554 593 821 669 Rides:
877 594 1092 693 quid,
1148 621 1321 670 mea
1372 620 1539 672 cum
1600 609 1892 695 pugnat
1941 595 2313 672 sententia
2356 621 2646 690 secum,

556 719 784 811 Quod
837 720 1063 817 petiit
1115 721 1427 817 spernit,
1484 722 1760 822 repetit
1813 721 2026 820 quod
2069 746 2319 821 nuper
2371 719 2658 814 omisit,

557 845 875 920 Aestuat
928 857 1004 920 et
1057 845 1256 921 vitae
1304 845 1784 922 disconvenit
1836 845 2110 921 ordine
2159 859 2343 941 toto,

457 1001 527 1040 :oo
552 970 825 1066 Diruit,
878 969 1255 1066 aedificat,
1310 983 1557 1047 mutat
1602 971 1980 1069 quadrata
2014 969 2417 1046 rotundis?

552 1093 901 1170 Insanire
956 1108 1175 1195 putas
1218 1095 1626 1171 sollemnia
1671 1122 1797 1170 me
1849 1121 2101 1196 neque
2154 1096 2384 1192 rides,

554 1217 715 1293 Nec
765 1218 1050 1294 medici
1103 1219 1352 1296 credis
1403 1245 1545 1296 nec
1592 1221 1962 1296 curatoris
2015 1245 2245 1318 egere

556 1343 629 1418 A
683 1356 1040 1441 praetore
1088 1344 1269 1441 dati,
1323 1371 1582 1420 rerum
1637 1343 1880 1421 tutela
1929 1371 2275 1422 mearum

558 1469 754 1547 Cum
807 1470 909 1544 sis
963 1481 1039 1545 et
1090 1494 1328 1568 prave
1380 1483 1675 1546 sectum
1726 1471 2227 1546 stomacheris
2281 1472 2382 1546 ob
2436 1495 2777 1568 unguem

456 1624 529 1663 ιω
553 1592 669 1668 De
712 1606 787 1668 te
842 1594 1273 1694 pendentis,
1324 1607 1399 1670 te
1449 1594 1934 1692 respicient-is
1984 1595 2238 1670 amici.

554 1717 682 1792 Ad
736 1743 1143 1794 summam:
1200 1720 1504 1818 sapiens
1556 1744 1709 1794 uno
1766 1720 2022 1795 minor
2067 1732 2180 1796 est
2227 1717 2438 1816 Iove,
2492 1717 2740 1815 dives,

556 1841 815 1939 Liber,
872 1843 1309 1940 honoratus,
1362 1844 1710 1941 pulcher,
1757 1872 1888 1920 rex
1940 1845 2276 1944 denique
2327 1869 2622 1943 regum,

555 1967 981 2068 Praecipue
1028 1996 1277 2066 sanus,
1330 1969 1477 2045 nisi
1528 1995 1702 2044 cum
1758 1971 2031 2070 pituita
2080 1969 2404 2047 molesta
2456 1985 2590 2045 est.

456 2229 588 2268 sane
674 2215 978 2278 exsomnis,
1063 2213 1363 2285 providens
1441 2218 1612 2284 atque

454 2283 658 2356 agendi
716 2285 925 2356 sciens;
982 2285 1149 2340 simul
1204 2304 1338 2341 vero
1396 2286 1613 2355 aliquid

456 2373 525 2411 ex
573 2357 803 2427 negotio
849 2358 1066 2412 remitti
1115 2363 1319 2427 posset,
1372 2357 1489 2412 otio
1544 2376 1613 2413 ao

454 2427 710 2482 mollitiis
734 2445 911 2497 paene
928 2429 1078 2484 ultra
1094 2429 1358 2485 feminam
1379 2427 1610 2484 fluens-‘⁶

453 2498 597 2554 Vell.
629 2497 754 2553 Pat.
785 2500 857 2568 11,
886 2503 971 2554 88.
1009 2530 1072 2540 —
1108 2499 1392 2571 subucula]
1419 2501 1612 2556 tunica

455 2571 692 2626 interior
741 2571 918 2626 lintea
966 2573 1057 2627 vel
1106 2572 1346 2640 byssina.
1427 2573 1608 2627 Varro

455 2660 545 2712 ap.
578 2641 723 2698 Non.
759 2661 814 2712 p.
854 2645 983 2697 542:
1072 2642 1481 2714 „Posteaquam
1526 2644 1610 2698 bi·

454 2731 553 2768 nas
606 2713 827 2770 tunicas
880 2714 1088 2770 habere
1142 2720 1461 2786 coeperunt,
1524 2715 1607 2770 in·

454 2786 762 2840 stituerunt
818 2805 1021 2843 vocare
1074 2787 1389 2842 subuculam
1438 2786 1608 2858 (viro-

453 2859 605 2925 rum)
644 2862 701 2911 et
744 2857 1022 2913 indusium
1062 2857 1497 2930 (feminarum).“
1542 2888 1604 2898 —

445 2927 646 2998 pexae]
692 2928 922 2985 villosae
968 2931 1005 2984 i.
1051 2949 1097 2986 e.
1145 2947 1340 2986 novae.
1380 2959 1447 2969 —
1497 2929 1608 2985 dis·

454 2999 618 3069 sidet]
657 2999 1012 3056 Contrarium
1063 3008 1148 3057 est
1194 3001 1345 3071 apud
1391 3000 1609 3069 Quinti-

454 3071 668 3125 lianum
696 3071 793 3132 XI,
826 3075 876 3136 3,
918 3076 1045 3127 141:
1084 3090 1287 3143 „super
1324 3073 1473 3144 quod
1508 3090 1611 3128 ora

457 3160 525 3196 cx
570 3147 705 3213 toga
753 3143 959 3213 duplex
1017 3145 1318 3214 aequaliter
1371 3143 1608 3200 sedeat.“

454 3214 781 3269 Absurdum
826 3221 913 3270 est
958 3217 1144 3271 omnia
1191 3215 1329 3271 haec
1383 3216 1443 3271 in
1487 3234 1608 3271 cor-

456 3286 611 3356 poris
647 3286 846 3341 habitu
885 3293 942 3342 et
986 3287 1160 3342 animi
1197 3288 1489 3342 voluntate
1525 3287 1606 3341 vi·

456 3357 540 3412 tia
576 3357 649 3412 ad
686 3357 985 3412 Horatium
1021 3360 1112 3414 vel
1148 3359 1221 3413 ad
1258 3363 1475 3414 certum
1510 3358 1608 3413 ho·

455 3429 665 3483 minem
702 3429 932 3484 referre.
1013 3431 1211 3485 Fuerit
1242 3427 1511 3486 Horatius
1551 3431 1610 3486 in

455 3500 1611 3629 ἓὲἓῗέἑὲῖ«ιῗὶίᾎέᾞὲῖἐῑῗῗὲἕᾞ

452 3644 1027 3783 131116513εὲθέ
1063 3591 1610 3773 samita

454 3791 578 3842 tare
616 3786 765 3856 quod
780 3734 1014 3859 qein‘tur
1050 3788 1163 3844 Sat.
1202 3789 1277 3858 11,
1310 3790 1364 3856 3,
1388 3735 1607 3842 ΒΟΒΕ-ι-

454 3857 807 3927 disconvenit]
862 3861 1212 3915 rarissimum
1258 3859 1610 3926 vocabulum,

453 3929 539 3984 bis
579 3929 728 4000 apud
766 3930 1084 4001 Horatium,
1122 3931 1193 3987 of.
1230 3931 1411 4000 Epist.
1448 3931 1493 3998 Ι,
1524 3932 1610 4000 14,

457 4002 545 4069 18,
594 4002 766 4056 semel
813 4020 846 4056 a
886 4002 963 4057 ud
999 4003 1379 4058 Lactantium.
1419 4031 1485 4042 -
1524 4002 1610 4056 in-

453 4072 641 4128 sanire
702 4073 817 4128 Sat.
913 4115 927 4142 ‚
966 4075 1016 4138 3,
1057 4075 1144 4128 63.
1210 4074 1295 4129 De
1332 4073 1612 4128 sententia

454 4144 580 4214 lege
675 4149 752 4199 at.
800 4145 873 4214 II,
913 4146 963 4213 3,
1004 4146 1124 4199 120.
1185 4176 1251 4185 -
1310 4145 1608 4215 curatoris]

456 4213 526 4270 cf.
571 4213 686 4270 Sat.
726 4216 799 4284 11,
828 4221 888 4283 ·3‚
929 4217 1052 4272 218.
1115 4245 1182 4257 -
1237 4216 1432 4287 tutela]
1482 4215 1612 4271 vide

456 4285 529 4340 ad
566 4285 746 4342 Carm.
780 4288 826 4353 1,
873 4291 921 4356 l,
960 4289 1011 4342 2.
1049 4287 1141 4344 Sic
1179 4287 1415 4344 Ovidius
1440 4286 1612 4342 Trist.

455 4356 522 4423 V,
560 4360 646 4424 14,
681 4355 751 4412 25
803 4359 873 4414 de
914 4361 1179 4460 coniupe:
1230 4375 1453 4430 „rerum
1495 4359 1614 4414 sola

456 4431 541 4481 est
588 4429 769 4484 tutela
814 4447 1079 4486 mearum.
1102 4431 1117 4461 ‘
1174 4459 1241 4471 -
1296 4428 1613 4499 pendentis]

465 4499 662 4565 „cuius
710 4500 857 4554 salus
912 4518 1038 4555 cum
1084 4507 1183 4556 tua
1227 4501 1410 4555 salute
1453 4501 1615 4555 artis·

1706 2214 1846 2268 simo
1899 2214 2126 2268 vinculo
2187 2213 2484 2270 coniuncta
2543 2215 2686 2270 est.“
2777 2213 2852 2268 Cf.

1707 2284 1818 2340 Cic.
1856 2285 1929 2340 ad
1963 2285 2119 2340 Fam.
2159 2285 2254 2353 VI,
2290 2287 2384 2340 22:
2445 2285 2854 2355 „incolumitati

1703 2361 1837 2412 tuae
1871 2361 2226 2426 tuorumque.
2267 2357 2366 2425 qui
2409 2375 2477 2412 ea:
2522 2364 2574 2412 te
2603 2357 2851 2426 pendent,

1705 2429 2014 2483 consulas.“
2055 2428 2152 2483 Sil.
2189 2429 2316 2483 Ital.
2349 2427 2502 2496 XIII,
2545 2431 2683 2484 504:
2735 2427 2852 2498 „de-

1705 2517 1814 2569 que
1857 2500 1970 2584 tuis
1990 2499 2314 2584 'pendentia
2351 2500 2623 2556 Dardana
2670 2499 2850 2555 fatis.“

1704 2571 2558 2712 -wvcfflw
2575 2573 2852 2724 {2333ss

1705 2713 1936 2780 XXVII,
1981 2714 2072 2768 12:
2121 2730 2260 2782 „neo
2296 2715 2432 2784 quid
2477 2713 2658 2768 fidum
2693 2731 2852 2783 respu-

1704 2791 1844 2842 σοι-οὲ
1888 2785 2172 2841 habenti.“
2231 2785 2384 2840 Caes.
2419 2785 2484 2840 Β.
2525 2785 2582 2840 C.
2618 2787 2664 2852 1,
2709 2789 2758 2840 1.
2791 2813 2851 2825 -

1704 2856 1799 2912 Aa
1820 2857 2108 2926 summam]
2127 2857 2405 2912 Kirchner
2423 2857 2497 2912 ad
2519 2857 2638 2913 Sat.
2703 2899 2720 2913 .
2733 2859 2848 2912 201:

1705 2929 1889 2998 „Kein
1908 2926 2142 2983 Dichter
2170 2929 2273 2984 hat
2296 2929 2388 2983 die
2413 2929 2658 2984 schwere
2737 2933 2855 2984 unst

1703 3004 1808 3071 gut
1855 3016 1924 3053 zu
1969 2999 2266 3056 schliessen
2305 3018 2366 3056 so
2402 3001 2508 3056 wie
2542 3019 2716 3056 unser
2749 2999 2850 3056 Ho-

1705 3089 1801 3126 raz
1833 3071 2190 3138 verstanden,
2228 3072 2328 3127 der
2365 3073 2564 3127 immer
2600 3089 2715 3127 neu
2750 3070 2852 3126 und

1703 3143 2002 3214 geistreich
2074 3143 2291 3198 iiberall
2365 3142 2674 3214 befriedigt
2749 3141 2851 3197 und

1703 3213 2047 3269 namentlich
2082 3215 2142 3269 in
2175 3215 2284 3269 den
2321 3213 2544 3270 Sat-iren
2579 3215 2700 3270 und
2733 3215 2852 3285 Epi·

1704 3286 1851 3341 steln
1910 3285 2100 3357 haufig
2161 3285 2339 3342 durch
2398 3287 2562 3342 einen
2635 3287 2852 3342 iiberra·

1703 3355 1983 3412 schenden
2039 3357 2240 3412 Scherz
2303 3376 2393 3412 am
2443 3357 2704 3414 Schlusse
2757 3358 2852 3413 den

1705 3428 2014 3484 heitersten
2049 3428 2341 3484 Eindruck
2372 3429 2524 3484 beim
2563 3429 2739 3485 Leser
2773 3447 2854 3484 zu-

1703 3501 2010 3570 riickliisst3
2047 3519 2122 3554 m.
2153 3501 2264 3572 vgl.
2280 3501 2394 3556 Sat.
2414 3501 2460 3568 1,
2479 3503 2531 3556 2.
2557 3504 2606 3556 3.
2630 3505 2680 3557 4.
2701 3505 2755 3556 7.
2779 3503 2851 3554 10.

1702 3571 1777 3641 11,
1795 3575 1846 3626 3.
1868 3575 1918 3628 7.
1944 3571 2126 3642 Epist.
2155 3573 2200 3640 1,
2227 3576 2268 3626 1.
2289 3573 2340 3627 4.
2367 3575 2415 3626 5.
2439 3573 2523 3626 17.
2556 3574 2621 3626 18
2649 3592 2706 3627 u.
2727 3591 2768 3627 s.
2783 3572 2849 3626 12⁶¹

1704 3642 1774 3698 cf.
1799 3643 1912 3698 Cio.
1935 3643 2004 3697 de
2025 3643 2119 3698 off.
2139 3644 2185 3712 1,
2204 3646 2291 3698 41.
2313 3673 2380 3683 —
2392 3643 2634 3715 pituita]
2653 3644 2852 3712 „Grata

1704 3714 1918 3786 dilogia
1955 3714 2102 3769 inest
2137 3715 2197 3769 in
2233 3733 2286 3771 v.
2323 3730 2510 3780 sanus,
2549 3716 2703 3783 quod
2736 3733 2851 3770 cum

1703 3787 1760 3840 h.
1798 3786 1836 3840 l.
1870 3791 2174 3857 usurpetur
2199 3786 2269 3841 de
2293 3802 2528 3856 corpore
2552 3793 2746 3842 tamen
2769 3787 2851 3841 vix

1705 3857 1873 3914 aliter
1897 3857 2024 3912 fieri
2056 3862 2246 3929 potest
2282 3875 2451 3927 quam
2487 3862 2554 3912 ut
2588 3859 2758 3914 simul
2778 3875 2853 3913 re·

1704 3930 1952 3984 feramus
1973 3928 2044 3984 ad
2060 3929 2376 3984 Stoicorum
2396 3946 2556 3984 usum
2579 3929 2852 3999 loquendi,

1705 4001 1804 4072 qui
1829 4001 2140 4070 sapientem
2167 4019 2328 4055 suum
2349 4000 2512 4055 unice
2537 4019 2754 4070 sanum,
2779 4019 2850 4058 ce·

1705 4077 1855 4127 teros
1881 4073 2147 4127 mortales
2173 4073 2397 4128 insanos
2430 4076 2490 4128 et
2524 4074 2731 4129 stultos
2768 4091 2848 4128 vo·

1707 4143 1974 4199 citabant.
2003 4143 2112 4200 Sed
2137 4143 2288 4215 fugit
2313 4143 2498 4199 adhuc
2521 4145 2848 4217 interpretes

1705 4215 1844 4270 mihi
1881 4220 2042 4270 notos
2079 4215 2252 4271 etiam
2279 4215 2550 4286 pituitam
2589 4215 2668 4284 (h.
2701 4218 2738 4272 1.
2762 4217 2848 4272 tri·

1706 4286 1852 4356 syll.)
1903 4305 1934 4340 e
1984 4287 2299 4342 Stoicorum
2355 4286 2560 4342 scholis
2623 4291 2848 4358 petitam

1709 4375 1860 4413 esse:
1917 4357 2236 4413 obiciebant
2281 4358 2426 4412 enim
2477 4357 2708 4414 sibimet
2755 4359 2848 4430 ipsi

1709 4427 1816 4485 hoc
1853 4429 2266 4486 incommodum
2311 4428 2598 4486 interdum
2638 4431 2849 4487 obstare

1710 4498 1894 4554 videri
1931 4500 2216 4570 perfectae
2251 4499 2592 4558 beatitudini
2605 4523 2622 4572 ;
2659 4521 2726 4559 eo
2761 4502 2848 4558 sci·
