3092 5059
912 940 1078 1025 EX
1159 937 2081 1025 PRAEFATIONE}

1185 1124 1636 1193 Eumoms
1680 1125 1796 1191 111.

479 1431 586 1508 In
665 1431 1233 1507 emendandam
1302 1456 1585 1507 novam
1668 1430 2085 1507 editionem
2152 1430 2463 1507 Horatii
2537 1430 2692 1507 mei

289 1571 660 1658 quantam
707 1582 854 1653 per
884 1556 1192 1631 labores
1225 1554 1722 1655 officiumque
1754 1556 1973 1633 licuit
2002 1582 2265 1631 curam
2304 1555 2689 1653 impendi3

287 1685 672 1759 rationem
697 1694 1206 1779 naturamque
1234 1680 1421 1755 libri
1447 1707 1546 1757 ne
1574 1705 1779 1755 nunc
1798 1680 2115 1779 quidem
2142 1680 2451 1787 mutavi.
2492 1680 2691 1756 Nam

292 1832 742 1907 quanquam
789 1831 948 1881 non
998 1806 1409 1882 defuerunt
1471 1806 1606 1906 qui
1657 1805 2087 1881 consulenti
2136 1806 2329 1881 mihi
2380 1831 2691 1901 persua-

296 1932 482 2009 dere
538 1930 850 2027 vellent,
913 1943 996 2005 ut
1055 1931 1607 2007 commentario
1673 1931 2299 2028 argumentisque
2350 1927 2693 2027 singulo—

291 2082 460 2131 rum
519 2056 950 2131 carminum
990 2056 1406 2131 decurtatis
1459 2055 1583 2131 vel
1638 2054 1997 2129 mutilatis
2049 2052 2333 2129 librum
2390 2066 2690 2129 contra-

291 2180 561 2257 herem
630 2181 710 2259 in
781 2192 1352 2279 angustumque
1419 2177 1905 2275 deducerem,
1974 2191 2231 2253 tamen
2297 2182 2560 2276 metui,
2626 2182 2691 2255 si

291 2304 608 2381 illorum
681 2306 994 2381 vocibus
1050 2303 1583 2400 auscultarem,
1649 2328 1749 2379 ne
1798 2304 2224 2379 minuerem
2288 2303 2517 2378 simul
2565 2307 2690 2381 vel

297 2431 694 2506 demerem
753 2430 1000 2527 potius
1053 2429 1118 2505 si
1171 2428 1357 2529 quid
1413 2440 1609 2503 esset
1661 2428 1784 2504 vel
1834 2428 2237 2526 probabile
2286 2428 2409 2505 vel
2464 2455 2694 2530 pecu-

289 2556 518 2633 liare.
621 2553 798 2631 Scio
853 2554 1194 2653 quidem,
1245 2554 1444 2629 inter
1495 2554 1903 2651 magistros
1952 2553 2387 2629 scholarum
2440 2554 2693 2655 publi-

291 2706 564 2760 carum
618 2706 784 2757 esse
836 2678 1158 2777 aliquos,
1215 2681 1350 2777 qui
1402 2679 1777 2755 editiones
1810 2680 2375 2755 commentariis
2420 2681 2695 2755 instru—

292 2821 454 2885 ctae
499 2832 545 2881 a
583 2806 742 2881 suis
775 2802 1229 2880 lectionibus
1265 2802 1729 2903 prohibeant
1754 2803 2119 2903 nudaque
2154 2818 2429 2901 poetae
2460 2805 2697 2881 verba

299 2928 860 3029 discipulorum
908 2928 1260 3005 manibus
1325 2927 1653 3003 tradant.
1760 2928 2105 3019 Quorum
2168 2929 2511 3004 studium
2562 2954 2697 3002 vo-

301 3052 836 3151 luntatemque
887 3065 1176 3127 tantum
1221 3052 1440 3127 abest
1487 3064 1575 3125 ut
1616 3051 2181 3148 reprehendere
2224 3053 2572 3151 audeam,
2616 3066 2701 3129 ut

297 3202 780 3275 magnopere
843 3177 1172 3274 laudem,
1245 3177 1628 3276 siquidem
1706 3178 1787 3252 in
1841 3178 2027 3277 ipsis
2093 3178 2551 3254 lectionibus
2617 3179 2699 3253 id

299 3303 604 3398 possint
651 3302 983 3400 assequi,
1039 3314 1122 3377 ut
1171 3304 1348 3378 viva
1389 3327 1582 3377 voce
1624 3302 2175 3403 doctrinaeque
2228 3328 2407 3379 cura
2461 3316 2535 3379 et
2585 3305 2703 3381 di-

301 3426 630 3524 ligentia
698 3453 790 3503 ea
851 3427 1130 3522 omnia,
1188 3451 1386 3525 quae
1454 3426 1555 3501 ad
1610 3451 1869 3503 veram
1925 3429 2353 3504 carminum
2403 3426 2701 3504 intelle-

296 3552 642 3649 gentiam
688 3552 1122 3629 necessaria
1172 3563 1368 3647 sunt,
1425 3550 2182 3628 adulescentulorum
2232 3554 2506 3629 animis
2548 3552 2703 3650 ipsi

293 3676 727 3771 praebeant
775 3676 1349 3774 memoriaeque
1399 3676 1743 3773 infigant.
1800 3677 2008 3752 Illud
2056 3690 2311 3755 tamen
2358 3692 2701 3757 metuen-

299 3798 492 3875 dum
549 3815 684 3897 est,
739 3828 836 3878 ne
885 3802 1028 3878 ista
1064 3802 1291 3878 lectio
1333 3803 1536 3878 iusto
1582 3803 1883 3903 saepius
1924 3816 2053 3878 aut
2087 3802 2365 3880 habeat
2406 3804 2703 3905 aliquid

297 3950 588 4023 vagum
641 3940 716 4002 et
770 3928 1148 4004 incertum
1189 3940 1318 4003 aut
1356 3953 1677 4028 parvam
1708 3942 2000 4006 tantum
2050 3929 2473 4004 dulc-issimi
2520 3956 2704 4026 poe-

295 4063 426 4126 tae
458 4062 756 4148 partem
796 4052 1420 4150 comprehendat.
1475 4052 1582 4128 Iis
1621 4066 1898 4151 autem,
1932 4054 2066 4155 qui
2110 4055 2700 4131 commentarios

297 4175 410 4251 ob
459 4200 628 4252 eam
683 4201 990 4253 causam
1041 4176 1476 4276 prohibent,
1513 4204 1615 4254 ne
1652 4178 2263 4255 adulescentium
2312 4178 2705 4255 eeleritate

297 4300 628 4398 acieque
695 4302 1098 4379 oculorum
1165 4316 1242 4377 et
1285 4302 1711 4378 calliditate
1772 4303 2262 4399 ingeniorum
2314 4304 2513 4380 inter
2564 4304 2702 4379 do·

297 4424 635 4499 cendum
689 4439 764 4501 et
815 4424 1375 4526 explorandum
1439 4428 1655 4525 quasi
1727 4426 2104 4525 quaedam
2162 4426 2486 4503 insidiae
2555 4428 2706 4504 sibi

299 4562 719 4646 struantur,
775 4552 1066 4649 optime
1112 4550 1296 4625 olim
1361 4550 1562 4627 Frid.
1612 4550 2031 4645 Iacobsius,
2087 4576 2332 4646 nuper
2371 4552 2703 4653 Krueqe-
