3092 5059
82 4548 86 4559 .
189 4490 356 4555 Cam.

922 234 1087 301 LIB.
1132 234 1248 301 111.
1293 233 1544 303 GARM.
1589 234 1765 301 XIV.
1876 284 1881 289 .

2370 230 2377 235 ’
2422 228 2549 295 203

547 421 700 497 Hie
751 421 918 499 dies
968 446 1156 499 vere
1205 421 1396 497 mihi
1448 423 1685 498 festus
1718 411 1943 497 'atras

550 544 848 623 Eximet
899 573 1154 645 euras;
1211 572 1360 645 ego
1411 572 1555 623 nee
1600 546 2017 642 tumultum

452 697 510 740 ιε
547 666 710 745 Nee
758 671 962 743 mori
1009 694 1150 769 per
1202 670 1362 747 vim
1413 682 1753 746 metuam
1796 682 2102 747 tenente

675 855 680 859 .
751 790 1084 869 Caesare
1126 806 1390 871 terras,

549 944 612 1039 I,
661 956 842 1043 pete
890 956 1392 1041 unguentum,
1447 969 1665 1043 puer,
1720 955 1799 1018 et
1848 968 2170 1018 coronas

547 1070 646 1145 Et
697 1068 972 1145 eadum
1029 1070 1271 1145 Marsi
1322 1094 1747 1147 memorem
1799 1066 2058 1165 duelli,

555 1194 1013 1296 Spartacum
1057 1196 1124 1271 si
1177 1220 1330 1295 qua
1379 1195 1631 1293 potuit
1674 1206 2084 1293 vagantem

450 1352 508 1393 ao
746 1319 1054 1399 Fallere
1103 1334 1321 1398 testa.

549 1470 693 1547 Die
743 1484 822 1547 et
871 1484 1190 1568 argutae
1238 1483 1606 1572 properet
1652 1470 1997 1547 Neaerae

548 1596 950 1672 Murreum
1000 1596 1208 1672 nodo
1263 1595 1671 1673 cohibente
1724 1597 2045 1691 crinem3

551 1718 634 1796 Si
679 1744 820 1818 per
863 1721 1196 1796 invisum
1248 1746 1470 1799 mora
1522 1719 1925 1798 ianitorem

745 1845 938 1942 Fiet,
993 1845 1246 1922 abito:

155 2078 316 2133 etiam
377 2078 602 2134 Keller.
662 2077 881 2134 incidit.
953 2076 1308 2133 Eeksteinius

151 2164 269 2203 eum
303 2148 618 2219 Torrentio
655 2156 706 2205 et
741 2150 871 2205 iam.
919 2179 985 2190 -
1035 2150 1306 2205 malcomi-

151 2220 318 2291 natis]
374 2222 416 2277 i.
457 2240 491 2277 e
540 2221 751 2293 linguis
800 2221 989 2277 favete
1031 2226 1091 2276 et
1143 2220 1306 2275 malis

155 2292 426 2347 ominibus
463 2293 764 2349 abstinete.
797 2292 984 2348 Verba
1006 2294 1146 2348 male
1177 2293 1307 2347 omi·

155 2364 300 2417 natis
333 2365 714 2421 ooalescentia
749 2382 922 2419 unum
949 2366 1109 2434 quasi
1145 2382 1306 2420 voea-

157 2432 341 2489 bulum
379 2435 668 2506 efficiunt3
704 2439 772 2490 ut
793 2438 932 2492 male
965 2436 1158 2505 dicere,
1182 2436 1309 2491 bene

157 2503 325 2563 dicere
359 2512 420 2562 et
456 2508 800 2574 maledicere,
821 2508 1144 2563 maledictio.
1179 2508 1308 2563 Kel-

157 2575 290 2632 ler-us
324 2582 384 2633 et
406 2579 766 2635 Ecketeim'us
789 2596 900 2634 uno
935 2580 1162 2634 nomine
1194 2594 1308 2633 ma-

159 2646 474 2705 minuatis.
549 2650 736 2705 Bentl.
771 2668 839 2705 ex
876 2652 1018 2705 eoni.
1055 2652 1193 2706 male
1223 2650 1308 2704 in-

157 2720 422 2791 ominattb,
461 2740 631 2792 quem
669 2723 846 2777 secuti
881 2727 1012 2777 sunt
1029 2722 1310 2792 Hauptiufl

160 2789 462 2849 Meinekiua
498 2794 783 2849 Linkerus
817 2794 1105 2849 Miillerus.

225 2862 286 2919 V.
307 2867 389 2919 13.
426 2866 714 2937 Proponit
731 2864 997 2919 Horatius
1025 2865 1133 2920 hae
1167 2870 1308 2919 etro-

162 2933 266 3001 pha
299 2954 510 3007 causae,
551 2936 758 3007 quibus
796 2937 913 3005 ipse
942 2954 1162 3007 quoque
1183 2954 1311 3007 per-

165 3012 336 3061 motus
371 3010 527 3065 hune
571 3010 724 3064 diem
763 3008 1154 3063 eelebrandum
1201 3008 1310 3063 sibi

168 3076 451 3135 existimet.
489 3082 678 3137 Tanto
702 3080 852 3135 enim
872 3080 1117 3147 homine,
1137 3097 1309 3149 quan-

165 3150 246 3199 tus
282 3154 366 3204 est
398 3154 714 3225 Augustus,
749 3151 1050 3221 imperium
1085 3156 1312 3207 tenente

166 3234 266 3299 pax
300 3222 562 3279 omnibus
599 3224 816 3279 civibus
861 3228 921 3279 et
963 3223 1116 3279 vitae
1158 3242 1311 3279 seen·

167 3292 293 3344 ntae
333 3300 491 3351 eerta
537 3300 639 3351 est.
689 3323 760 3335 —-
814 3300 970 3350 atras
1015 3295 1205 3364 emas]
1239 3296 1310 3351 ef.

169 3358 335 3417 Garm.
369 3364 473 3433 111,
518 3370 563 3433 1,
602 3366 690 3420 40.
741 3365 836 3433 IV,
871 3368 955 3432 11,
993 3367 1080 3421 35.
1121 3396 1186 3405 —-
1225 3372 1310 3421 tu—

169 3433 401 3506 multum]
435 3436 548 3494 cio.
585 3437 833 3507 Philipp.
860 3436 1010 3503 Vm,
1053 3440 1108 3491 1:
1149 3437 1312 3507 „Pot-

137 3507 242 3555 ‘esst
285 3521 399 3562 eene
444 3509 662 3564 bellum
729 3510 849 3563 sine
902 3510 1168 3575 tumultu,
1225 3514 1314 3564 tu-

174 3574 367 3657 multus
419 3596 538 3635 esse
583 3580 702 3635 aine
749 3581 900 3636 bello
944 3576 1060 3636 non
1109 3586 1312 3651 potest.

176 3640 307 3708 Qtud
349 3655 434 3704 eet
479 3654 632 3707 enim
679 3653 834 3707 aliud
879 3654 1156 3708 tumultus
1204 3654 1315 3708 nisi

175 3721 515 3797 perturbatio
569 3728 749 3793 tanta,
807 3728 874 3779 ut
916 3726 1100 3779 maior
1141 3726 1314 3779 timor

177 3794 416 3846 ornatur?
453 3795 604 3851 unde
639 3796 811 3851 etiam
845 3812 1050 3851 nomen
1081 3797 1314 3851 ductum

177 3862 252 3912 est
283 3864 574 3922 tumultus.
619 3867 818 3936 Itaque
853 3868 1094 3923 maiores
1129 3870 1312 3923 nostri

175 3931 464 4010 tumultum
483 3937 760 4003 Italicum,
791 3940 942 4007 quod
979 3945 1104 3994 erat
1126 3940 1312 3995 dome-

181 4002 352 4083 stmus.
373 4010 678 4065 tumultum
699 4010 996 4079 Gallicum,
1023 4011 1174 4080 quod
1192 4015 1314 4066 erat

180 4066 361 4157 Itsshffe
415 4078 704 4150 finitimus,
753 4086 1048 4151 praeterea
1097 4082 1314 4137 nullum

179 4149 544 4206 nominabant.
601 4152 842 4207 Gravius
879 4157 1068 4208 autem
1103 4154 1312 4209 tumul·

181 4212 292 4295 tun}
337 4234 450 4300 esee
493 4240 658 4293 quam
701 4225 928 4291 bellum,
976 4225 1114 4281 hine
1149 4226 1311 4281 intel-

183 4278 286 4353 1081
318 4288 463 4360 hcet,
499 4296 645 4364 quod
679 4295 828 4351 bello
859 4298 1182 4353 vacationes
1217 4316 1312 4353 va·

183 4348 292 4408 lent
357 4365 598 4421 tumultu
645 4384 758 4422 non
801 4369 1042 4425 valent.“
1104 4398 1168 4409 --
1212 4386 1316 4439 por

185 4423 284 4480 vim
339 4429 624 4561 Significat
659 4440 954 4495 intestinas
988 4442 1200 4497 turbas.
1241 4440 1314 4495 ef.

193 4564 258 4619 ’ἃ
299 4548 483 4632 ἄνοι’
510 4512 602 4651 1115:
625 4512 712 4652 ἐξ
727 4541 817 4637 13-
829 4512 1318 4654 naaman-⁰3

1400 2076 1595 2148 duelli]
1630 2077 1683 2131 E
1754 2077 1881 2149 egie
1913 2079 2252 2132 vetustatem
2288 2075 2411 2131 vini
2442 2075 2555 2130 Ho-

1400 2149 1579 2205 ratius
1613 2148 1673 2203 in
1718 2148 1827 2203 ‘eat
1850 2147 2075 2203 nomine
2099 2146 2473 2202 infelicissimi
2500 2151 2561 2203 et

1401 2220 1773 2277 crudelissimi
1818 2220 1957 2275 belli
2001 2219 2204 2287 Italici,
2242 2236 2353 2287 quo
2389 2218 2559 2273 simul

1401 2293 1879 2363 eomparationem
1961 2308 2155 2347 eorum
2240 2294 2559 2361 temporum

1401 2382 1532 2420 eum
1588 2382 1689 2419 sua
1730 2363 2090 2433 pacatissima
2132 2366 2319 2417 aetate
2364 2362 2424 2416 in
2479 2361 2555 2416 le-

1401 2437 1656 2508 gentium
1702 2436 1903 2490 animis
1946 2439 2185 2489 moveat.
2249 2462 2315 2473 —·
2370 2431 2557 2573 duent}

1399 2507 1532 2563 vide
1568 2508 1643 2562 ad
1680 2506 1999 2574 Carm.··III,
2026 2508 2075 2572 5,
2103 2507 2187 2559 38.
2226 2533 2294 2544 —
2334 2505 2389 2559 ei
2425 2520 2533 2573 qua

1401 2580 1449 2635 ei
1491 2597 1603 2649 qua
1638 2580 1875 2647 ratione,
1902 2595 2011 2647 quo
2038 2593 2183 2632 casu.
2220 2575 2388 2647 Verg.
2414 2578 2555 2630 Aen.

1400 2651 1446 2720 Ι,
1487 2651 1567 2705 18.
1608 2680 1675 2691 -
1712 2648 2059 2719 Spartacum]
2098 2648 2372 2717 ef.Epod.
2396 2650 2481 2717 16,
2504 2648 2558 2701 5.

1400 2752 1474 2763 —
1507 2720 1761 2793 argutae]
1796 2724 2082 2792 Argutum
2116 2720 2344 2775 omnino
2380 2718 2441 2773 id
2465 2735 2560 2787 ap-

1401 2794 1649 2864 pellatur
1687 2794 1837 2863 quod
1873 2810 2062 2847 sensus
2099 2796 2159 2847 et
2194 2792 2443 2846 animum
2466 2806 2557 2845 ve-

1401 2866 1691 2921 hementer
1735 2865 1945 2936 tangit3
2003 2864 2136 2919 hine
2170 2864 2241 2918 de
2286 2861 2557 2933 gravibus

1401 2938 1635 3007 ponitur
1670 2937 1819 2991 sonis
1858 2936 1977 2991 sive
2012 2936 2191 3005 gratis
2216 2935 2333 2989 sive
2370 2935 2558 3005 ingra-

1402 3010 1493 3064 tia.
1556 3008 1627 3065 ef.
1667 3008 1847 3063 Carm.
1886 3007 1979 3072 IV,
2018 3008 2071 3075 6,
2106 3008 2195 3059 25.
2266 3005 2450 3075 Epist.
2485 3005 2559 3074 Π,

1402 3080 1456 3149 2,
1483 3082 1571 3135 90.
1611 3108 1677 3119 --
1708 3078 1984 3149 properet]
2024 3078 2095 3133 ef.
2140 3078 2321 3133 Carm.
2360 3076 2432 3144 11,
2475 3076 2558 3131 11.

1404 3154 1474 3207 22
1511 3169 1595 3221 sq.
1666 3151 1951 3205 Bentleius
2005 3151 2093 3205 vel
2148 3150 2341 3205 invitis
2398 3147 2559 3203 codd.

1403 3222 1806 3351 {⁰023ssss
1836 3222 2355 3349 Ῑόιέἔήῖεῗὲὒθέῗ
2374 3224 2561 3347 ἓέῃὲξέ

2220 3334 2247 3362 n

1403 3368 1562 3422 nullo
1600 3366 1897 3421 cohibente
1932 3364 2146 3433 nodo“;
2184 3370 2251 3419 ut
2286 3363 2393 3418 sit:
2432 3379 2561 3432 pro-

1403 3444 1565 3510 peret
1611 3439 1723 3493 hue
1774 3436 2011 3503 Neaera,
2060 3436 2211 3491 nodo
2263 3435 2562 3490 dumtaxat

1405 3512 1700 3568 cohibente
1736 3510 1965 3575 crinem,
2000 3524 2139 3577 prae
2176 3506 2364 3561 studio
2406 3505 2561 3559 festi-

1405 3583 1595 3638 nandi.
1669 3581 1749 3637 Et
1786 3581 1867 3635 sie
1903 3585 2035 3635 ante
2072 3578 2253 3633 Bentl.
2290 3579 2403 3632 iam
2436 3576 2560 3631 Mu-

1405 3660 1588 3724 retue;
1648 3657 1983 3721 receperunt
2033 3650 2273 3705 Meinek.
2329 3648 2561 3704 Linker.

1407 3727 1628 3781 Miiller.
1673 3724 1959 3779 Eekstein.
2012 3752 2079 3761 —
2136 3737 2412 3777 murreum
2455 3722 2561 3775 ori-

1406 3796 1547 3868 nem]
1586 3798 1639 3851 h.
1680 3814 1727 3851 e.
1764 3812 1957 3850 murra
1992 3792 2327 3849 madentem.
2394 3792 2561 3863 Verg.

1409 3873 1551 3924 Aen.
1593 3868 1719 3937 XII,
1759 3870 1875 3921 100.
1926 3865 2089 3921 Ovid.
2127 3866 2263 3919 Met.
2300 3862 2401 3932 111,
2436 3864 2561 3918 553.

1405 3970 1477 3981 -—
1511 3937 1830 4008 ianitorem]
1876 3937 2055 4007 Servi,
2092 3937 2296 4007 quibus
2346 3934 2563 3989 tradita

1407 4017 1530 4067 erat
1584 4010 1839 4066 custodia
1892 4011 2111 4077 ianuae,
2168 4006 2388 4063 ostiarii
2443 4005 2563 4059 sive

1410 4083 1696 4151 ianitores,
1730 4100 1835 4152 pro
1872 4099 1973 4138 sua
2015 4081 2189 4136 animi
2224 4079 2431 4134 natura
2464 4080 2565 4130 aut

1409 4156 1470 4210 in
1515 4154 1659 4209 eella
1712 4158 1875 4209 erant
1922 4153 2154 4208 ostiaria
2198 4155 2298 4205 aut
2352 4147 2563 4204 eatenis

1408 4228 1581 4283 etiam
1617 4225 1854 4297 alligati.
1892 4225 1985 4280 Sie
2006 4222 2175 4296 ovid,
2197 4225 2324 4277 Am.
2348 4220 2391 4286 1,
2418 4223 2471 4287 6,
2501 4221 2561 4273 1:

1479 4297 1696 4354 Ianitor
1720 4297 2014 4369 indignum
2038 4296 2181 4350 dura
2204 4293 2443 4419 religas-,2⁰
2472 4306 2561 4345 ea-

2418 4380 2495 4419 na

1552 4437 1855 4494 Difficilem
1898 4442 2055 4493 moto
2108 4436 2335 4562 cardin?
2378 4433 2565 4506 pande

2319 4524 2495 4563 orem.

1409 4581 1629 4639 Invisus
1685 4586 1873 4638 autem
1920 4580 2131 4637 ianitor
2178 4579 2249 4634 iia
2294 4585 2383 4638 eet
2425 4594 2565 4651 quos
