3092 5059
1062 206 1180 276 DE
1222 205 1452 278 ARTE
1498 205 1893 278 POETIOA.

2562 207 2686 276 639

384 396 684 474 Dicitur
735 410 815 473 et
865 397 1228 495 plaustris
1280 398 1575 473 vexisse
1626 407 1983 495 poemata
2036 396 2387 498 Thespis,

391 522 608 615 Quae
660 537 1024 598 canerent
1074 537 1546 622 agerentque
1599 523 1950 620 peruncti
1993 522 2337 598 faecibus
2394 549 2553 599 ora.

387 647 574 720 Post
623 643 828 722 hunc
884 671 1262 744 personae
1313 647 1724 746 palla-eque
1776 633 2125 745 repertor
2177 645 2539 724 honestae

388 770 814 872 Aeschylus
869 784 945 847 et
989 772 1314 849 modicis
1367 773 1719 847 instravit
1768 770 2067 869 pulpita
2117 773 2373 870 tignis,

289 896 488 971 moEt
543 895 807 973 docuit
857 923 1379 998 magnumque
1428 897 1647 996 loqui
1691 897 1987 996 nitique
2041 896 2441 974 cothurno.

390 1019 770 1096 Successit
813 1036 1030 1099 vetus
1079 1021 1200 1098 his
1255 1021 1661 1098 comoedia
1710 1029 1867 1095 'non
1920 1020 2085 1096 sine
2136 1019 2377 1097 multa

389 1143 678 1240 Laude,
733 1144 869 1220 sed
923 1147 1002 1221 in
1053 1146 1327 1220 vitium
1371 1146 1687 1222 libertas
1735 1145 2023 1221 excidit
2074 1156 2151 1221 et
2204 1145 2357 1220 vim

384 1268 716 1366 Dignam
768 1269 946 1369 lege
995 1271 1206 1368 regi:
1259 1271 1384 1347 lex
1437 1284 1550 1346 est
1598 1283 1919 1368 accepta.
1972 1269 2407 1368 chorusque

388 1392 751 1494 Turpiter
803 1393 1124 1470 obticuit
1175 1394 1475 1470 sublato
1528 1393 1697 1470 iure
1749 1395 2107 1471 nocendi.

282 1552 361 1591 εει
391 1519 524 1594 Nil
573 1520 1029 1595 intentatum
1075 1519 1318 1594 nostri
1367 1517 1669 1616 liquere
1714 1530 2012 1616 poetae,

389 1645 550 1720 Nec
603 1645 1002 1720 minimum
1057 1669 1408 1721 meruere
1461 1644 1715 1741 decus,
1774 1644 2101 1739 vestigia
2152 1643 2454 1722 Graeca

391 1769 584 1845 Ausi
639 1770 995 1847 deserere
1045 1781 1120 1844 et
1172 1769 1566 1845 celebrare
1618 1768 2037 1845 domestica
2086 1769 2314 1865 facta,

391 1895 530 1970 Vel
587 1896 719 1994 qui
771 1907 1230 1991 praetextas·
1259 1892 1383 1968 vel
1438 1894 1573 1992 qui
1627 1893 1960 1970 docuere
2011 1905 2332 1991 togatas.

390 2019 555 2097 Nec
605 2022 886 2096 virtute
932 2021 1138 2096 foret
1191 2019 1515 2097 clarisve
1567 2017 1955 2116 potentius
2007 2020 2242 2096 armis

283 2269 624 2336 metiuntur,
679 2271 738 2322 et
781 2267 988 2337 pedum
1032 2273 1089 2324 et
1136 2267 1446 2338 digitorum

284 2341 405 2396 ictu
440 2340 746 2394 intervalla
779 2339 1059 2410 signant.“
1087 2369 1153 2380 ——
1192 2339 1447 2408 Thespi-⁸]

282 2411 418 2467 vide
455 2411 529 2467 ad
548 2411 730 2480 Epist.
750 2411 824 2478 H,
854 2414 1046 2473 1,163.
1084 2411 1192 2466 Sed
1227 2411 1298 2466 de
1334 2411 1445 2466 hoc

283 2483 435 2538 loco:
483 2483 579 2552 „in
625 2483 712 2537 his
747 2483 1022 2548 omnibus,
1060 2483 1248 2552 inquit
1285 2481 1442 2536 Orel-

285 2554 414 2620 lius‚
467 2555 693 2609 videtur
739 2554 898 2623 sequi
949 2554 1304 2624 grammatici
1351 2553 1444 2608 vel

282 2625 545 2680 historici
592 2625 824 2680 alicuius
863 2625 1062 2682 Graeci
1104 2626 1442 2695 opinionem,

282 2698 400 2752 nisi
453 2698 572 2767 ipse
626 2697 952 2768 tragoediae
1011 2702 1069 2752 et
1124 2697 1444 2752 comoediae

281 2769 600 2839 primordia
624 2767 937 2836 confudit;“
969 2773 1028 2822 et
1052 2769 1122 2822 de
1143 2769 1442 2837 plaustr-iu

285 2858 486 2910 „error
530 2840 626 2895 hic
667 2845 824 2924 ortus
869 2840 1095 2926 videtur
1140 2857 1210 2895 ex
1253 2839 1441 2894 confu-

286 2913 447 2966 sione
481 2929 608 2966 cum
643 2912 712 2966 iis
736 2929 878 2980 quae
903 2913 968 2998 rei
993 2913 1054 2966 ἐκ
1081 2913 1190 2967 τῶν
1206 2909 1445 2999 ἁμαξῶν

285 2983 586 3039 vocabant.
620 2983 846 3038 Suidas:
870 2981 937 3036 τὰ
963 2984 1024 3038 ἐκ
1048 2985 1160 3039 τῶν
1188 2981 1441 3067 ἁμαξῶν·

285 3056 386 3110 ἐπὶ
417 3055 528 3108 τῶν
545 3048 1018 3140 ἀπαρακαλύπτως
1044 3049 1440 3108 σκωπτόντων·

284 3120 544 3208 Αθήνησι
583 3123 692 3196 γὰρ
728 3127 791 3180 ἐν
829 3128 894 3199 τῇ
939 3127 1048 3181 τῶν
1084 3127 1253 3180 Χοῶν
1289 3125 1446 3211 ἑοριζῇ

285 3201 343 3252 οἱ
377 3192 719 3269 κωμάζοντες
765 3199 860 3251 ἐπὶ
903 3199 1012 3252 τῶν
1057 3197 1287 3268 ἁμαξῶν
1322 3193 1448 3255 τοὺς

284 3264 647 3330 ἆπαντῶντας
680 3263 971 3324 ἔσκωπτόν
999 3286 1065 3322 τε
1109 3273 1202 3321 καὶ
1239 3263 1444 3322 ἐλοιδό-

285 3357 450 3410 ρουν·
506 3339 568 3396 τὸ
615 3341 667 3394 ‹5’
713 3337 846 3394 αὐτὸ
889 3345 982 3393 καὶ
1026 3346 1140 3399 τοῖς
1183 3344 1448 3406 Ληναίοις

291 3429 522 3482 υστερον
539 3409 780 3467 ἐποίουν.
809 3412 972 3466 Certe
995 3411 1444 3480 antiquissimum

285 3501 520 3539 scaenae
547 3502 759 3568 genus
787 3489 911 3538 erat
955 3502 1068 3538 non
1110 3483 1444 3570 plaustrum.

285 3557 388 3610 aed
440 3550 606 3619 ἔλεός,
659 3550 896 3648 τράπεζα
951 3553 1172 3644 ἀρχαία,
1227 3555 1320 3626 ἐφ’
1378 3549 1446 3622 ἢν

283 3626 400 3697 πρὸ
439 3628 719 3686 Θέσπιδος
755 3623 830 3686 εἷς
865 3646 943 3686 τις
965 3624 1173 3694 ἀναβὰς
1201 3633 1314 3684 τοῖς
1345 3647 1444 3696 χο·

286 3705 498 3770 ρευταῑς
533 3695 881 3768 ἀπεκρίνατο.
918 3699 1121 3756 Pollux
1159 3697 1444 3759 1V‚123.“

288 3799 361 3810 -
431 3771 698 3841 faecibus]
773 3811 806 3840 ‚,
793 3788 880 3838 ,ne
949 3774 1443 3841 cognoscerentur3

286 3841 539 3898 nondum
597 3843 748 3898 enim
804 3859 935 3896 usus
1001 3846 1124 3898 erat
1181 3857 1442 3911 persona-

286 3916 450 3968 rum.‘
455 3914 692 3970 ‘SchoL
765 3914 1026 3970 Fortasse
1059 3912 1235 3968 fiebat
1271 3913 1442 3967 etiam

287 3985 400 4040 ioci
435 4003 621 4048 causa,
658 4003 790 4041 nam
821 3987 1074 4056 plaustra
1098 3991 1156 4040 et
1192 4002 1294 4039 ora
1328 3983 1441 4039 fae·

288 4057 448 4113 cibus
472 4064 642 4112 uncta
667 4074 781 4111 non
804 4057 1132 4128 tragoediae
1156 4061 1304 4116 sunt.
1343 4055 1442 4111 sed

289 4129 626 4184 comoediae.
664 4155 736 4168 -
769 4144 867 4196 pet
868 4129 1054 4198 sonae]
1089 4129 1210 4183 Alii
1255 4144 1440 4197 perso·

289 4217 422 4256 nam
468 4216 502 4254 a
536 4199 816 4267 Thespide
860 4200 1150 4256 inventam
1195 4199 1440 4254 tradide-

290 4276 442 4326 runt.
463 4301 528 4311 —
553 4270 822 4339 honestae]
850 4271 1311 4342 coniungendum
1335 4270 1442 4326 hoo

292 4342 632 4398 adiectivum
667 4346 754 4396 est
791 4359 917 4396 cum
947 4343 1150 4411 pallae,
1175 4358 1288 4395 non
1315 4359 1442 4396 cum

286 4429 580 4484 personae·
630 4413 768 4468 haec
807 4415 956 4468 enim
1000 4413 1296 4467 inhonesta
1329 4431 1443 4468 non

295 4483 498 4541 fuerat.
537 4486 706 4541 Palla
735 4479 860 4555 (oi-p
861 4485 968 4556 μα)
1005 4485 1176 4539 vestis
1205 4489 1292 4539 est
1326 4502 1440 4539 ma-

293 4558 544 4618 tronalis.
607 4573 786 4626 usque
845 4556 918 4612 ad
974 4557 1120 4612 talos
1186 4555 1442 4626 demissa,

1539 2283 1651 2336 qua
1709 2267 2090 2323 induebantur
2142 2271 2377 2336 actores,
2428 2286 2557 2324 cum
2610 2268 2689 2324 fe-

1535 2339 1818 2394 minarum
1861 2345 2053 2410 partes
2106 2341 2291 2395 acturi
2344 2346 2543 2396 essent.
2616 2340 2689 2396 cf.

1537 2411 1611 2465 ad
1655 2429 1707 2466 v.
1744 2413 1868 2466 215.
1930 2441 1997 2452 —
2056 2411 2338 2483 cothurno]
2402 2411 2471 2468 cf.
2517 2429 2624 2482 sup
2624 2429 2691 2466 ra

1702 2511 1841 2622 ;,·
1864 2489 2048 2609 μετ’
2078 2483 2399 2624 saw]
2440 2483 2690 2622 zaza-2

1535 2627 1837 2695 παρῥησία,
1860 2626 2112 2682 decidit'
2096 2643 2154 2680 ιιι
2178 2626 2466 2680 licentiam
2502 2631 2561 2682 et
2595 2643 2687 2696 pe-

1536 2698 1854 2752 tulantiam.
1890 2727 1952 2738 --
1977 2698 2104 2786 lex]
2142 2697 2343 2752 Suidas
2372 2715 2423 2751 v.
2439 2694 2686 2770 Ἀντίμα·

1533 2785 1661 2840 χος·
1704 2764 1909 2822 Ἐδόκει
1939 2788 2094 2828 ουτος
2144 2765 2427 2856 ψήφισμα
2463 2788 2689 2854 πεποιη-

1536 2844 1706 2907 κέναι,
1734 2837 1813 2905 μὴ
1840 2841 1961 2896 δεῖν
1982 2842 2277 2912 κωμῳδεῖν
2310 2842 2367 2902 ἐξ
2398 2836 2689 2913 ὀνόματος.

1535 2911 1828 2966 Eiusmodi
1876 2923 2219 2985 ψηφίσματα
2263 2913 2379 2967 lata
2427 2914 2693 2968 dicuntur

1536 2983 2273 3124 31332513‘30533153232
2298 2985 2693 3138 531235353523

1539 3133 1656 3185 σεΐς
1690 3127 1811 3180 sine
1848 3126 2019 3181 choro
2042 3131 2101 3181 et
2130 3121 2514 3196 παραβάσεσιν
2538 3128 2692 3182 edita

1535 3197 1763 3324 53:512&
1797 3198 2271 3324 {oefflffitssb
2272 3197 2691 3334 1⁸13?ssssss

1538 3341 1699 3409 quasi
1744 3346 1875 3395 ante
1923 3340 2204 3409 loquendo
2256 3341 2400 3394 nihil
2448 3341 2691 3397 voluerit

1538 3412 1692 3466 aliud
1737 3411 1961 3467 efficere
2010 3411 2117 3466 nisi
2162 3429 2363 3466 nocere
2407 3412 2443 3467 i.
2482 3431 2529 3467 e.
2573 3430 2689 3468 ma-

1535 3482 2193 3610 ffizograoeh-brgounlnm
2176 3573 2246 3609 ex
2294 3484 2475 3609 ζὲἴιῗε]
2522 3501 2689 3610 ‘gaglzlis

1537 3627 1918 3682 Romanorum
1952 3628 2149 3696 petita.
2188 3655 2255 3666 -
2300 3625 2522 3681 deenen
2583 3643 2687 3696 pro

1534 3699 1826 3767 scripsere,
1898 3697 1970 3753 ad
2024 3697 2449 3753 similitudinem
2572 3699 2689 3753 neci

1534 3769 1695 3824 verbi
1735 3764 2036 3824 διδάσκειν.
2076 3797 2143 3809 -·
2189 3775 2510 3839 praetextae
2572 3774 2687 3824 tra·

1535 3840 1768 3910 goedias
1806 3840 2087 3896 Romanas
2136 3847 2197 3896 et
2231 3841 2474 3895 Romani
2521 3859 2684 3911 argu·

1534 3911 1753 4039 mei
1766 3911 2025 4038 {zm
2042 3916 2369 4038 33⁶3*ssss
2386 3917 2689 4068 ‘33sz

1535 4059 1904 4138 opponuntur
1938 4055 2253 4124 (trepidatis,
2299 4057 2491 4126 graeci
2512 4073 2677 4128 argu·

1533 4127 1724 4181 menti.
1801 4125 1981 4182 Solito
2024 4132 2211 4182 tamen
2266 4127 2490 4182 nomine
2556 4128 2689 4182 illae

1535 4199 1791 4253 solebant
1833 4199 2115 4253 nominari
2162 4205 2559 4269 praetextatae.
2617 4225 2687 4240 -

1533 4270 1769 4339 toyatas]
1839 4270 2153 4325 comoedias
2215 4269 2455 4325 Romani
2520 4288 2685 4342 argu-

1533 4342 2149 4484 ?regnutxigmotssiiponuntur
2191 4342 2459 4411 palliatis,
2497 4343 2687 4413 graeci

1538 4483 1695 4611 αι·
1713 4483 2689 4627 {mmmmm
