3092 5059
1427 263 1466 328 3

251 446 704 515 adulescentes
749 447 1222 532 imbuebantur,
1293 448 1606 515 historiae
1648 447 2105 532 philosophiae
2148 452 2269 515 arti
2314 449 2654 531 oratoriae,

249 576 619 639 quanquam
686 556 930 622 diserte
999 576 1116 622 eae
1183 578 1311 623 non
1375 558 1808 642 nominantur,
1880 557 2056 623 haud
2121 558 2315 623 dubie
2382 577 2647 642 operam

242 664 449 731 dedit.
537 665 796 732 Deinde
840 666 1154 731 nobilium
1203 668 1505 732 iuvenum
1549 686 1793 733 morem
1836 674 2113 751 secutus,
2180 686 2305 749 quo
2349 666 2649 733 discendi

243 774 630 857 sciendique
673 774 958 841 studium
1007 776 1239 841 melius
1284 776 1671 859 pleniusque
1724 782 1947 861 posset
2010 776 2291 859 explere,
2362 776 2651 843 Athenas

243 884 320 947 in
349 890 630 949 veterem
662 883 988 950 Musarum
1033 884 1252 951 sedem
1295 884 1619 968 migravit,
1664 904 1791 967 quo
1822 886 2241 951 Theomnesti
2270 885 2652 952 Academici

243 990 552 1078 Cratippi
594 993 1019 1078 Peripatetici
1065 994 1432 1061 Philodemi
1471 994 1779 1079 Epicurei
1823 1014 2061 1079 magna
2120 996 2189 1061 in
2232 994 2652 1079 philosophia

241 1103 514 1168 nomina
554 1103 791 1169 multos
835 1112 972 1169 tum
1015 1104 1338 1170 Romanos
1379 1104 1643 1169 iuvenes
1686 1103 2031 1170 trahebant
2063 1104 2159 1186 ¹¹).
2204 1102 2454 1182 Quodsi
2502 1104 2650 1187 quis

239 1212 476 1277 talium
518 1230 731 1277 rerum
775 1214 1070 1279 curiosus
1113 1219 1399 1295 quaerat,
1466 1232 1594 1296 quo
1632 1213 1911 1278 maxime
1970 1232 2139 1278 anno
2185 1214 2472 1279 Athenas
2518 1212 2646 1279 Ho-

241 1320 455 1387 ratius
517 1321 798 1404 petierit‚
864 1320 1382 1404 respondendum
1444 1328 1561 1401 est,
1624 1340 1836 1403 neque
1876 1318 2090 1404 ipsum
2134 1326 2389 1405 poetam
2437 1338 2645 1403 neque

241 1448 618 1513 quenquam
662 1430 863 1495 alium
911 1448 1149 1495 annum
1195 1436 1475 1511 notasse,
1546 1428 1667 1495 sed
1718 1449 1864 1495 cum
1919 1449 2049 1494 non
2100 1431 2309 1513 possit
2360 1428 2648 1495 dubitari

243 1538 410 1621 quin
451 1558 508 1603 a.
560 1539 684 1603 710
727 1558 852 1621 quo
885 1538 1130 1605 Caesar
1165 1536 1633 1604 interficeretur
1660 1536 1934 1604 Athenis
1978 1538 2109 1603 iam
2156 1538 2363 1622 fuerit,
2408 1536 2648 1604 deinde

242 1668 396 1715 cnm
438 1648 550 1731 qui
595 1647 860 1715 iuvenes
905 1668 982 1714 eo
1027 1648 1196 1714 irent
1231 1668 1470 1713 annum
1518 1647 1653 1713 fere
1712 1648 2091 1713 vicesimum
2154 1653 2442 1730 agerent,
2511 1647 2651 1713 veri

241 1758 462 1824 simile
505 1757 738 1839 videri,
781 1758 1024 1823 factum
1067 1757 1232 1824 illud
1280 1776 1425 1823 esse
1466 1777 1525 1822 a.
1572 1777 1633 1822 u.
1678 1776 1732 1821 c.
1778 1756 1899 1821 708
1941 1756 2046 1820 vel
2092 1755 2231 1819 709.
2321 1754 2499 1820 Dura
2556 1761 2651 1820 ta·

241 1887 396 1933 men
435 1875 733 1952 tempora
775 1867 976 1932 multo
1021 1885 1167 1932 eum
1209 1866 1403 1932 citius
1433 1864 1587 1931 inde
1616 1871 1984 1943 avocarunt,
2032 1883 2228 1948 quam
2264 1866 2406 1950 ipse
2430 1870 2647 1950 optas-

242 1982 364 2043 set.
451 1974 618 2041 Nam
661 1996 808 2042 cum
848 1976 1098 2042 interea
1139 1996 1198 2040 a.
1249 1974 1372 2039 710
1415 1973 1486 2039 G.
1532 1972 1739 2039 Iulius
1785 1972 2028 2038 Caesar
2071 1992 2112 2037 a
2152 1972 2351 2037 Bruto
2424 1973 2647 2038 sociis-

245 2104 373 2167 que
445 2085 911 2151 coniurationis
977 2084 1353 2150 interfectus
1417 2088 1612 2165 esset,
1682 2102 1892 2165 neque
1959 2101 2037 2147 eo
2106 2088 2355 2148 mortuo
2400 2082 2643 2147 Romae

245 2194 590 2277 quisquam
634 2200 808 2261 esset
851 2194 962 2277 qui
1009 2193 1304 2261 diversos
1347 2193 1675 2258 hominum
1722 2193 1970 2257 animos
2036 2198 2149 2256 aut
2212 2210 2368 2273 pace
2436 2190 2647 2257 conci·

241 2303 438 2369 liaret
477 2310 590 2369 aut
629 2304 700 2369 vi
745 2302 1157 2387 opprimeret,
1225 2309 1432 2367 totum
1472 2301 1815 2385 imperium
1865 2302 2221 2365 Romanum
2267 2298 2480 2365 subito
2528 2300 2647 2365 ite-

245 2432 390 2478 rum
435 2412 648 2479 civilis
694 2412 853 2478 belli
893 2411 1194 2477 incendio
1237 2410 1559 2496 flagravit.
1643 2409 1911 2475 Antonii
1954 2410 2283 2494 potentiae
2326 2428 2407 2474 ac
2448 2408 2652 2473 furori

245 2522 454 2587 Roma
517 2528 584 2587 et
640 2522 835 2587 Italia
903 2528 1234 2587 cesserunt
1285 2522 1524 2587 Brutus
1570 2520 1994 2603 Cassiusque3
2067 2520 2289 2586 Asiam
2356 2520 2651 2587 Macedo-

245 2631 424 2695 niam
469 2628 814 2695 Graeciam
858 2634 1271 2714 occuparunt,
1315 2648 1585 2713 magnos
1630 2630 1955 2695 exercitus
2000 2636 2328 2713 pararunt.
2416 2629 2653 2695 Brutus

245 2740 394 2823 ipse
455 2756 678 2805 mense
743 2738 1108 2822 Septembri
1165 2756 1221 2803 a.
1269 2738 1392 2803 710
1457 2738 1747 2805 Athenas
1812 2740 2127 2822 pervenit,
2198 2757 2489 2822 quosque
2560 2738 2653 2804 ibi

245 2848 498 2915 invenit
559 2848 827 2913 iuvenes
892 2868 934 2913 a
995 2848 1234 2913 litteris
1301 2848 1370 2911 in
1433 2852 1650 2913 castra
1712 2846 1914 2913 duxit.
2002 2847 2313 2915 Horatius
2374 2866 2653 2930 quoque,

245 2959 359 3041 qui
401 2956 722 3023 nobilium
765 2959 1066 3023 iuvenum
1111 2956 1466 3022 amicitiam
1537 2957 1785 3041 ingenii
1829 2957 2275 3042 magnitudine
2320 2958 2649 3038 animique

246 3066 652 3150 praestantia
693 3066 944 3132 interea
985 3065 1128 3143 sibi,
1163 3076 1625 3150 comparasset,
1672 3066 1927 3151 patriae
1969 3086 2047 3132 ac
2079 3066 2401 3132 libertatis
2431 3085 2651 3132 amore

249 3176 554 3243 incensus
577 3174 660 3257 ¹¹⁸),
726 3174 1021 3258 nunquid
1064 3176 1318 3240 restitui
1363 3183 1581 3259 posset
1622 3177 1939 3259 pristinae
1988 3176 2240 3241 virtutis
2286 3175 2649 3260 periculum

247 3285 536 3351 facturus
600 3306 784 3351 arma
849 3285 1042 3369 cepit.
1131 3284 1214 3349 Et
1277 3284 1476 3349 Bruto
1543 3283 1695 3350 duci
1762 3290 1894 3349 tam
1962 3292 2269 3368 acceptus
2334 3288 2505 3362 erat,
2582 3290 2653 3349 ut

249 3394 546 3477 quamvis
593 3399 766 3460 esset
809 3392 1082 3459 obscuro
1125 3394 1266 3459 loco
1309 3400 1499 3458 natus
1544 3412 1753 3476 neque
1795 3393 2036 3459 bellica
2090 3392 2286 3458 laude
2351 3392 2651 3477 insignis,

247 3510 462 3569 tamen
495 3502 790 3568 tribunus
830 3504 1102 3568 militum
1131 3501 1374 3585 legioni
1404 3508 1907 3586 praeponeretur
1929 3503 2025 3581 ²²).
2069 3502 2297 3585 Itaque
2327 3522 2498 3567 anno
2528 3502 2649 3566 711

248 3612 497 3677 relictis
538 3610 812 3677 Athenis
857 3612 925 3676 in
968 3611 1193 3677 Asiam
1235 3611 1573 3677 traiecisse
1618 3610 1905 3692 videtur3
1979 3631 2129 3676 nam
2191 3632 2271 3677 ne
2334 3612 2457 3677 hoc
2508 3612 2652 3695 qui·
2694 3610 2701 3617 ’

245 3720 394 3787 dem
442 3739 561 3805 pro
605 3730 781 3786 certo
826 3728 1041 3804 potest
1081 3720 1410 3787 affirmari.
1499 3721 1665 3787 Sunt
1720 3728 1931 3785 tamen
1996 3722 2139 3803 loci,
2207 3722 2319 3804 qui
2385 3740 2650 3805 persua.-

245 3830 466 3913 deant,
539 3848 666 3895 non
729 3830 797 3894 in
864 3849 1086 3914 pugna
1147 3832 1354 3896 solum
1415 3830 1500 3895 ad
1545 3829 1889 3915 Philippos
1934 3836 2229 3916 pugnata
2271 3850 2312 3895 a
2354 3831 2650 3915 partibus

248 3959 392 4006 eum
439 3942 696 4006 stetisse
737 3940 938 4014 Bruti,
1009 3938 1124 4005 sed
1177 3940 1423 4005 diutius
1477 3939 1545 4005 in
1599 3942 1831 4006 castris
1874 3942 2120 4007 vixisse
2164 3942 2515 4023 Asiamque
2556 3942 2651 4005 vi-

249 4048 425 4117 disse
450 4052 546 4128 ιι’).
632 4048 888 4127 Quodsi·
950 4050 1043 4115 ita
1105 4068 1210 4115 res
1275 4068 1347 4115 se
1414 4048 1627 4133 habet,
1698 4049 2007 4115 Horatius
2050 4070 2194 4116 cum
2238 4050 2533 4116 exercitu
2575 4050 2643 4115 in

325 4254 416 4322 11)
450 4254 634 4323 Epist.
673 4254 746 4319 Π,
781 4258 833 4324 2,
871 4256 939 4307 43
977 4271 1096 4323 sqq.
1497 4259 1717 4323 narrat,
1760 4261 1827 4309 ut
1870 4255 1989 4323 ipse
2034 4254 2253 4309 audisse
2298 4270 2421 4308 eam
2464 4250 2651 4307 videa·

359 4326 412 4393 *)
451 4326 635 4395 Epist.
674 4326 746 4395 11,
783 4328 834 4387 2,
872 4328 959 4381 47.
1499 4332 1618 4381 tur:
1658 4326 1839 4395 Epist.
1878 4325 1921 4394 1,
1956 4328 2037 4393 11,
2062 4328 2093 4377 7
2134 4325 2403 4379 Lebedum
2442 4326 2522 4379 ita
2560 4324 2651 4379 de-

324 4398 416 4465 12)
453 4396 569 4451 Sat.
610 4396 654 4462 1,
693 4399 745 4466 6,
778 4400 864 4451 48.
901 4398 1081 4467 Epist.
1119 4396 1162 4460 1,
1189 4399 1276 4461 20,
1311 4398 1399 4451 23.
1499 4397 1717 4464 scribit,
1754 4401 1819 4450 ut
1853 4398 2035 4466 ipsum
2074 4398 2155 4450 ibi
2184 4396 2354 4450 fuisse
2382 4398 2505 4450 iure
2537 4396 2650 4450 exi·

250 4466 322 4535 11,
359 4470 412 4537 2,
445 4472 536 4522 47.
1501 4469 1720 4537 stimes3
1745 4468 1947 4522 deinde
1968 4469 2146 4522 Carm.
2180 4467 2251 4535 11,
2274 4468 2325 4533 6,
2348 4469 2397 4520 7.
2436 4467 2509 4536 ΙΙ,
2541 4468 2591 4529 7,
2624 4471 2647 4520 1

324 4542 411 4606 13)
434 4538 551 4593 Sat.
571 4538 666 4607 1,⁷
685 4538 840 4594 litem
856 4539 1197 4596 Clazomenis
1214 4558 1401 4595 eoram
1501 4540 1613 4595 loci
1656 4542 1801 4604 sunt,
1842 4541 1939 4608 qui
1982 4544 2206 4609 poetam
2249 4538 2461 4592 diutius
2505 4538 2651 4593 mili-

249 4610 414 4667 Bruti
457 4610 738 4673 tribunali
773 4616 952 4666 actam
1001 4612 1186 4683 lepide
1222 4616 1280 4666 et
1318 4613 1402 4666 ita
1503 4616 1651 4665 tasse
1691 4616 1894 4683 cogant
1930 4614 1995 4664 ut
2030 4608 2335 4663 credamus.
