3092 5059
989 234 1152 300 LIB.
1198 234 1248 301 Ι.
1295 234 1551 302 ΟΑΒΜ.
1597 236 1739 303 VII.
1786 236 1965 303 VIII.
2594 238 2677 305 55

368 416 842 519 Ambiguam
895 420 1171 498 tellure
1223 445 1445 499 nova·
1481 423 1871 501 Salamina
1928 424 2287 501 futuram.

283 579 336 621 ιο
578 544 646 623 Ο
704 546 943 623 fortes
996 548 1414 648 peioraque
1466 551 1674 646 passi

364 674 676 749 Mecum
727 698 957 773 saepe
1007 673 1179 768 viri,
1227 699 1432 749 nunc
1486 675 1664 750 vino
1723 674 1985 773 pellite
2032 699 2293 769 ouras3

287 876 314 911 ἱ

569 794 759 872 Cras
811 795 1080 896 ingens
1131 797 1578 875 iterabimus
1632 824 1947 900 aequor.

1143 1132 1524 1221 GARMEN
1589 1136 1799 1223 VIII.

363 1299 638 1398 Lydia,
693 1297 841 1396 dic,
896 1324 1038 1400 per
1092 1326 1358 1376 omnes

564 1425 678 1501 Te
729 1424 915 1501 deos
972 1451 1130 1522 ore,
1189 1425 1514 1526 Sybarin
1566 1454 1701 1503 cur
1753 1454 2129 1527 properes
2182 1429 2515 1507 amando

367 1548 726 1646 Perdere,
783 1576 920 1626 cur
975 1551 1322 1648 apricum

567 1671 844 1750 Oderit
893 1699 1273 1776 campum,
1330 1676 1627 1771 patiens
1680 1676 2027 1779 pulveris
2077 1691 2310 1778 atque
2356 1678 2562 1771 solis,

255 1900 330 1951 ut
355 1894 454 1949 ille
481 1894 763 1951 Salamina
791 1914 1012 1965 novam,
1049 1898 1132 1952 ita
1159 1897 1252 1953 hic
1273 1898 1422 1969 Lug-

253 1968 480 2023 dunum
511 1971 570 2022 et
598 1966 900 2023 Rauricam
925 1968 1193 2024 condidit.
1234 1973 1426 2039 Atque

257 2038 368 2095 id
349 2057 370 2092 1
371 2056 536 2109 psum
563 2039 635 2093 de
653 2039 905 2095 Munatio
930 2040 1139 2096 Planco
1177 2042 1238 2097 in
1255 2042 1424 2097 titulo

259 2112 372 2166 illo
415 2110 682 2165 Caietano
717 2112 1426 2183 (IRN.4oss)p1-aedioa··

259 2188 392 2237 tur:
411 2183 474 2236 in
493 2182 732 2237 Galliam
751 2184 1002 2239 colonias
1017 2184 1254 2240 deduxit
1272 2185 1423 2256 Lug-

257 2255 484 2309 dunum
519 2259 578 2309 et
597 2254 952 2311 Ram-icam.“
991 2255 1194 2312 Teum-i
1221 2274 1426 2313 nomen

259 2330 400 2397 post
437 2342 723 2381 caesuram
759 2332 820 2381 et
853 2328 914 2381 in
949 2326 1059 2383 fine
1089 2346 1280 2383 versus
1313 2330 1423 2383 col-

261 2398 520 2453 locatum
541 2398 893 2453 audientium
911 2400 1286 2470 legentiumve
1307 2401 1424 2455 ani·

260 2487 390 2525 mos
425 2469 502 2523 ad
545 2486 604 2525 se
639 2471 936 2526 convertit.
992 2472 1252 2527 Ceterum
1286 2472 1425 2527 haec

260 2558 336 2597 ex
374 2558 482 2595 usu
522 2540 776 2596 Romano
813 2541 886 2597 ad
925 2542 1199 2598 Graecum
1248 2542 1424 2598 homi-

259 2630 398 2667 nem
417 2612 696 2667 translata
716 2620 864 2669 sunt.
895 2614 1420 2681 Cf.Liv.V1.12,6:

260 2682 532 2753 „Camilli
571 2684 744 2740 ductu
786 2692 956 2756 atque
991 2685 1240 2757 auspicio
1279 2688 1421 2742 acci·

259 2772 362 2811 sae
397 2772 488 2809 res
526 2761 724 2811 erant“
763 2762 822 2811 et
857 2776 1037 2827 saepe.
1083 2758 1258 2813 Poeta
1294 2776 1421 2813 con·

257 2830 482 2882 cretum
523 2826 675 2911 quod
712 2834 921 2885 vocant
995 2830 1143 2883 osuit
1178 2847 1284 2899 pro
1325 2830 1421 2885 ab·

258 2902 478 2953 stracto
513 2898 754 2955 nomine.
831 2900 915 2955 cf.
1003 2918 1162 2956 ucan.
1194 2901 1267 2968 11,
1287 2903 1420 2955 371.

266 2970 531 3040 „auspice
567 2970 802 3025 Brutofl
839 2972 1028 3027 Senec.
1071 2970 1274 3027 Troad.
1311 2975 1419 3027 873

259 3047 388 3109 „est
423 3041 652 3110 auspice
684 3042 902 3097 Helena
937 3043 1192 3114 dignus.“
1224 3072 1292 3084 -
1323 3060 1420 3099 au-

259 3113 412 3181 spice
461 3112 673 3181 Teucri]
725 3118 909 3184 genet.
950 3132 1018 3169 ex
1072 3114 1231 3169 codd.
1282 3116 1420 3170 olim

269 3184 552 3251 Kellerus,
610 3202 762 3239 nunc
818 3186 991 3241 etiam
1026 3187 1314 3242 Eckstein.
1363 3193 1421 3242 et

266 3254 560 3310 Schiitzius
585 3256 1005 3325 praetulerunt3
1043 3258 1304 3313 Kellerus
1336 3262 1420 3314 ta

261 3344 392 3381 men
427 3331 652 3382 mutata
686 3329 963 3383 sent-entia
1005 3330 1208 3385 Teucro
1246 3330 1418 3385 ablat.

259 3398 519 3467 reduxit,
577 3399 674 3453 sed
729 3404 1003 3455 commate
1051 3400 1290 3455 divisum
1348 3403 1421 3456 ab

261 3485 366 3523 aas
429 3486 505 3525 ce.
555 3469 712 3525 Nihil
747 3472 1080 3527 mutandum
1121 3490 1238 3527 esse
1274 3472 1422 3528 vidit

261 3540 362 3593 Mu
391 3541 492 3595 ler.
533 3569 602 3581 -
639 3542 930 3613 peioraque
966 3544 1152 3614 passi]
1200 3543 1268 3599 cf.
1307 3544 1416 3599 Cic.

263 3610 520 3679 Tuch,
559 3615 646 3669 37.
683 3612 850 3685 Verg.
886 3618 1028 3670 Aen.
1065 3616 1110 3683 1,
1156 3616 1256 3669 198
1294 3634 1420 3671 cum

265 3701 380 3753 quo
418 3684 628 3739 mirum
661 3690 748 3741 est
773 3704 944 3756 quam
968 3691 1282 3771 congrth
1305 3688 1418 3742 Ho-

265 3754 402 3811 ratii
431 3756 631 3823 verba;
669 3774 843 3827 quare
867 3758 995 3821 fuit,
1024 3759 1122 3829 qui
1143 3775 1258 3813 non
1282 3758 1418 3813 Ver-

303 3827 465 3882 ilium
505 3828 684 3883 solum
719 3828 914 3883 Naevii
951 3847 1141 3885 versus
1175 3847 1246 3885 ex
1269 3830 1418 3885 bello

261 3846 516 3954 {unico
499 3898 784 3954 imitatum
810 3918 928 3956 esse
943 3902 1339 3972 suspicaretur,
1360 3902 1420 3956 id

264 3970 416 4039 quod
435 3969 658 4025 Servius
695 3972 876 4040 docet,
915 3974 1012 4029 sed
1049 3974 1218 4028 etiam
1242 3973 1418 4029 Hora-

267 4040 426 4097 tium.
459 4070 522 4080 —-
549 4042 880 4113 ambiguam]
919 4049 985 4099 ut
1019 4046 1215 4113 falsus,
1252 4045 1416 4099 simu·

267 4112 418 4169 zatus
455 4113 606 4183 apud
643 4114 952 4199 Vergilium
990 4119 1130 4171 Aen.
1167 4115 1266 4185 111,
1295 4118 1416 4171 302.

268 4184 394 4239 349.
431 4184 780 4255 Ambiguum
811 4188 939 4254 erit,
975 4188 1022 4241 si
1060 4188 1186 4257 quis
1225 4188 1286 4242 in
1319 4206 1418 4257 po-

265 4260 482 4311 sterum
519 4255 817 4312 Salaminis
851 4259 1189 4327 meminerit,
1233 4264 1418 4314 utram

264 4327 408 4383 velit
453 4327 720 4397 indicare,
770 4330 828 4384 in
875 4330 1001 4385 sinu
1037 4330 1304 4387 Saronico
1347 4348 1419 4385 an

265 4400 324 4453 in
361 4398 546 4454 insula
584 4399 784 4470 Cypro.
859 4400 1072 4457 Teucer
1117 4404 1138 4458 i
1205 4421 1236 4457 e
1283 4402 1422 4457 haec

264 4476 667 4527 commemorat
703 4473 854 4543 apud
885 4472 1100 4561 Eurip.
1176 4475 1244 4529 el.
1288 4475 1416 4527 146;

261 4538 372 4611 „uic
424 4534 572 4614 τύχω
619 4538 1038 4616 μαντευμάτων,
1073 4538 1228 4620 Ὅπῃ
1281 4542 1416 4603 νεὼς

1519 1900 1789 1971 στείλαιμ’
1824 1894 1897 1955 ἂν
1952 1894 2137 1971 οὔριον
2159 1899 2387 1985 πτερὸν
2431 1905 2532 1961 Εἰς
2564 1905 2673 1972 γῆν

1518 1973 1742 2026 ἐναλίαν
1808 1966 2063 2059 Κύπρον,
2121 1991 2186 2025 ου
2244 1973 2309 2045 μ’
2365 1974 2672 2029 ἐθέσπισεν

1521 2048 1707 2099 Οἰκεῖν
1745 2039 2041 2112 Απόλλων,
2094 2037 2277 2115 ὄνομα
2330 2042 2671 2129 νησιωτικὸν,

1517 2118 1815 2217 Σαλαμῖνα
1871 2121 2145 2185 θέμενον,
2190 2116 2285 2180 τῆς
2338 2117 2455 2169 ἐκεῖ
2500 2112 2671 2188 χάριν

1517 2181 1782 2258 πάτρας-μ

1856 2300 2135 2357 Carmen
2170 2298 2321 2353 VIII.

1593 2398 1917 2469 Castigatur
1941 2397 2159 2453 iuvenis
2186 2397 2491 2461 Romanus,
2518 2400 2668 2469 quod

1517 2469 1733 2539 Lydiae
1767 2488 1957 2526 amore
1990 2474 2049 2525 et
2070 2470 2349 2525 illecebris
2372 2474 2669 2541 tantopere

1517 2559 1577 2597 se
1628 2542 1844 2597 irretiri
1890 2559 2087 2612 passus
2137 2546 2241 2609 est,
2285 2546 2351 2596 ut
2394 2543 2667 2627 neglectis

1517 2614 1776 2669 omnibus
1812 2614 2067 2697 ingenuo
2093 2612 2449 2697 adulescente
2482 2614 2668 2687 dignis

1517 2686 1736 2739 artibus
1784 2690 1843 2740 et
1887 2684 2383 2740 exercitationibus
2426 2685 2541 2741 iam
2588 2687 2665 2742 la·

1516 2762 1638 2812 teat
1674 2757 1825 2827 apud
1870 2756 2259 2812 mulierculam
2304 2758 2425 2827 ipse
2459 2758 2667 2813 effemi-

1515 2833 1683 2883 natus
1722 2846 1788 2883 ac
1822 2827 2026 2882 mollis.
2100 2826 2278 2895 Quam
2322 2846 2445 2883 rem
2490 2828 2665 2884 artifi-

1517 2900 1665 2955 ciose
1712 2900 1795 2953 ita
1839 2900 2093 2955 instituit
2128 2898 2418 2969 Horatius,
2453 2905 2519 2955 ut
2552 2918 2667 2955 non

1513 2972 1701 3041 ipsum
1738 2972 1998 3026 iuvenem
2034 2975 2311 3041 tangeret,
2351 2972 2491 3026 sed
2474 2990 2535 3027 ιιι
2556 2972 2664 3042 Ly-

1514 3042 1668 3097 diam
1740 3043 2113 3097 inveheretur.
2204 3042 2487 3097 Incertum
2562 3049 2667 3113 est,

1516 3132 1661 3183 quae
1683 3114 1888 3183 Lydia,
1914 3114 2037 3182 quis
2057 3113 2283 3184 Sybaris
2308 3113 2499 3169 fuerit.
2537 3116 2667 3185 Ipsa

1515 3190 1701 3240 autem
1762 3186 1991 3241 nomina
2042 3185 2344 3239 mollitiem
2397 3186 2665 3241 indicant.

1515 3257 1600 3311 De
1655 3261 1909 3326 tempore
1966 3257 2133 3312 inane
2179 3260 2265 3311 est
2315 3256 2529 3326 aliquid
2576 3276 2664 3313 su·

1515 3328 1736 3399 spicari.

1586 3400 1653 3454 V.
1708 3402 1754 3453 1.
1833 3398 2117 3470 properes]
2176 3399 2409 3468 Cruquii
2475 3400 2665 3455 lectio·

1513 3488 1643 3526 nem
1688 3477 1749 3527 et
1782 3470 2221 3541 interpungendi
2264 3471 2541 3527 rationem
2578 3490 2663 3526 re-

1513 3544 1709 3611 stitui3
1744 3542 2011 3599 nimirum
2048 3542 2353 3598 verisimile
2390 3547 2493 3611 est,
2529 3543 2663 3598 Cru-

1514 3615 1725 3683 quium.
1764 3615 1861 3683 qui
1898 3614 1969 3669 de
2004 3614 2119 3669 suis
2154 3615 2313 3670 codd.
2340 3614 2487 3669 nihil
2510 3614 2663 3671 dixe·

1512 3686 1607 3747 rit,
1646 3686 1717 3741 ad
1754 3686 2097 3755 optimorum
2146 3704 2373 3741 suorum
2410 3688 2664 3743 codicum

1511 3757 1811 3812 Blandinn.
1867 3757 2266 3813 auctoritatem
2322 3774 2439 3813 sese
2484 3760 2663 3829 appli-

1513 3846 1683 3884 casse.
1755 3828 1835 3883 Et
1867 3834 2019 3884 recte
2056 3827 2449 3900 Peerlkampio
2487 3830 2667 3887 oderit

1511 3901 1662 3955 inter
1695 3900 1943 3969 reliquas
1968 3900 2176 3956 formas
2209 3902 2455 3957 alienum
2478 3902 2661 3957 visum

1513 3977 1616 4041 est,
1665 3972 1783 4027 sive
1830 3990 1934 4041 pro
1982 3973 2335 4027 coniunctivo
2381 3974 2499 4027 sive
2536 3990 2661 4027 cum

1510 4044 1769 4100 Bentleio
1803 4062 1909 4113 pro
1948 4044 2255 4099 indicativo
2280 4044 2461 4099 futuri
2494 4045 2661 4099 habe-

1509 4120 1625 4171 tur.
1700 4114 2051 4171 Coniunctivi
2099 4115 2309 4171 formas
2359 4116 2559 4185 equitet
2606 4120 2663 4170 et

1509 4192 1765 4259 temperet
1806 4187 2012 4241 Keller.
2052 4186 2270 4257 Epileg.
2306 4205 2361 4257 p.
2401 4188 2469 4239 39
2513 4203 2665 4241 nunc
2745 4214 2755 4225 ·

1511 4259 1833 4314 indicativis
1892 4258 2285 4329 praeferendas
2334 4274 2451 4313 esse
2503 4259 2660 4314 codd.

1511 4331 1851 4385 auctoritate
1925 4331 2189 4385 ostendit.
2256 4356 2324 4368 —
2388 4330 2660 4400 campum]

1508 4401 1799 4465 Martium,
1838 4402 1971 4457 solis
2008 4401 2187 4455 aestui
2224 4400 2467 4455 maxime
2494 4419 2661 4471 expo·

1511 4472 1699 4527 situm.
1746 4502 1812 4513 ——
1852 4473 2078 4543 patiens
2118 4470 2293 4553 palu]
2332 4488 2459 4526 cum
2495 4478 2660 4528 antea

1507 4544 1735 4615 patiens
1768 4544 2017 4615 pulveris
2042 4548 2099 4598 et
2123 4542 2255 4599 solis
2288 4541 2481 4600 fuerit.
2517 4544 2659 4600 Tum
