3092 5059
406 183 532 248 390

2718 74 2739 124 Ι

1367 179 1868 248 SATIRARUM

507 369 704 444 Nam
744 381 828 443 ut
867 368 1190 467 quisque
1227 369 1540 443 insanus
1586 367 1829 465 nigris
1870 363 2209 440 medium
2250 364 2609 463 impediit
2648 391 2818 440 crus

508 491 847 569 Pellibus
902 503 978 568 et
1027 490 1266 566 latum
1324 490 1629 566 demisit
1677 502 1991 588 pectore
2044 487 2369 585 clavum,

511 618 760 695 Audit
785 618 1176 695 continuo:
1207 619 1447 717 „Quis
1469 619 1704 694 homo
1728 618 1853 692 hic
1884 619 2045 692 est?
2076 641 2229 716 quo
2255 629 2471 714 patre
2494 610 2821 691 natus?“

429 779 480 820 ω
513 745 622 822 Ut
677 743 742 818 si
793 743 928 843 qui
979 753 1326 840 aegrotet
1379 766 1532 840 quo
1580 741 1853 817 morbo
1908 739 2214 832 Barrus,
2272 738 2545 814 haberi

510 871 604 944 Et
655 868 914 968 cupiat
965 869 1376 961 formosus,
1433 880 1558 942 eat
1611 889 2116 964 quacumque,
2174 863 2453 964 puellis

512 992 792 1068 Iniciat
833 1017 1094 1068 curam
1149 991 1574 1090 quaerendi
1622 989 1948 1089 singula,
2006 989 2217 1088 quali

515 1117 630 1195 Sit
680 1118 897 1214 facie,
950 1143 1150 1214 sura,
1206 1117 1420 1217 quali
1470 1116 1693 1215 pede,
1749 1116 2001 1211 dente,
2058 1115 2383 1214 capillo:

516 1243 646 1320 Sic
701 1245 837 1342 qui
886 1243 1274 1341 promittit
1325 1240 1553 1337 cives,
1606 1242 1877 1317 urbem
1928 1241 2079 1316 sibi
2130 1265 2380 1336 curae,

433 1401 486 1444 as
519 1369 948 1465 Imperium
1001 1368 1172 1443 fore
1223 1381 1300 1443 et
1347 1367 1650 1442 Italiam
1708 1380 1783 1442 et
1834 1365 2163 1442 delubra
2214 1365 2562 1460 deorum,

519 1495 694 1588 Quo
747 1507 966 1595 patre
1013 1495 1111 1570 sit
1157 1505 1404 1590 natus,
1457 1519 1645 1568 num
1698 1494 1964 1592 ignota
2014 1506 2263 1568 matre
2312 1492 2797 1587 inhonestus,

520 1620 809 1697 Omnes
860 1617 1226 1694 mortales
1280 1629 1552 1694 curare
1604 1629 1681 1692 et
1732 1641 2107 1717 quaerere
2155 1618 2385 1716 cogit.

519 1745 786 1841 „Tune
837 1743 1034 1843 Syri,
1087 1743 1378 1820 Damae
1427 1757 1562 1819 aut
1613 1743 1937 1840 Dionysi
1986 1741 2212 1840 filius,
2266 1741 2505 1818 audes

517 1868 841 1946 Deicere
891 1894 936 1946 e
987 1895 1168 1946 saxo
1224 1869 1428 1944 cives
1471 1881 1607 1945 aut
1654 1868 1965 1946 tradere
2018 1868 2319 1948 Cadmo
2334 1864 2421 1943 ?“

434 2026 486 2066 ιο
523 1994 678 2092 „At
726 1993 1018 2070 Novius
1070 1994 1370 2094 collega
1421 1993 1672 2092 gradu
1721 2007 1899 2092 post
1945 2020 2070 2071 me
2124 1991 2341 2069 sedet
2382 2018 2576 2089 uno3

519 2119 874 2220 Namque
888 2133 1004 2196 est
1020 2119 1176 2217 ille,
1189 2131 1408 2219 pater
1429 2119 1641 2220 quod
1653 2118 2121 2197 eratmeus.“
2156 2119 2330 2196 Hoc
2344 2119 2491 2195 tibi
2514 2119 2835 2196 Paullus

518 2247 616 2322 Et
663 2245 1048 2322 Messalla·
1071 2246 1408 2323 videris?
1513 2244 1623 2320 At
1668 2247 1819 2343 hic,
1874 2247 1940 2321 si
1990 2245 2287 2346 plostra
2340 2245 2673 2321 ducenta

521 2370 1160 2470 Concurrantque
1212 2371 1387 2446 foro
1442 2371 1591 2446 tria
1644 2373 1939 2468 funera,
1993 2396 2278 2469 magna
2329 2371 2659 2466 sonabit,

523 2495 838 2574 Cornua
881 2493 1094 2596 quod
1128 2495 1538 2597 vincatque
1571 2500 1831 2593 tubas3
1884 2496 2154 2574 saltem
2204 2509 2413 2574 tenet
2461 2495 2615 2570 hoc
2665 2521 2833 2570 nos.

421 2727 609 2794 ianus;
663 2725 844 2781 occiso
894 2743 1028 2782 vero
1079 2727 1312 2784 Caesare
1363 2729 1579 2798 recepit

421 2799 602 2853 latum
647 2797 852 2852 iterum
889 2798 1131 2868 clavum,
1178 2799 1238 2854 id
1283 2805 1385 2869 est,
1423 2818 1577 2856 sena-

421 2869 628 2924 toriam
677 2869 1033 2940 dignitatem,
1077 2877 1136 2926 et
1177 2872 1438 2928 tribunus
1474 2873 1578 2926 mi-

422 2941 588 2995 litum
659 2939 843 2996 factus
906 2943 1046 2996 est-‘⁴
1141 2943 1347 2998 Comm.
1411 2944 1579 3014 Cruq.

423 3011 663 3068 Tribuni
721 3017 992 3097 quattuor
1044 3014 1355 3084 primarum
1403 3017 1579 3087 legio·

423 3102 560 3140 num
596 3083 882 3140 habebant
918 3086 1005 3140 ius
1052 3087 1158 3141 lati
1194 3087 1358 3143 clavi.
1435 3089 1581 3144 Aliis

422 3156 716 3211 tribunum
758 3156 940 3226 plebis
975 3157 1206 3214 Tillium
1245 3158 1416 3214 fuisse
1448 3177 1580 3230 pro·

422 3228 667 3284 habilius
704 3227 946 3284 videtur.
995 3260 1060 3271 —
1107 3231 1288 3300 nim-is
1363 3231 1579 3302 cuibus]

425 3299 760 3356 Senatorum
827 3301 1000 3356 calcei
1064 3301 1172 3358 hoc
1240 3302 1296 3357 d
1345 3304 1581 3359 erebant

425 3371 499 3428 ab
553 3372 811 3438 aliorum,
871 3373 1026 3443 quod
1075 3379 1342 3443 quattuor
1397 3375 1581 3446 nigris

426 3443 686 3514 corrigiis
725 3445 784 3497 in
822 3445 1006 3501 medio
1043 3461 1207 3500 crure
1253 3447 1582 3516 ligabantur

426 3517 1582 3671 mershesszracs‘ffizz

425 3663 650 3716 natores
683 3660 878 3729 prum)
917 3659 1104 3717 forma
1136 3661 1416 3718 redderet.
1459 3661 1581 3717 Cal-

427 3732 510 3788 cei
545 3731 654 3802 ipsi
692 3729 808 3786 albi
845 3737 946 3787 aut
985 3733 1255 3802 purpurei
1293 3737 1583 3788 erant.—

425 3803 672 3874 Barrua]
720 3802 886 3858 homo
925 3821 1102 3859 vanus
1151 3809 1210 3860 et
1257 3805 1366 3860 sibi
1413 3804 1581 3860 confi-

427 3876 580 3930 dens.
625 3905 690 3916 —-
739 3875 822 3930 Et
857 3875 1076 3946 cupiat]
1122 3875 1212 3932 Sic
1257 3875 1423 3947 longe
1457 3877 1581 3947 plu-

425 3947 574 4004 rima
663 3965 754 4002 ars
806 3947 1151 4029 optimorum
1203 3947 1362 4002 codd.
1367 3947 1583 4017 ,quod

427 4019 542 4074 iam
723 4019 886 4090 quius
1179 4019 1583 4089 interpretatus

429 4095 542 4160 est3
582 4109 714 4146 nam
757 4095 810 4147 et
855 4091 1051 4160 cupiat
1085 4091 1358 4160 formosus
1393 4091 1585 4148 haben

429 4163 827 4232 ἔπεξηγηιικῶς
887 4161 1086 4217 addita
1149 4167 1296 4216 sunt.
1392 4163 1585 4218 Etiam

429 4235 618 4290 Aaron
641 4234 723 4290 ita
747 4235 768 4288 l
841 4233 904 4288 it.
931 4232 1111 4288 Bentl.
1146 4233 1384 4290 Meinek.
1417 4235 1583 4290 Link.

431 4306 664 4362 Kirchn.
677 4307 798 4362 Doe
839 4305 1000 4362 erlin.
1012 4305 1268 4362 Mueller.
1283 4306 1584 4362 Duentzer.

429 4377 902 4449 Lehrs.K1-nger.
953 4382 1016 4432 ut
1063 4377 1274 4449 cupiat,
1319 4379 1469 4448 quod
1516 4396 1587 4436 ex

433 4450 901 4520 interpretatione
949 4453 1138 4504 ortum
1185 4455 1286 4504 est.
1323 4481 1390 4492 —
1438 4451 1588 4506 Tune

433 4519 584 4592 Syri]
628 4521 785 4576 Dicit
818 4520 1024 4589 aliquis
1064 4537 1132 4576 ex
1169 4523 1395 4592 populo.
1451 4521 1588 4578 Tria

1672 2729 1901 2784 nomina
1922 2729 2017 2784 hic
2040 2728 2340 2784 coniuncta
2364 2745 2659 2784 servorum
2684 2734 2839 2783 sunt.

1672 2801 1757 2856 De
1796 2801 2061 2872 genetivo
2293 2801 2347 2856 si
2381 2800 2513 2855 vide
2549 2799 2623 2855 ad
2650 2800 2836 2855 Carm.

1672 2873 1846 2942 1‚,29
1886 2873 1973 2928 14.
2046 2871 2499 2940 Sat.‚,.14138
2552 2871 2833 2942 -saoeoJ

1674 2944 1932 3014 Tarpeio.
1958 2973 2024 2984 —
2052 2942 2283 3013 Cadmo]
2317 2942 2595 3012 „Cadmus
2622 2943 2839 2998 dicitur

1674 3034 1739 3070 eo
1800 3022 2053 3086 tempore
2114 3015 2285 3070 fuisse
2347 3014 2599 3070 carnifex
2666 3019 2837 3070 notae

1674 3087 2080 3147 crudelitatis.“
2136 3087 2318 3142 Schol.
2393 3086 2685 3142 Necandos
2734 3087 2835 3156 qui

1672 3159 1909 3216 tradunt
1934 3159 2099 3223 cives,
2126 3164 2447 3228 quaestores
2473 3164 2605 3212 sunt
2640 3175 2835 3214 rerum

1673 3232 2019 3301 capitalium.
2082 3261 2141 3272 -
2216 3229 2451 3297 Novius]
2508 3229 2837 3300 Respondet

1674 3303 1941 3374 ignobilis
1998 3303 2112 3362 ille.
2172 3302 2471 3357 libertinus
2528 3306 2587 3358 et
2644 3305 2837 3357 tamen

1676 3392 1905 3430 munere
1928 3374 2143 3429 maiore
2174 3375 2442 3444 fungens.
2483 3376 2597 3442 „At
2618 3373 2839 3444 collega

1674 3463 1831 3501 meus
1849 3446 2063 3502 Novius
2096 3463 2211 3500 uno
2244 3445 2427 3516 gradu
2462 3413 2713 3500 deterior
2750 3449 2839 3500 est

1674 3535 1789 3572 me.
1830 3535 1960 3573 nam
1982 3535 2111 3572 cum
2147 3534 2251 3600 ego
2288 3517 2395 3572 sim
2433 3516 2699 3572 libertino
2734 3534 2837 3586 pa-

1672 3594 1765 3644 tre
1806 3595 1991 3658 natus,
2042 3589 2139 3644 ille
2184 3605 2305 3658 ipse
2351 3588 2651 3644 libertinus
2694 3588 2833 3643 est!

1676 3661 1787 3716 Res
1823 3661 2205 3730 metaphorice
2230 3664 2457 3730 sumpta
2486 3665 2573 3716 est
2610 3678 2644 3714 a
2678 3659 2835 3714 thea-

1674 3738 1767 3788 tro
1807 3739 1864 3788 et
1912 3732 2221 3787 ordinibus.
2269 3760 2333 3770 —
2380 3731 2501 3786 Hoc
2546 3729 2672 3802 tibi]
2718 3731 2837 3786 Ho-

1677 3805 1812 3860 ratii
1840 3809 1972 3859 sunt
1999 3804 2229 3859 tribuno
2249 3801 2657 3872 respondentis,
2677 3804 2835 3858 cuius

1678 3877 1849 3932 etiam
1890 3877 2242 3959 insequentes
2286 3891 2481 3930 versus
2522 3877 2669 3938 sunt.
2710 3875 2835 3944 qui-

1677 3949 1783 4003 bus
1820 3965 1988 4018 quam
2018 3949 2207 4017 parvis
2232 3963 2403 4016 saepe
2440 3946 2607 4002 rebus
2644 3947 2837 4001 multi-

1678 4021 1887 4076 tudinis
1907 4019 2175 4074 iudicium
2196 4019 2416 4072 nitatur
2434 4017 2634 4073 acerbe
2652 4023 2839 4074 osten·

1678 4093 1850 4147 ditur.
1908 4119 1977 4130 -
2035 4089 2489 4160 concurrantque]
2548 4089 2633 4144 De
2688 4096 2839 4158 part.

1714 4180 1779 4218 ue
1831 4163 1919 4218 bis
1964 4163 2308 4231 transposita
2352 4160 2483 4216 vide
2528 4161 2603 4218 acl
2653 4161 2841 4216 Oarm.

1707 4234 1752 4303 1,
1775 4237 1826 4302 7,
1850 4235 1941 4288 25.
1978 4263 2041 4274 —-
2080 4233 2251 4304 Foro]
2289 4233 2357 4286 In
2391 4232 2517 4288 foro
2554 4233 2839 4288 habeban-

1678 4313 1775 4362 tur
1812 4305 2162 4362 laudationes
2187 4305 2467 4365 funebres,
2502 4305 2705 4375 quibus
2736 4305 2837 4359 ha-

1678 4377 1815 4434 bitis
1846 4377 2057 4434 mortui
2094 4377 2155 4432 in
2176 4375 2385 4446 Campo
2418 4376 2837 4432 cremabantur.

1874 4447 2259 4519 anatonabit]
2312 4447 2711 4516 of.Sst.1,4.
2746 4450 2839 4502 44.

1681 4521 1871 4578 Iuven.
1941 4521 2197 4589 7,108.
2272 4519 2421 4590 „Ipsi
2486 4537 2693 4590 magna
2752 4537 2841 4576 so-
