<?xml version="1.0" encoding="UTF-8"?>
<!DOCTYPE html PUBLIC "-//W3C//DTD XHTML 1.0 Transitional//EN"
    "http://www.w3.org/TR/xhtml1/DTD/xhtml1-transitional.dtd">
<html xmlns="http://www.w3.org/1999/xhtml" xml:lang="en" lang="en">
 <head>
  <title>
</title>
<meta http-equiv="Content-Type" content="text/html;charset=utf-8" />
  <meta name='ocr-system' content='tesseract 3.04.00' />
  <meta name='ocr-capabilities' content='ocr_page ocr_carea ocr_par ocr_line ocrx_word'/>
</head>
<body>
  <div class='ocr_page' id='page_1' title='image "./qhoratiiflaccio05unkngoog/qhoratiiflaccio05unkngoog_0054.png"; bbox 0 0 3092 5059; ppageno 0'>
   <div class='ocr_carea' id='block_1_1' title="bbox 1511 192 1593 256">
    <p class='ocr_par' dir='ltr' id='par_1_1' title="bbox 1511 192 1593 256">
     <span class='ocr_line' id='line_1_1' title="bbox 1511 192 1593 256; baseline -0.012 0"><span class='ocrx_word' id='word_1_1' title='bbox 1511 192 1593 256; x_wconf 85' lang='lat'><strong>24</strong></span> 
     </span>
    </p>
   </div>
   <div class='ocr_carea' id='block_1_2' title="bbox 365 400 2160 409">
    <p class='ocr_par' dir='ltr' id='par_1_2' title="bbox 365 400 2160 409">
     <span class='ocr_line' id='line_1_2' title="bbox 365 400 2160 409; baseline -0.001 -2"><span class='ocrx_word' id='word_1_2' title='bbox 365 402 373 407; x_wconf 82' lang='lat'><em>.</em></span> <span class='ocrx_word' id='word_1_3' title='bbox 398 400 577 407; x_wconf 74' lang='lat'><em>——-—-.--—</em></span> <span class='ocrx_word' id='word_1_4' title='bbox 613 400 1980 409; x_wconf 57' lang='lat' dir='ltr'><strong>-——--————————-—-—a-—-—--———---—————-n—n—</strong></span> <span class='ocrx_word' id='word_1_5' title='bbox 1997 400 2160 407; x_wconf 53' lang='lat'><strong>*-</strong></span> 
     </span>
    </p>
   </div>
   <div class='ocr_carea' id='block_1_3' title="bbox 1063 457 2754 613">
    <p class='ocr_par' dir='ltr' id='par_1_3' title="bbox 1063 457 2754 613">
     <span class='ocr_line' id='line_1_3' title="bbox 1063 457 2754 613; baseline -0.002 -30"><span class='ocrx_word' id='word_1_6' title='bbox 1063 526 1344 583; x_wconf 84' lang='lat' dir='ltr'><strong>Consules.</strong></span> <span class='ocrx_word' id='word_1_7' title='bbox 1517 457 1524 613; x_wconf 59' lang='grc' dir='ltr'><em>ζ</em></span> <span class='ocrx_word' id='word_1_8' title='bbox 1556 527 1703 597; x_wconf 83' lang='lat' dir='ltr'><strong>Quid</strong></span> <span class='ocrx_word' id='word_1_9' title='bbox 1718 576 1725 584; x_wconf 95' lang='lat'><strong>.</strong></span> <span class='ocrx_word' id='word_1_10' title='bbox 1740 527 1829 581; x_wconf 89' lang='lat' dir='ltr'><strong>his</strong></span> <span class='ocrx_word' id='word_1_11' title='bbox 1866 527 2027 581; x_wconf 83' lang='lat' dir='ltr'><strong>annis</strong></span> <span class='ocrx_word' id='word_1_12' title='bbox 2062 533 2281 598; x_wconf 81' lang='lat' dir='ltr'><strong>gestum</strong></span> <span class='ocrx_word' id='word_1_13' title='bbox 2318 529 2409 596; x_wconf 90' lang='lat' dir='ltr'><strong>sit,</strong></span> <span class='ocrx_word' id='word_1_14' title='bbox 2454 526 2754 583; x_wconf 85' lang='lat' dir='ltr'><strong>indicatur.</strong></span> 
     </span>
    </p>
   </div>
   <div class='ocr_carea' id='block_1_4' title="bbox 1517 618 1523 707">
    <p class='ocr_par' dir='ltr' id='par_1_4' title="bbox 1517 618 1523 707">
     <span class='ocr_line' id='line_1_4' title="bbox 1517 618 1523 707; baseline 0 0"><span class='ocrx_word' id='word_1_15' title='bbox 1517 618 1523 707; x_wconf 87' lang='grc'>1</span> 
     </span>
    </p>
   </div>
   <div class='ocr_carea' id='block_1_5' title="bbox 661 457 814 509">
    <p class='ocr_par' dir='ltr' id='par_1_5' title="bbox 661 457 814 509">
     <span class='ocr_line' id='line_1_5' title="bbox 661 457 814 509; baseline 0 0"><span class='ocrx_word' id='word_1_16' title='bbox 661 457 814 509; x_wconf 79' lang='lat' dir='ltr'><strong>Anni</strong></span> 
     </span>
    </p>
   </div>
   <div class='ocr_carea' id='block_1_6' title="bbox 403 486 835 709">
    <p class='ocr_par' dir='ltr' id='par_1_6' title="bbox 403 486 835 709">
     <span class='ocr_line' id='line_1_6' title="bbox 403 486 825 583; baseline -0.005 0"><span class='ocrx_word' id='word_1_17' title='bbox 403 486 552 539; x_wconf 68' lang='lat' dir='ltr'><strong>Anni</strong></span> <span class='ocrx_word' id='word_1_18' title='bbox 655 532 825 583; x_wconf 84' lang='lat' dir='ltr'><strong>aetat.</strong></span> 
     </span>
     <span class='ocr_line' id='line_1_7' title="bbox 408 590 835 709; baseline -0.005 -56"><span class='ocrx_word' id='word_1_19' title='bbox 408 591 462 627; x_wconf 78' lang='lat'><strong>¹²·</strong></span> <span class='ocrx_word' id='word_1_20' title='bbox 499 590 545 628; x_wconf 66' lang='grc' dir='ltr'><strong>ο·</strong></span> <span class='ocrx_word' id='word_1_21' title='bbox 601 615 607 709; x_wconf 60' lang='grc' dir='ltr'>ἰ</span> <span class='ocrx_word' id='word_1_22' title='bbox 639 598 835 654; x_wconf 79' lang='lat' dir='ltr'><strong>Horat.</strong></span> 
     </span>
    </p>
   </div>
   <div class='ocr_carea' id='block_1_7' title="bbox 601 412 608 612">
    <p class='ocr_par' dir='ltr' id='par_1_7' title="bbox 601 412 608 612">
     <span class='ocr_line' id='line_1_8' title="bbox 601 412 608 612; baseline 0 4447"><span class='ocrx_word' id='word_1_23' title='bbox 601 412 608 612; x_wconf 95' lang='lat' dir='ltr'><strong> </strong></span> 
     </span>
    </p>
   </div>
   <div class='ocr_carea' id='block_1_8' title="bbox 858 414 866 649">
    <p class='ocr_par' dir='ltr' id='par_1_8' title="bbox 858 414 866 649">
     <span class='ocr_line' id='line_1_9' title="bbox 858 414 866 649; baseline 0 4410"><span class='ocrx_word' id='word_1_24' title='bbox 858 414 866 649; x_wconf 95' lang='lat' dir='ltr'><strong> </strong></span> 
     </span>
    </p>
   </div>
   <div class='ocr_carea' id='block_1_9' title="bbox 1629 753 2754 899">
    <p class='ocr_par' dir='ltr' id='par_1_9' title="bbox 1629 753 2754 899">
     <span class='ocr_line' id='line_1_10' title="bbox 1631 753 2754 825; baseline -0.001 -16"><span class='ocrx_word' id='word_1_25' title='bbox 1631 755 1880 809; x_wconf 85' lang='lat' dir='ltr'><strong>Siciliam</strong></span> <span class='ocrx_word' id='word_1_26' title='bbox 1897 754 2289 825; x_wconf 86' lang='lat' dir='ltr'><strong>proficiscitur,</strong></span> <span class='ocrx_word' id='word_1_27' title='bbox 2316 753 2447 809; x_wconf 90' lang='lat' dir='ltr'><strong>inde</strong></span> <span class='ocrx_word' id='word_1_28' title='bbox 2476 754 2535 808; x_wconf 92' lang='lat' dir='ltr'><strong>in</strong></span> <span class='ocrx_word' id='word_1_29' title='bbox 2560 755 2754 809; x_wconf 84' lang='lat' dir='ltr'><strong>Asiam</strong></span> 
     </span>
     <span class='ocr_line' id='line_1_11' title="bbox 1629 842 2044 899; baseline -0.01 -1"><span class='ocrx_word' id='word_1_30' title='bbox 1629 844 1739 899; x_wconf 88' lang='lat' dir='ltr'><strong>iter</strong></span> <span class='ocrx_word' id='word_1_31' title='bbox 1776 842 2044 898; x_wconf 77' lang='lat' dir='ltr'><strong>facturus.</strong></span> 
     </span>
    </p>
   </div>
   <div class='ocr_carea' id='block_1_10' title="bbox 1515 730 1525 966">
    <p class='ocr_par' dir='ltr' id='par_1_10' title="bbox 1515 730 1525 966">
     <span class='ocr_line' id='line_1_12' title="bbox 1515 730 1525 966; baseline 0 0"><span class='ocrx_word' id='word_1_32' title='bbox 1515 730 1525 966; x_wconf 95' lang='lat' dir='ltr'><strong> </strong></span> 
     </span>
    </p>
   </div>
   <div class='ocr_carea' id='block_1_11' title="bbox 859 730 870 1029">
    <p class='ocr_par' dir='ltr' id='par_1_11' title="bbox 859 730 870 1029">
     <span class='ocr_line' id='line_1_13' title="bbox 859 730 870 1029; baseline 0 4030"><span class='ocrx_word' id='word_1_33' title='bbox 859 730 870 1029; x_wconf 95' lang='lat' dir='ltr'><strong> </strong></span> 
     </span>
    </p>
   </div>
   <div class='ocr_carea' id='block_1_12' title="bbox 859 1455 868 1635">
    <p class='ocr_par' dir='ltr' id='par_1_12' title="bbox 859 1455 868 1635">
     <span class='ocr_line' id='line_1_14' title="bbox 859 1455 868 1635; baseline 0 3424"><span class='ocrx_word' id='word_1_34' title='bbox 859 1455 868 1635; x_wconf 95' lang='lat' dir='ltr'><strong> </strong></span> 
     </span>
    </p>
   </div>
   <div class='ocr_carea' id='block_1_13' title="bbox 1516 1722 1522 1904">
    <p class='ocr_par' dir='ltr' id='par_1_13' title="bbox 1516 1722 1522 1904">
     <span class='ocr_line' id='line_1_15' title="bbox 1516 1722 1522 1904; baseline 0 0"><span class='ocrx_word' id='word_1_35' title='bbox 1516 1722 1522 1904; x_wconf 95' lang='lat' dir='ltr'><strong> </strong></span> 
     </span>
    </p>
   </div>
   <div class='ocr_carea' id='block_1_14' title="bbox 859 1638 868 2000">
    <p class='ocr_par' dir='ltr' id='par_1_14' title="bbox 859 1638 868 2000">
     <span class='ocr_line' id='line_1_16' title="bbox 859 1638 868 2000; baseline 0 3059"><span class='ocrx_word' id='word_1_36' title='bbox 859 1638 868 2000; x_wconf 95' lang='lat' dir='ltr'><strong> </strong></span> 
     </span>
    </p>
   </div>
   <div class='ocr_carea' id='block_1_15' title="bbox 1517 2096 1522 2256">
    <p class='ocr_par' dir='ltr' id='par_1_15' title="bbox 1517 2096 1522 2256">
     <span class='ocr_line' id='line_1_17' title="bbox 1517 2096 1522 2256; baseline 0 0"><span class='ocrx_word' id='word_1_37' title='bbox 1517 2096 1522 2256; x_wconf 95' lang='lat' dir='ltr'><strong> </strong></span> 
     </span>
    </p>
   </div>
   <div class='ocr_carea' id='block_1_16' title="bbox 858 2003 866 2356">
    <p class='ocr_par' dir='ltr' id='par_1_16' title="bbox 858 2003 866 2356">
     <span class='ocr_line' id='line_1_18' title="bbox 858 2003 866 2356; baseline 0 2703"><span class='ocrx_word' id='word_1_38' title='bbox 858 2003 866 2356; x_wconf 95' lang='lat' dir='ltr'><strong> </strong></span> 
     </span>
    </p>
   </div>
   <div class='ocr_carea' id='block_1_17' title="bbox 858 2469 865 2762">
    <p class='ocr_par' dir='ltr' id='par_1_17' title="bbox 858 2469 865 2762">
     <span class='ocr_line' id='line_1_19' title="bbox 858 2469 865 2762; baseline 0 2297"><span class='ocrx_word' id='word_1_39' title='bbox 858 2469 865 2762; x_wconf 95' lang='lat' dir='ltr'><strong> </strong></span> 
     </span>
    </p>
   </div>
   <div class='ocr_carea' id='block_1_18' title="bbox 1517 2524 1523 2714">
    <p class='ocr_par' dir='ltr' id='par_1_18' title="bbox 1517 2524 1523 2714">
     <span class='ocr_line' id='line_1_20' title="bbox 1517 2524 1523 2714; baseline 0 0"><span class='ocrx_word' id='word_1_40' title='bbox 1517 2524 1523 2714; x_wconf 95' lang='lat' dir='ltr'><strong> </strong></span> 
     </span>
    </p>
   </div>
   <div class='ocr_carea' id='block_1_19' title="bbox 857 2765 865 2959">
    <p class='ocr_par' dir='ltr' id='par_1_19' title="bbox 857 2765 865 2959">
     <span class='ocr_line' id='line_1_21' title="bbox 857 2765 865 2959; baseline 0 2100"><span class='ocrx_word' id='word_1_41' title='bbox 857 2765 865 2959; x_wconf 95' lang='lat' dir='ltr'><strong> </strong></span> 
     </span>
    </p>
   </div>
   <div class='ocr_carea' id='block_1_20' title="bbox 1514 2789 1522 3026">
    <p class='ocr_par' dir='ltr' id='par_1_20' title="bbox 1514 2789 1522 3026">
     <span class='ocr_line' id='line_1_22' title="bbox 1514 2789 1522 3026; baseline 0 2033"><span class='ocrx_word' id='word_1_42' title='bbox 1514 2789 1522 3026; x_wconf 95' lang='lat' dir='ltr'><strong> </strong></span> 
     </span>
    </p>
   </div>
   <div class='ocr_carea' id='block_1_21' title="bbox 425 930 2763 3474">
    <p class='ocr_par' dir='ltr' id='par_1_21' title="bbox 428 930 2763 1003">
     <span class='ocr_line' id='line_1_23' title="bbox 428 930 2763 1003; baseline -0.002 -14"><span class='ocrx_word' id='word_1_43' title='bbox 428 936 552 990; x_wconf 81' lang='lat'><strong>733.</strong></span> <span class='ocrx_word' id='word_1_44' title='bbox 690 932 776 985; x_wconf 81' lang='lat'><strong>44.</strong></span> <span class='ocrx_word' id='word_1_45' title='bbox 897 931 974 986; x_wconf 82' lang='lat' dir='ltr'><strong>M.</strong></span> <span class='ocrx_word' id='word_1_46' title='bbox 1015 931 1231 985; x_wconf 87' lang='lat' dir='ltr'><strong>Lollius</strong></span> <span class='ocrx_word' id='word_1_47' title='bbox 1282 930 1346 998; x_wconf 81' lang='lat' dir='ltr'><strong>Q.</strong></span> <span class='ocrx_word' id='word_1_48' title='bbox 1389 935 1522 992; x_wconf 78' lang='lat' dir='ltr'><strong>Ae·,</strong></span> <span class='ocrx_word' id='word_1_49' title='bbox 1557 934 1843 1003; x_wconf 81' lang='lat' dir='ltr'><strong>Augustus</strong></span> <span class='ocrx_word' id='word_1_50' title='bbox 1888 933 1949 985; x_wconf 90' lang='lat' dir='ltr'><strong>in</strong></span> <span class='ocrx_word' id='word_1_51' title='bbox 1986 930 2291 993; x_wconf 72' lang='lat' dir='ltr'><strong>Graeciam,</strong></span> <span class='ocrx_word' id='word_1_52' title='bbox 2349 930 2482 986; x_wconf 87' lang='lat' dir='ltr'><strong>hinc</strong></span> <span class='ocrx_word' id='word_1_53' title='bbox 2526 930 2763 985; x_wconf 82' lang='lat' dir='ltr'><strong>Samum&#39;</strong></span> 
     </span>
    </p>

    <p class='ocr_par' dir='ltr' id='par_1_22' title="bbox 859 995 2757 1447">
     <span class='ocr_line' id='line_1_24' title="bbox 930 995 2753 1094; baseline 0 -21"><span class='ocrx_word' id='word_1_54' title='bbox 930 1020 1120 1074; x_wconf 89' lang='lat' dir='ltr'><strong>milius</strong></span> <span class='ocrx_word' id='word_1_55' title='bbox 1157 1018 1416 1094; x_wconf 75' lang='lat' dir='ltr'><strong>Lepidus.</strong></span> <span class='ocrx_word' id='word_1_56' title='bbox 1517 995 1525 1092; x_wconf 66' lang='lat' dir='ltr'><strong>&#39;g</strong></span> <span class='ocrx_word' id='word_1_57' title='bbox 1626 1022 1736 1075; x_wconf 89' lang='lat' dir='ltr'><strong>iter</strong></span> <span class='ocrx_word' id='word_1_58' title='bbox 1770 1020 1937 1089; x_wconf 78' lang='lat' dir='ltr'><strong>facit;</strong></span> <span class='ocrx_word' id='word_1_59' title='bbox 1986 1021 2046 1075; x_wconf 87' lang='lat' dir='ltr'><strong>in</strong></span> <span class='ocrx_word' id='word_1_60' title='bbox 2090 1019 2274 1073; x_wconf 88' lang='lat' dir='ltr'><strong>insula</strong></span> <span class='ocrx_word' id='word_1_61' title='bbox 2310 1016 2475 1073; x_wconf 88' lang='lat' dir='ltr'><strong>Samo</strong></span> <span class='ocrx_word' id='word_1_62' title='bbox 2525 1019 2753 1074; x_wconf 86' lang='lat' dir='ltr'><strong>hiemat.</strong></span> 
     </span>
     <span class='ocr_line' id='line_1_25' title="bbox 859 1033 2757 1213; baseline 0.001 -53"><span class='ocrx_word' id='word_1_63' title='bbox 859 1033 868 1213; x_wconf 60' lang='grc' dir='ltr'><strong>ι</strong></span> <span class='ocrx_word' id='word_1_64' title='bbox 1517 1099 1524 1201; x_wconf 52' lang='lat' dir='ltr'><strong>j</strong></span> <span class='ocrx_word' id='word_1_65' title='bbox 1628 1108 1885 1178; x_wconf 80' lang='lat' dir='ltr'><strong>Agrippa</strong></span> <span class='ocrx_word' id='word_1_66' title='bbox 1940 1107 2244 1176; x_wconf 73' lang='lat' dir='ltr'><strong>Mytilenis,</strong></span> <span class='ocrx_word' id='word_1_67' title='bbox 2316 1124 2427 1176; x_wconf 91' lang='lat' dir='ltr'><strong>quo</strong></span> <span class='ocrx_word' id='word_1_68' title='bbox 2486 1126 2561 1176; x_wconf 88' lang='lat' dir='ltr'><strong>se,</strong></span> <span class='ocrx_word' id='word_1_69' title='bbox 2630 1124 2757 1162; x_wconf 89' lang='lat' dir='ltr'><strong>cum</strong></span> 
     </span>
     <span class='ocr_line' id='line_1_26' title="bbox 859 1194 2757 1277; baseline -0.001 -27"><span class='ocrx_word' id='word_1_70' title='bbox 859 1217 868 1250; x_wconf 71' lang='grc' dir='ltr'><strong>ι</strong></span> <span class='ocrx_word' id='word_1_71' title='bbox 1518 1205 1524 1277; x_wconf 72' lang='grc' dir='ltr'>ξ</span> <span class='ocrx_word' id='word_1_72' title='bbox 1626 1194 1957 1251; x_wconf 79' lang='lat' dir='ltr'><strong>Marcellum</strong></span> <span class='ocrx_word' id='word_1_73' title='bbox 2008 1196 2117 1251; x_wconf 87' lang='lat' dir='ltr'><strong>sibi</strong></span> <span class='ocrx_word' id='word_1_74' title='bbox 2170 1194 2447 1266; x_wconf 81' lang='lat' dir='ltr'><strong>praeferri</strong></span> <span class='ocrx_word' id='word_1_75' title='bbox 2506 1196 2757 1262; x_wconf 76' lang='lat' dir='ltr'><strong>vidisset,</strong></span> 
     </span>
     <span class='ocr_line' id='line_1_27' title="bbox 861 1261 2755 1396; baseline 0 -57"><span class='ocrx_word' id='word_1_76' title='bbox 861 1261 867 1284; x_wconf 64' lang='lat'><strong>⁴</strong></span> <span class='ocrx_word' id='word_1_77' title='bbox 1517 1298 1523 1396; x_wconf 47' lang='lat'><em>³</em></span> <span class='ocrx_word' id='word_1_78' title='bbox 1626 1284 1963 1352; x_wconf 74' lang='lat' dir='ltr'><strong>contulerat,</strong></span> <span class='ocrx_word' id='word_1_79' title='bbox 2000 1283 2237 1339; x_wconf 77' lang='lat' dir='ltr'><strong>Romam</strong></span> <span class='ocrx_word' id='word_1_80' title='bbox 2271 1284 2421 1339; x_wconf 88' lang='lat' dir='ltr'><strong>redit</strong></span> <span class='ocrx_word' id='word_1_81' title='bbox 2442 1283 2755 1355; x_wconf 85' lang='lat' dir='ltr'><strong>Iuliamque</strong></span> 
     </span>
     <span class='ocr_line' id='line_1_28' title="bbox 861 1287 2357 1447; baseline 0.003 -24"><span class='ocrx_word' id='word_1_82' title='bbox 861 1287 867 1447; x_wconf 61' lang='lat'><strong><em>⁴</em></strong></span> <span class='ocrx_word' id='word_1_83' title='bbox 1629 1374 1685 1425; x_wconf 91' lang='lat' dir='ltr'><strong>in</strong></span> <span class='ocrx_word' id='word_1_84' title='bbox 1724 1372 2146 1427; x_wconf 78' lang='lat' dir='ltr'><strong>matrimonium</strong></span> <span class='ocrx_word' id='word_1_85' title='bbox 2184 1372 2357 1428; x_wconf 84' lang='lat' dir='ltr'><strong>ducit.</strong></span> 
     </span>
    </p>

    <p class='ocr_par' dir='ltr' id='par_1_23' title="bbox 428 1399 2755 1642">
     <span class='ocr_line' id='line_1_29' title="bbox 428 1399 2753 1533; baseline -0.001 -17"><span class='ocrx_word' id='word_1_86' title='bbox 428 1466 550 1518; x_wconf 79' lang='lat'><strong>784.</strong></span> <span class='ocrx_word' id='word_1_87' title='bbox 685 1462 773 1515; x_wconf 79' lang='lat'><strong>45.</strong></span> <span class='ocrx_word' id='word_1_88' title='bbox 895 1461 971 1516; x_wconf 81' lang='lat' dir='ltr'><strong>M.</strong></span> <span class='ocrx_word' id='word_1_89' title='bbox 1001 1463 1306 1533; x_wconf 75' lang='lat' dir='ltr'><strong>Appuleius</strong></span> <span class='ocrx_word' id='word_1_90' title='bbox 1328 1462 1388 1515; x_wconf 90' lang='lat' dir='ltr'><strong>P.</strong></span> <span class='ocrx_word' id='word_1_91' title='bbox 1413 1399 1523 1517; x_wconf 58' lang='lat' dir='ltr'><strong>{si-l</strong></span> <span class='ocrx_word' id='word_1_92' title='bbox 1556 1462 1845 1530; x_wconf 83' lang='lat' dir='ltr'><strong>Augustus</strong></span> <span class='ocrx_word' id='word_1_93' title='bbox 1884 1461 1942 1513; x_wconf 91' lang='lat' dir='ltr'><strong>in</strong></span> <span class='ocrx_word' id='word_1_94' title='bbox 1981 1462 2133 1524; x_wconf 85' lang='lat' dir='ltr'><strong>Asia,</strong></span> <span class='ocrx_word' id='word_1_95' title='bbox 2172 1461 2441 1517; x_wconf 76' lang='lat' dir='ltr'><strong>Prahates</strong></span> <span class='ocrx_word' id='word_1_96' title='bbox 2487 1462 2753 1531; x_wconf 89' lang='lat' dir='ltr'><strong>perterri-</strong></span> 
     </span>
     <span class='ocr_line' id='line_1_30' title="bbox 933 1522 2755 1642; baseline 0.001 -39"><span class='ocrx_word' id='word_1_97' title='bbox 933 1550 1041 1605; x_wconf 88' lang='lat' dir='ltr'><strong>lius</strong></span> <span class='ocrx_word' id='word_1_98' title='bbox 1076 1550 1277 1605; x_wconf 84' lang='lat' dir='ltr'><strong>Nerva.</strong></span> <span class='ocrx_word' id='word_1_99' title='bbox 1517 1522 1523 1642; x_wconf 62' lang='grc'>1</span> <span class='ocrx_word' id='word_1_100' title='bbox 1625 1553 1719 1602; x_wconf 90' lang='lat' dir='ltr'><strong>tus</strong></span> <span class='ocrx_word' id='word_1_101' title='bbox 1766 1550 1927 1620; x_wconf 82' lang='lat' dir='ltr'><strong>signa</strong></span> <span class='ocrx_word' id='word_1_102' title='bbox 1975 1550 2110 1604; x_wconf 90' lang='lat' dir='ltr'><strong>olim</strong></span> <span class='ocrx_word' id='word_1_103' title='bbox 2158 1550 2355 1605; x_wconf 79' lang='lat' dir='ltr'><strong>Crasso</strong></span> <span class='ocrx_word' id='word_1_104' title='bbox 2406 1554 2601 1620; x_wconf 87' lang='lat' dir='ltr'><strong>erepta</strong></span> <span class='ocrx_word' id='word_1_105' title='bbox 2656 1567 2755 1605; x_wconf 85' lang='lat' dir='ltr'><strong>sua</strong></span> 
     </span>
    </p>

    <p class='ocr_par' dir='ltr' id='par_1_24' title="bbox 1517 1637 2757 1883">
     <span class='ocr_line' id='line_1_31' title="bbox 1517 1637 2756 1721; baseline 0.001 -29"><span class='ocrx_word' id='word_1_106' title='bbox 1517 1657 1522 1721; x_wconf 59' lang='grc' dir='ltr'>ξ</span> <span class='ocrx_word' id='word_1_107' title='bbox 1626 1641 1825 1707; x_wconf 86' lang='lat' dir='ltr'><strong>sponte</strong></span> <span class='ocrx_word' id='word_1_108' title='bbox 1860 1638 2119 1693; x_wconf 76' lang='lat' dir='ltr'><strong>remittit.</strong></span> <span class='ocrx_word' id='word_1_109' title='bbox 2180 1637 2450 1710; x_wconf 76' lang='lat' dir='ltr'><strong>Tigranes</strong></span> <span class='ocrx_word' id='word_1_110' title='bbox 2474 1638 2756 1693; x_wconf 83' lang='lat' dir='ltr'><strong>Armeniis</strong></span> 
     </span>
     <span class='ocr_line' id='line_1_32' title="bbox 1627 1726 2757 1797; baseline 0.002 -17"><span class='ocrx_word' id='word_1_111' title='bbox 1627 1743 1728 1780; x_wconf 85' lang='lat' dir='ltr'><strong>rex</strong></span> <span class='ocrx_word' id='word_1_112' title='bbox 1747 1726 2003 1782; x_wconf 74' lang='lat' dir='ltr'><strong>redditur</strong></span> <span class='ocrx_word' id='word_1_113' title='bbox 2021 1746 2056 1782; x_wconf 87' lang='lat' dir='ltr'><strong>a</strong></span> <span class='ocrx_word' id='word_1_114' title='bbox 2072 1726 2300 1783; x_wconf 88' lang='lat' dir='ltr'><strong>Tiberio</strong></span> <span class='ocrx_word' id='word_1_115' title='bbox 2318 1726 2556 1781; x_wconf 81' lang='lat' dir='ltr'><strong>Nerone.</strong></span> <span class='ocrx_word' id='word_1_116' title='bbox 2576 1726 2757 1797; x_wconf 87' lang='lat' dir='ltr'><strong>Epist.</strong></span> 
     </span>
     <span class='ocr_line' id='line_1_33' title="bbox 1626 1812 2012 1883; baseline 0.005 -16"><span class='ocrx_word' id='word_1_117' title='bbox 1626 1812 1669 1883; x_wconf 91' lang='lat'><strong>1,</strong></span> <span class='ocrx_word' id='word_1_118' title='bbox 1707 1816 1758 1868; x_wconf 81' lang='lat'><strong>3.</strong></span> <span class='ocrx_word' id='word_1_119' title='bbox 1806 1816 1887 1868; x_wconf 85' lang='lat'><strong>12.</strong></span> <span class='ocrx_word' id='word_1_120' title='bbox 1930 1818 2012 1872; x_wconf 84' lang='lat'><strong>18.</strong></span> 
     </span>
    </p>

    <p class='ocr_par' dir='ltr' id='par_1_25' title="bbox 428 1898 2758 2336">
     <span class='ocr_line' id='line_1_34' title="bbox 428 1898 2758 1990; baseline -0.001 -31"><span class='ocrx_word' id='word_1_121' title='bbox 428 1910 548 1963; x_wconf 77' lang='lat'><strong>735.</strong></span> <span class='ocrx_word' id='word_1_122' title='bbox 684 1903 772 1957; x_wconf 79' lang='lat'><strong>46,</strong></span> <span class='ocrx_word' id='word_1_123' title='bbox 896 1904 952 1959; x_wconf 89' lang='lat' dir='ltr'><strong>C.</strong></span> <span class='ocrx_word' id='word_1_124' title='bbox 983 1904 1205 1959; x_wconf 86' lang='lat' dir='ltr'><strong>Sentius</strong></span> <span class='ocrx_word' id='word_1_125' title='bbox 1245 1904 1522 1990; x_wconf 52' lang='lat' dir='ltr'><strong>Saturni-ff</strong></span> <span class='ocrx_word' id='word_1_126' title='bbox 1558 1898 1836 1971; x_wconf 78' lang='lat' dir='ltr'><strong>Vergilius</strong></span> <span class='ocrx_word' id='word_1_127' title='bbox 1891 1903 1951 1956; x_wconf 92' lang='lat' dir='ltr'><strong>in</strong></span> <span class='ocrx_word' id='word_1_128' title='bbox 2005 1902 2295 1959; x_wconf 84' lang='lat' dir='ltr'><strong>Graeciam</strong></span> <span class='ocrx_word' id='word_1_129' title='bbox 2348 1903 2758 1974; x_wconf 80' lang='lat' dir='ltr'><strong>proficiscitur3</strong></span> 
     </span>
     <span class='ocr_line' id='line_1_35' title="bbox 930 1990 2758 2077; baseline -0.001 -30"><span class='ocrx_word' id='word_1_130' title='bbox 930 2010 1035 2047; x_wconf 86' lang='lat' dir='ltr'><strong>nus</strong></span> <span class='ocrx_word' id='word_1_131' title='bbox 1087 1992 1150 2061; x_wconf 78' lang='lat' dir='ltr'><strong>Q.</strong></span> <span class='ocrx_word' id='word_1_132' title='bbox 1199 1992 1522 2077; x_wconf 55' lang='lat' dir='ltr'><strong>Lucretius!</strong></span> <span class='ocrx_word' id='word_1_133' title='bbox 1627 1990 1869 2045; x_wconf 78' lang='lat' dir='ltr'><strong>moritur</strong></span> <span class='ocrx_word' id='word_1_134' title='bbox 1932 1990 2236 2047; x_wconf 87' lang='lat' dir='ltr'><strong>Brundisii.</strong></span> <span class='ocrx_word' id='word_1_135' title='bbox 2331 1994 2617 2063; x_wconf 82' lang='lat' dir='ltr'><strong>Augustus</strong></span> <span class='ocrx_word' id='word_1_136' title='bbox 2688 2008 2758 2047; x_wconf 83' lang='lat' dir='ltr'><strong>ex</strong></span> 
     </span>
     <span class='ocr_line' id='line_1_36' title="bbox 935 2078 2757 2151; baseline 0 -16"><span class='ocrx_word' id='word_1_137' title='bbox 935 2080 1193 2151; x_wconf 79' lang='lat' dir='ltr'><strong>Vespillo,</strong></span> <span class='ocrx_word' id='word_1_138' title='bbox 1240 2080 1374 2135; x_wconf 80' lang='lat' dir='ltr'><strong>Suff.</strong></span> <span class='ocrx_word' id='word_1_139' title='bbox 1417 2078 1522 2134; x_wconf 80' lang='lat' dir='ltr'><strong>M.·</strong></span> <span class='ocrx_word' id='word_1_140' title='bbox 1627 2078 1790 2133; x_wconf 85' lang='lat' dir='ltr'><strong>Samo</strong></span> <span class='ocrx_word' id='word_1_141' title='bbox 1855 2080 2039 2135; x_wconf 89' lang='lat' dir='ltr'><strong>insula</strong></span> <span class='ocrx_word' id='word_1_142' title='bbox 2102 2080 2159 2135; x_wconf 86' lang='lat' dir='ltr'><strong>in</strong></span> <span class='ocrx_word' id='word_1_143' title='bbox 2215 2080 2439 2136; x_wconf 84' lang='lat' dir='ltr'><strong>Italiam</strong></span> <span class='ocrx_word' id='word_1_144' title='bbox 2502 2099 2757 2136; x_wconf 86' lang='lat' dir='ltr'><strong>reversus</strong></span> 
     </span>
     <span class='ocr_line' id='line_1_37' title="bbox 930 2167 2757 2241; baseline 0.001 -18"><span class='ocrx_word' id='word_1_145' title='bbox 930 2170 1197 2225; x_wconf 87' lang='lat' dir='ltr'><strong>Vinucius</strong></span> <span class='ocrx_word' id='word_1_146' title='bbox 1217 2170 1495 2241; x_wconf 84' lang='lat' dir='ltr'><strong>M.Vipsa·</strong></span> <span class='ocrx_word' id='word_1_147' title='bbox 1628 2184 1796 2221; x_wconf 88' lang='lat' dir='ltr'><strong>mens.</strong></span> <span class='ocrx_word' id='word_1_148' title='bbox 1837 2167 2065 2223; x_wconf 82' lang='lat' dir='ltr'><strong>Octobr.</strong></span> <span class='ocrx_word' id='word_1_149' title='bbox 2109 2167 2319 2223; x_wconf 87' lang='lat' dir='ltr'><strong>Urbem</strong></span> <span class='ocrx_word' id='word_1_150' title='bbox 2369 2170 2572 2238; x_wconf 81' lang='lat' dir='ltr'><strong>intrat3</strong></span> <span class='ocrx_word' id='word_1_151' title='bbox 2628 2188 2757 2225; x_wconf 89' lang='lat' dir='ltr'><strong>cum</strong></span> 
     </span>
     <span class='ocr_line' id='line_1_38' title="bbox 929 2255 2757 2336; baseline 0 -23"><span class='ocrx_word' id='word_1_152' title='bbox 929 2260 1056 2313; x_wconf 88' lang='lat' dir='ltr'><strong>nius</strong></span> <span class='ocrx_word' id='word_1_153' title='bbox 1090 2259 1362 2331; x_wconf 81' lang='lat' dir='ltr'><strong>Agrippa.</strong></span> <span class='ocrx_word' id='word_1_154' title='bbox 1517 2269 1522 2336; x_wconf 77' lang='grc' dir='ltr'>Ι</span> <span class='ocrx_word' id='word_1_155' title='bbox 1627 2271 1711 2322; x_wconf 85' lang='lat' dir='ltr'><strong>e0,</strong></span> <span class='ocrx_word' id='word_1_156' title='bbox 1748 2260 1813 2309; x_wconf 90' lang='lat' dir='ltr'><strong>ut</strong></span> <span class='ocrx_word' id='word_1_157' title='bbox 1849 2256 2093 2317; x_wconf 86' lang='lat' dir='ltr'><strong>videtur,</strong></span> <span class='ocrx_word' id='word_1_158' title='bbox 2115 2255 2375 2312; x_wconf 85' lang='lat' dir='ltr'><strong>Tiberius</strong></span> <span class='ocrx_word' id='word_1_159' title='bbox 2412 2275 2482 2312; x_wconf 84' lang='lat' dir='ltr'><strong>ex</strong></span> <span class='ocrx_word' id='word_1_160' title='bbox 2501 2258 2639 2313; x_wconf 85' lang='lat' dir='ltr'><strong>Asia</strong></span> <span class='ocrx_word' id='word_1_161' title='bbox 2672 2276 2757 2313; x_wconf 89' lang='lat' dir='ltr'><strong>re·</strong></span> 
     </span>
    </p>

    <p class='ocr_par' dir='ltr' id='par_1_26' title="bbox 859 2344 2758 2587">
     <span class='ocr_line' id='line_1_39' title="bbox 859 2344 2755 2464; baseline 0.005 -74"><span class='ocrx_word' id='word_1_162' title='bbox 859 2361 864 2464; x_wconf 52' lang='lat' dir='ltr'><strong>i</strong></span> <span class='ocrx_word' id='word_1_163' title='bbox 1517 2347 1522 2393; x_wconf 79' lang='grc'>1</span> <span class='ocrx_word' id='word_1_164' title='bbox 1628 2344 1886 2441; x_wconf 76' lang='lat' dir='ltr'><strong>vertitur.</strong></span> <span class='ocrx_word' id='word_1_165' title='bbox 1922 2345 2186 2443; x_wconf 39' lang='lat' dir='ltr'><strong>‘Agrippa</strong></span> <span class='ocrx_word' id='word_1_166' title='bbox 2223 2344 2530 2399; x_wconf 76' lang='lat' dir='ltr'><strong>Cantabros</strong></span> <span class='ocrx_word' id='word_1_167' title='bbox 2566 2345 2755 2401; x_wconf 87' lang='lat' dir='ltr'><strong>devin-</strong></span> 
     </span>
     <span class='ocr_line' id='line_1_40' title="bbox 1517 2398 2758 2523; baseline 0.006 -40"><span class='ocrx_word' id='word_1_168' title='bbox 1517 2398 1523 2523; x_wconf 60' lang='grc' dir='ltr'>Ι</span> <span class='ocrx_word' id='word_1_169' title='bbox 1627 2436 1721 2485; x_wconf 78' lang='lat' dir='ltr'><strong>cit.</strong></span> <span class='ocrx_word' id='word_1_170' title='bbox 1761 2460 1833 2471; x_wconf 88' lang='lat'><strong>—</strong></span> <span class='ocrx_word' id='word_1_171' title='bbox 1869 2430 2126 2487; x_wconf 79' lang='lat' dir='ltr'><strong>Tibullus</strong></span> <span class='ocrx_word' id='word_1_172' title='bbox 2176 2432 2267 2487; x_wconf 84' lang='lat' dir='ltr'><strong>vel</strong></span> <span class='ocrx_word' id='word_1_173' title='bbox 2312 2433 2421 2488; x_wconf 90' lang='lat' dir='ltr'><strong>hoc</strong></span> <span class='ocrx_word' id='word_1_174' title='bbox 2470 2433 2563 2487; x_wconf 82' lang='lat' dir='ltr'><strong>vel</strong></span> <span class='ocrx_word' id='word_1_175' title='bbox 2616 2434 2758 2490; x_wconf 88' lang='lat' dir='ltr'><strong>inse·-</strong></span> 
     </span>
     <span class='ocr_line' id='line_1_41' title="bbox 1626 2519 2298 2587; baseline 0.007 -16"><span class='ocrx_word' id='word_1_176' title='bbox 1626 2519 1821 2587; x_wconf 87' lang='lat' dir='ltr'><strong>quenti</strong></span> <span class='ocrx_word' id='word_1_177' title='bbox 1854 2535 1999 2574; x_wconf 86' lang='lat' dir='ltr'><strong>anno</strong></span> <span class='ocrx_word' id='word_1_178' title='bbox 2043 2521 2298 2575; x_wconf 88' lang='lat' dir='ltr'><strong>moritur.</strong></span> 
     </span>
    </p>

    <p class='ocr_par' dir='ltr' id='par_1_27' title="bbox 431 2605 2759 2945">
     <span class='ocr_line' id='line_1_42' title="bbox 431 2605 2757 2679; baseline 0 -15"><span class='ocrx_word' id='word_1_179' title='bbox 431 2620 550 2671; x_wconf 84' lang='lat'><strong>736.</strong></span> <span class='ocrx_word' id='word_1_180' title='bbox 687 2615 774 2667; x_wconf 83' lang='grc'><strong>47.</strong></span> <span class='ocrx_word' id='word_1_181' title='bbox 895 2612 956 2667; x_wconf 88' lang='grc' dir='ltr'><strong>Ρ.</strong></span> <span class='ocrx_word' id='word_1_182' title='bbox 1005 2614 1166 2667; x_wconf 81' lang='lat' dir='ltr'><strong>Com.</strong></span> <span class='ocrx_word' id='word_1_183' title='bbox 1229 2612 1495 2669; x_wconf 64' lang='lat' dir='ltr'><strong>Lentulus</strong></span> <span class='ocrx_word' id='word_1_184' title='bbox 1556 2605 1823 2661; x_wconf 78' lang='lat' dir='ltr'><strong>Horatius</strong></span> <span class='ocrx_word' id='word_1_185' title='bbox 1841 2606 1949 2663; x_wconf 87' lang='lat' dir='ltr'><strong>hoo</strong></span> <span class='ocrx_word' id='word_1_186' title='bbox 1964 2610 2052 2663; x_wconf 89' lang='lat' dir='ltr'><strong>vel</strong></span> <span class='ocrx_word' id='word_1_187' title='bbox 2072 2609 2361 2679; x_wconf 85' lang='lat' dir='ltr'><strong>superiore</strong></span> <span class='ocrx_word' id='word_1_188' title='bbox 2382 2626 2527 2664; x_wconf 85' lang='lat' dir='ltr'><strong>anno</strong></span> <span class='ocrx_word' id='word_1_189' title='bbox 2548 2610 2757 2665; x_wconf 87' lang='lat' dir='ltr'><strong>librum</strong></span> 
     </span>
     <span class='ocr_line' id='line_1_43' title="bbox 931 2693 2759 2769; baseline 0.003 -21"><span class='ocrx_word' id='word_1_190' title='bbox 931 2701 1288 2757; x_wconf 66' lang='lat' dir='ltr'><strong>Maroellinus</strong></span> <span class='ocrx_word' id='word_1_191' title='bbox 1397 2704 1490 2758; x_wconf 73' lang='lat' dir='ltr'><strong>cn,</strong></span> <span class='ocrx_word' id='word_1_192' title='bbox 1515 2725 1522 2769; x_wconf 69' lang='lat'><em>2</em></span> <span class='ocrx_word' id='word_1_193' title='bbox 1626 2693 1653 2746; x_wconf 94' lang='lat'>1</span> <span class='ocrx_word' id='word_1_194' title='bbox 1689 2693 1869 2763; x_wconf 87' lang='lat' dir='ltr'><strong>Epist.</strong></span> <span class='ocrx_word' id='word_1_195' title='bbox 1908 2696 2157 2752; x_wconf 86' lang='lat' dir='ltr'><strong>emisisse</strong></span> <span class='ocrx_word' id='word_1_196' title='bbox 2192 2697 2435 2767; x_wconf 84' lang='lat' dir='ltr'><strong>videtur,</strong></span> <span class='ocrx_word' id='word_1_197' title='bbox 2466 2698 2759 2754; x_wconf 85' lang='lat' dir='ltr'><strong>Mommse-</strong></span> 
     </span>
     <span class='ocr_line' id='line_1_44' title="bbox 934 2774 2757 2847; baseline 0.005 -13"><span class='ocrx_word' id='word_1_198' title='bbox 934 2790 1223 2845; x_wconf 67' lang='lat' dir='ltr'><strong>comelius</strong></span> <span class='ocrx_word' id='word_1_199' title='bbox 1287 2774 1522 2847; x_wconf 64' lang='lat' dir='ltr'><strong>Lentu.&#39;</strong></span> <span class='ocrx_word' id='word_1_200' title='bbox 1626 2782 1719 2835; x_wconf 89' lang='lat' dir='ltr'><strong>nio</strong></span> <span class='ocrx_word' id='word_1_201' title='bbox 1759 2788 1945 2837; x_wconf 88' lang='lat' dir='ltr'><strong>tamen</strong></span> <span class='ocrx_word' id='word_1_202' title='bbox 1984 2802 2037 2839; x_wconf 89' lang='lat' dir='ltr'><strong>a.</strong></span> <span class='ocrx_word' id='word_1_203' title='bbox 2062 2788 2169 2839; x_wconf 78' lang='lat'><strong>734</strong></span> <span class='ocrx_word' id='word_1_204' title='bbox 2206 2786 2351 2842; x_wconf 90' lang='lat' dir='ltr'><strong>liber</strong></span> <span class='ocrx_word' id='word_1_205' title='bbox 2376 2787 2607 2842; x_wconf 86' lang='lat' dir='ltr'><strong>emissus</strong></span> <span class='ocrx_word' id='word_1_206' title='bbox 2638 2806 2757 2843; x_wconf 83' lang='lat' dir='ltr'><strong>esse</strong></span> 
     </span>
     <span class='ocr_line' id='line_1_45' title="bbox 932 2870 2759 2945; baseline 0.003 -21"><span class='ocrx_word' id='word_1_207' title='bbox 932 2878 1033 2932; x_wconf 66' lang='lat' dir='ltr'><strong>lug,</strong></span> <span class='ocrx_word' id='word_1_208' title='bbox 1624 2870 1851 2926; x_wconf 88' lang='lat' dir='ltr'><strong>videtur</strong></span> <span class='ocrx_word' id='word_1_209' title='bbox 1902 2877 2033 2927; x_wconf 85' lang='lat' dir='ltr'><strong>ante</strong></span> <span class='ocrx_word' id='word_1_210' title='bbox 2085 2872 2233 2929; x_wconf 88' lang='lat' dir='ltr'><strong>diem</strong></span> <span class='ocrx_word' id='word_1_211' title='bbox 2275 2875 2521 2929; x_wconf 85' lang='lat' dir='ltr'><strong>natalem</strong></span> <span class='ocrx_word' id='word_1_212' title='bbox 2558 2879 2759 2945; x_wconf 84' lang='lat' dir='ltr'><strong>poetae</strong></span> 
     </span>
    </p>

    <p class='ocr_par' dir='ltr' id='par_1_28' title="bbox 425 2959 2759 3474">
     <span class='ocr_line' id='line_1_46' title="bbox 859 2959 2759 3032; baseline 0.004 -22"><span class='ocrx_word' id='word_1_213' title='bbox 859 2960 866 3026; x_wconf 62' lang='lat'>3</span> <span class='ocrx_word' id='word_1_214' title='bbox 1625 2959 1663 3013; x_wconf 90' lang='lat' dir='ltr'><strong>i.</strong></span> <span class='ocrx_word' id='word_1_215' title='bbox 1696 2976 1744 3013; x_wconf 89' lang='lat' dir='ltr'><strong>e.</strong></span> <span class='ocrx_word' id='word_1_216' title='bbox 1783 2959 1873 3015; x_wconf 89' lang='lat' dir='ltr'><strong>VI.</strong></span> <span class='ocrx_word' id='word_1_217' title='bbox 1912 2960 1994 3015; x_wconf 89' lang='lat' dir='ltr'><strong>Id.</strong></span> <span class='ocrx_word' id='word_1_218' title='bbox 2033 2961 2324 3017; x_wconf 86' lang='lat' dir='ltr'><strong>Decembr.</strong></span> <span class='ocrx_word' id='word_1_219' title='bbox 2374 2962 2467 3032; x_wconf 85' lang='lat' dir='ltr'><strong>(cf.</strong></span> <span class='ocrx_word' id='word_1_220' title='bbox 2506 2962 2629 3019; x_wconf 87' lang='lat' dir='ltr'><strong>loco</strong></span> <span class='ocrx_word' id='word_1_221' title='bbox 2674 2964 2759 3017; x_wconf 90' lang='lat' dir='ltr'><strong>in·</strong></span> 
     </span>
     <span class='ocr_line' id='line_1_47' title="bbox 1515 3035 2758 3122; baseline 0.006 -21"><span class='ocrx_word' id='word_1_222' title='bbox 1515 3035 1521 3051; x_wconf 84' lang='lat'>&#39;</span> <span class='ocrx_word' id='word_1_223' title='bbox 1625 3046 1717 3103; x_wconf 86' lang='lat' dir='ltr'><strong>fra</strong></span> <span class='ocrx_word' id='word_1_224' title='bbox 1750 3048 2029 3104; x_wconf 84' lang='lat' dir='ltr'><strong>laudando</strong></span> <span class='ocrx_word' id='word_1_225' title='bbox 2064 3068 2119 3120; x_wconf 89' lang='lat' dir='ltr'><strong>p.</strong></span> <span class='ocrx_word' id='word_1_226' title='bbox 2147 3052 2287 3117; x_wconf 79' lang='lat'><strong>113).</strong></span> <span class='ocrx_word' id='word_1_227' title='bbox 2342 3050 2523 3122; x_wconf 84' lang='lat' dir='ltr'><strong>Leges</strong></span> <span class='ocrx_word' id='word_1_228' title='bbox 2563 3052 2758 3122; x_wconf 88' lang='lat' dir='ltr'><strong>Iuliae,</strong></span> 
     </span>
     <span class='ocr_line' id='line_1_48' title="bbox 1624 3136 2755 3210; baseline 0.005 -21"><span class='ocrx_word' id='word_1_229' title='bbox 1624 3138 1994 3206; x_wconf 77' lang='lat' dir='ltr'><strong>sumptuaria,</strong></span> <span class='ocrx_word' id='word_1_230' title='bbox 2032 3136 2102 3192; x_wconf 89' lang='lat' dir='ltr'><strong>de</strong></span> <span class='ocrx_word' id='word_1_231' title='bbox 2138 3138 2408 3193; x_wconf 87' lang='lat' dir='ltr'><strong>adulteris</strong></span> <span class='ocrx_word' id='word_1_232' title='bbox 2447 3143 2505 3194; x_wconf 85' lang='lat' dir='ltr'><strong>et</strong></span> <span class='ocrx_word' id='word_1_233' title='bbox 2549 3139 2619 3195; x_wconf 89' lang='lat' dir='ltr'><strong>de</strong></span> <span class='ocrx_word' id='word_1_234' title='bbox 2654 3158 2755 3210; x_wconf 88' lang='lat' dir='ltr'><strong>pu·</strong></span> 
     </span>
     <span class='ocr_line' id='line_1_49' title="bbox 1623 3224 2758 3294; baseline 0.006 -17"><span class='ocrx_word' id='word_1_235' title='bbox 1623 3224 1835 3286; x_wconf 81' lang='lat' dir='ltr'><strong>dicitis,</strong></span> <span class='ocrx_word' id='word_1_236' title='bbox 1888 3224 1957 3279; x_wconf 89' lang='lat' dir='ltr'><strong>de</strong></span> <span class='ocrx_word' id='word_1_237' title='bbox 2012 3225 2245 3294; x_wconf 88' lang='lat' dir='ltr'><strong>ambitu,</strong></span> <span class='ocrx_word' id='word_1_238' title='bbox 2300 3226 2370 3281; x_wconf 89' lang='lat' dir='ltr'><strong>de</strong></span> <span class='ocrx_word' id='word_1_239' title='bbox 2422 3229 2758 3285; x_wconf 86' lang='lat' dir='ltr'><strong>maritandis</strong></span> 
     </span>
     <span class='ocr_line' id='line_1_50' title="bbox 1624 3311 1935 3367; baseline 0 0"><span class='ocrx_word' id='word_1_240' title='bbox 1624 3311 1935 3367; x_wconf 86' lang='lat' dir='ltr'><strong>ordinibus.</strong></span> 
     </span>
     <span class='ocr_line' id='line_1_51' title="bbox 425 3400 2758 3474; baseline 0.001 -18"><span class='ocrx_word' id='word_1_241' title='bbox 425 3422 550 3474; x_wconf 55' lang='lat'><strong>737,</strong></span> <span class='ocrx_word' id='word_1_242' title='bbox 681 3410 770 3465; x_wconf 79' lang='lat'><strong>48,</strong></span> <span class='ocrx_word' id='word_1_243' title='bbox 859 3405 864 3417; x_wconf 93' lang='grc'><strong>“</strong></span> <span class='ocrx_word' id='word_1_244' title='bbox 897 3402 952 3456; x_wconf 91' lang='lat' dir='ltr'><strong>C.</strong></span> <span class='ocrx_word' id='word_1_245' title='bbox 1001 3402 1242 3458; x_wconf 87' lang='lat' dir='ltr'><strong>Furnius</strong></span> <span class='ocrx_word' id='word_1_246' title='bbox 1297 3404 1352 3459; x_wconf 93' lang='lat' dir='ltr'><strong>C.</strong></span> <span class='ocrx_word' id='word_1_247' title='bbox 1405 3405 1492 3459; x_wconf 85' lang='lat' dir='ltr'><strong>Iu·</strong></span> <span class='ocrx_word' id='word_1_248' title='bbox 1555 3404 1843 3472; x_wconf 78' lang='lat' dir='ltr'><strong>Augustus</strong></span> <span class='ocrx_word' id='word_1_249' title='bbox 1868 3400 2029 3456; x_wconf 91' lang='lat' dir='ltr'><strong>ludos</strong></span> <span class='ocrx_word' id='word_1_250' title='bbox 2068 3402 2377 3457; x_wconf 79' lang='lat' dir='ltr'><strong>saeculares</strong></span> <span class='ocrx_word' id='word_1_251' title='bbox 2412 3404 2637 3473; x_wconf 85' lang='lat' dir='ltr'><strong>quintos</strong></span> <span class='ocrx_word' id='word_1_252' title='bbox 2674 3405 2758 3458; x_wconf 89' lang='lat' dir='ltr'><strong>in-</strong></span> 
     </span>
    </p>
   </div>
   <div class='ocr_carea' id='block_1_22' title="bbox 1514 3059 1522 3500">
    <p class='ocr_par' dir='ltr' id='par_1_29' title="bbox 1514 3059 1522 3500">
     <span class='ocr_line' id='line_1_52' title="bbox 1514 3059 1522 3500; baseline 0 1559"><span class='ocrx_word' id='word_1_253' title='bbox 1514 3059 1522 3500; x_wconf 95' lang='lat' dir='ltr'><strong> </strong></span> 
     </span>
    </p>
   </div>
   <div class='ocr_carea' id='block_1_23' title="bbox 422 3489 2761 4611">
    <p class='ocr_par' dir='ltr' id='par_1_30' title="bbox 1626 3489 2759 3548">
     <span class='ocr_line' id='line_1_53' title="bbox 1626 3489 2759 3548; baseline 0.004 -5"><span class='ocrx_word' id='word_1_254' title='bbox 1626 3490 1830 3544; x_wconf 87' lang='lat' dir='ltr'><strong>stituit.</strong></span> <span class='ocrx_word' id='word_1_255' title='bbox 1902 3489 2168 3543; x_wconf 83' lang='lat' dir='ltr'><strong>Horatius</strong></span> <span class='ocrx_word' id='word_1_256' title='bbox 2220 3490 2336 3544; x_wconf 87' lang='lat' dir='ltr'><strong>eius</strong></span> <span class='ocrx_word' id='word_1_257' title='bbox 2384 3492 2539 3546; x_wconf 88' lang='lat' dir='ltr'><strong>iussu</strong></span> <span class='ocrx_word' id='word_1_258' title='bbox 2578 3493 2759 3548; x_wconf 87' lang='lat' dir='ltr'><strong>Carm.</strong></span> 
     </span>
    </p>

    <p class='ocr_par' dir='ltr' id='par_1_31' title="bbox 1626 3578 2761 3651">
     <span class='ocr_line' id='line_1_54' title="bbox 1626 3578 2761 3651; baseline 0.004 -18"><span class='ocrx_word' id='word_1_259' title='bbox 1626 3579 1907 3633; x_wconf 82' lang='lat' dir='ltr'><strong>saeculare</strong></span> <span class='ocrx_word' id='word_1_260' title='bbox 1967 3579 2271 3647; x_wconf 78' lang='lat' dir='ltr'><strong>componit.</strong></span> <span class='ocrx_word' id='word_1_261' title='bbox 2360 3578 2485 3635; x_wconf 89' lang='lat' dir='ltr'><strong>Huc</strong></span> <span class='ocrx_word' id='word_1_262' title='bbox 2543 3586 2761 3651; x_wconf 84' lang='lat' dir='ltr'><strong>spectat</strong></span> 
     </span>
    </p>

    <p class='ocr_par' dir='ltr' id='par_1_32' title="bbox 1628 3666 2032 3736">
     <span class='ocr_line' id='line_1_55' title="bbox 1628 3666 2032 3736; baseline -0.005 -15"><span class='ocrx_word' id='word_1_263' title='bbox 1628 3666 1809 3722; x_wconf 82' lang='lat' dir='ltr'><strong>Carm.</strong></span> <span class='ocrx_word' id='word_1_264' title='bbox 1848 3666 1945 3736; x_wconf 88' lang='lat' dir='ltr'><strong>IV,</strong></span> <span class='ocrx_word' id='word_1_265' title='bbox 1982 3666 2032 3720; x_wconf 87' lang='lat'><strong>6.</strong></span> 
     </span>
    </p>

    <p class='ocr_par' dir='ltr' id='par_1_33' title="bbox 428 3754 2759 4091">
     <span class='ocr_line' id='line_1_56' title="bbox 428 3754 2759 3826; baseline 0.003 -19"><span class='ocrx_word' id='word_1_266' title='bbox 428 3754 549 3809; x_wconf 83' lang='lat'><strong>738.</strong></span> <span class='ocrx_word' id='word_1_267' title='bbox 682 3760 769 3814; x_wconf 84' lang='lat'><strong>49.</strong></span> <span class='ocrx_word' id='word_1_268' title='bbox 895 3757 959 3811; x_wconf 90' lang='lat' dir='ltr'><strong>L.</strong></span> <span class='ocrx_word' id='word_1_269' title='bbox 975 3756 1256 3812; x_wconf 84' lang='lat' dir='ltr'><strong>Domitius</strong></span> <span class='ocrx_word' id='word_1_270' title='bbox 1274 3758 1495 3813; x_wconf 82' lang='lat' dir='ltr'><strong>Aheno·</strong></span> <span class='ocrx_word' id='word_1_271' title='bbox 1556 3754 1772 3810; x_wconf 87' lang='lat' dir='ltr'><strong>Lollius</strong></span> <span class='ocrx_word' id='word_1_272' title='bbox 1808 3774 1841 3811; x_wconf 87' lang='lat' dir='ltr'><strong>a</strong></span> <span class='ocrx_word' id='word_1_273' title='bbox 1875 3755 2170 3812; x_wconf 83' lang='lat' dir='ltr'><strong>Germanis</strong></span> <span class='ocrx_word' id='word_1_274' title='bbox 2207 3758 2369 3826; x_wconf 80' lang='lat' dir='ltr'><strong>gravi</strong></span> <span class='ocrx_word' id='word_1_275' title='bbox 2407 3757 2565 3813; x_wconf 84' lang='lat' dir='ltr'><strong>clade</strong></span> <span class='ocrx_word' id='word_1_276' title='bbox 2599 3760 2759 3815; x_wconf 90' lang='lat' dir='ltr'><strong>reici·</strong></span> 
     </span>
     <span class='ocr_line' id='line_1_57' title="bbox 918 3844 2757 3921; baseline 0.002 -22"><span class='ocrx_word' id='word_1_277' title='bbox 918 3844 1495 3902; x_wconf 86' lang='lat' dir='ltr'><strong>barbus.P.Cornelius</strong></span> <span class='ocrx_word' id='word_1_278' title='bbox 1627 3848 1747 3912; x_wconf 81' lang='lat' dir='ltr'><strong>tur3</strong></span> <span class='ocrx_word' id='word_1_279' title='bbox 1806 3862 1916 3913; x_wconf 90' lang='lat' dir='ltr'><strong>quo</strong></span> <span class='ocrx_word' id='word_1_280' title='bbox 1964 3851 2163 3905; x_wconf 89' lang='lat' dir='ltr'><strong>nuntio</strong></span> <span class='ocrx_word' id='word_1_281' title='bbox 2208 3854 2433 3921; x_wconf 84' lang='lat' dir='ltr'><strong>accepto</strong></span> <span class='ocrx_word' id='word_1_282' title='bbox 2473 3850 2757 3921; x_wconf 81' lang='lat' dir='ltr'><strong>Augustus</strong></span> 
     </span>
     <span class='ocr_line' id='line_1_58' title="bbox 932 3930 2757 4007; baseline 0.002 -21"><span class='ocrx_word' id='word_1_283' title='bbox 932 3930 1418 4003; x_wconf 82' lang='lat' dir='ltr'><strong>Scipio.8uffectus</strong></span> <span class='ocrx_word' id='word_1_284' title='bbox 1429 3936 1492 3989; x_wconf 87' lang='lat' dir='ltr'><strong>L.</strong></span> <span class='ocrx_word' id='word_1_285' title='bbox 1628 3931 1686 3985; x_wconf 88' lang='lat' dir='ltr'><strong>in</strong></span> <span class='ocrx_word' id='word_1_286' title='bbox 1736 3934 1975 3990; x_wconf 88' lang='lat' dir='ltr'><strong>Galliam</strong></span> <span class='ocrx_word' id='word_1_287' title='bbox 2030 3936 2421 4007; x_wconf 84' lang='lat' dir='ltr'><strong>proficiscitur,</strong></span> <span class='ocrx_word' id='word_1_288' title='bbox 2468 3937 2757 3992; x_wconf 88' lang='lat' dir='ltr'><strong>Tiberium</strong></span> 
     </span>
     <span class='ocr_line' id='line_1_59' title="bbox 930 4019 2383 4091; baseline 0.006 -17"><span class='ocrx_word' id='word_1_289' title='bbox 930 4019 1128 4075; x_wconf 88' lang='lat' dir='ltr'><strong>Tarius</strong></span> <span class='ocrx_word' id='word_1_290' title='bbox 1165 4020 1363 4076; x_wconf 80' lang='lat' dir='ltr'><strong>Rufus.</strong></span> <span class='ocrx_word' id='word_1_291' title='bbox 1625 4026 1950 4091; x_wconf 85' lang='lat' dir='ltr'><strong>praetorem</strong></span> <span class='ocrx_word' id='word_1_292' title='bbox 1988 4043 2173 4081; x_wconf 85' lang='lat' dir='ltr'><strong>secum</strong></span> <span class='ocrx_word' id='word_1_293' title='bbox 2210 4027 2383 4082; x_wconf 87' lang='lat' dir='ltr'><strong>ducit.</strong></span> 
     </span>
    </p>

    <p class='ocr_par' dir='ltr' id='par_1_34' title="bbox 422 4107 2759 4273">
     <span class='ocr_line' id='line_1_60' title="bbox 422 4107 2759 4185; baseline 0.003 -22"><span class='ocrx_word' id='word_1_294' title='bbox 422 4110 549 4167; x_wconf 75' lang='lat'><strong>739.</strong></span> <span class='ocrx_word' id='word_1_295' title='bbox 681 4111 768 4165; x_wconf 77' lang='lat'><strong>50.</strong></span> <span class='ocrx_word' id='word_1_296' title='bbox 893 4107 968 4163; x_wconf 77' lang='lat' dir='ltr'><strong>M.</strong></span> <span class='ocrx_word' id='word_1_297' title='bbox 1023 4108 1219 4164; x_wconf 83' lang='lat' dir='ltr'><strong>Livius</strong></span> <span class='ocrx_word' id='word_1_298' title='bbox 1281 4111 1494 4167; x_wconf 85' lang='lat' dir='ltr'><strong>Drusus</strong></span> <span class='ocrx_word' id='word_1_299' title='bbox 1556 4110 1719 4164; x_wconf 88' lang='lat' dir='ltr'><strong>Raeti</strong></span> <span class='ocrx_word' id='word_1_300' title='bbox 1780 4114 1837 4165; x_wconf 88' lang='lat' dir='ltr'><strong>et</strong></span> <span class='ocrx_word' id='word_1_301' title='bbox 1878 4111 2153 4169; x_wconf 83' lang='lat' dir='ltr'><strong>Vindelici</strong></span> <span class='ocrx_word' id='word_1_302' title='bbox 2210 4132 2312 4185; x_wconf 82' lang='lat' dir='ltr'><strong>per</strong></span> <span class='ocrx_word' id='word_1_303' title='bbox 2362 4114 2653 4169; x_wconf 88' lang='lat' dir='ltr'><strong>Tiberium</strong></span> <span class='ocrx_word' id='word_1_304' title='bbox 2700 4118 2759 4169; x_wconf 85' lang='lat' dir='ltr'><strong>et</strong></span> 
     </span>
     <span class='ocr_line' id='line_1_61' title="bbox 929 4196 2757 4273; baseline 0.004 -23"><span class='ocrx_word' id='word_1_305' title='bbox 929 4196 1074 4251; x_wconf 89' lang='lat' dir='ltr'><strong>Libo</strong></span> <span class='ocrx_word' id='word_1_306' title='bbox 1089 4196 1149 4253; x_wconf 88' lang='lat' dir='ltr'><strong>L.</strong></span> <span class='ocrx_word' id='word_1_307' title='bbox 1163 4198 1494 4268; x_wconf 86' lang='lat' dir='ltr'><strong>Calpurnius</strong></span> <span class='ocrx_word' id='word_1_308' title='bbox 1628 4198 1874 4253; x_wconf 88' lang='lat' dir='ltr'><strong>Drusum</strong></span> <span class='ocrx_word' id='word_1_309' title='bbox 1930 4201 2287 4273; x_wconf 76' lang='lat' dir='ltr'><strong>subiguntur.</strong></span> <span class='ocrx_word' id='word_1_310' title='bbox 2359 4202 2443 4258; x_wconf 82' lang='lat' dir='ltr'><strong>Eo</strong></span> <span class='ocrx_word' id='word_1_311' title='bbox 2502 4206 2757 4272; x_wconf 88' lang='lat' dir='ltr'><strong>spectant</strong></span> 
     </span>
    </p>

    <p class='ocr_par' dir='ltr' id='par_1_35' title="bbox 595 4284 2757 4611">
     <span class='ocr_line' id='line_1_62' title="bbox 855 4284 2755 4378; baseline 0.003 -39"><span class='ocrx_word' id='word_1_312' title='bbox 855 4311 861 4378; x_wconf 70' lang='grc' dir='ltr'>Ι</span> <span class='ocrx_word' id='word_1_313' title='bbox 928 4284 1075 4341; x_wconf 88' lang='lat' dir='ltr'><strong>Piso.</strong></span> <span class='ocrx_word' id='word_1_314' title='bbox 1632 4286 1813 4341; x_wconf 89' lang='lat' dir='ltr'><strong>Carm.</strong></span> <span class='ocrx_word' id='word_1_315' title='bbox 1854 4288 1948 4356; x_wconf 73' lang='lat' dir='ltr'><strong>IV,</strong></span> <span class='ocrx_word' id='word_1_316' title='bbox 1987 4290 2023 4343; x_wconf 84' lang='lat'>4</span> <span class='ocrx_word' id='word_1_317' title='bbox 2062 4295 2121 4345; x_wconf 86' lang='lat' dir='ltr'><strong>et</strong></span> <span class='ocrx_word' id='word_1_318' title='bbox 2160 4294 2244 4345; x_wconf 80' lang='lat'><strong>14.</strong></span> <span class='ocrx_word' id='word_1_319' title='bbox 2306 4290 2663 4361; x_wconf 85' lang='lat' dir='ltr'><strong>Propertium</strong></span> <span class='ocrx_word' id='word_1_320' title='bbox 2700 4290 2755 4345; x_wconf 90' lang='lat' dir='ltr'><strong>h.</strong></span> 
     </span>
     <span class='ocr_line' id='line_1_63' title="bbox 595 4320 2757 4611; baseline 0.004 -185"><span class='ocrx_word' id='word_1_321' title='bbox 595 4320 602 4443; x_wconf 72' lang='grc' dir='ltr'>Ι</span> <span class='ocrx_word' id='word_1_322' title='bbox 853 4384 861 4611; x_wconf 67' lang='lat' dir='ltr'>l</span> <span class='ocrx_word' id='word_1_323' title='bbox 1513 4375 1520 4478; x_wconf 65' lang='grc' dir='ltr'><strong>ἱ</strong></span> <span class='ocrx_word' id='word_1_324' title='bbox 1626 4393 1675 4430; x_wconf 89' lang='lat' dir='ltr'><strong>a.</strong></span> <span class='ocrx_word' id='word_1_325' title='bbox 1725 4381 2009 4433; x_wconf 85' lang='lat' dir='ltr'><strong>mortuum</strong></span> <span class='ocrx_word' id='word_1_326' title='bbox 2045 4396 2161 4435; x_wconf 89' lang='lat' dir='ltr'><strong>esse</strong></span> <span class='ocrx_word' id='word_1_327' title='bbox 2214 4382 2435 4451; x_wconf 86' lang='lat' dir='ltr'><strong>putant.</strong></span> <span class='ocrx_word' id='word_1_328' title='bbox 2508 4376 2757 4434; x_wconf 87' lang='lat' dir='ltr'><strong>Orbilius</strong></span> 
     </span>
    </p>
   </div>
   <div class='ocr_carea' id='block_1_24' title="bbox 931 3490 1331 3547">
    <p class='ocr_par' dir='ltr' id='par_1_36' title="bbox 931 3490 1331 3547">
     <span class='ocr_line' id='line_1_64' title="bbox 931 3490 1331 3547; baseline 0.003 -1"><span class='ocrx_word' id='word_1_329' title='bbox 931 3492 1058 3546; x_wconf 89' lang='lat' dir='ltr'><strong>nius</strong></span> <span class='ocrx_word' id='word_1_330' title='bbox 1095 3490 1331 3547; x_wconf 88' lang='lat' dir='ltr'><strong>Silanus.</strong></span> 
     </span>
    </p>
   </div>
   <div class='ocr_carea' id='block_1_25' title="bbox 1516 3513 1523 3730">
    <p class='ocr_par' dir='ltr' id='par_1_37' title="bbox 1516 3513 1523 3730">
     <span class='ocr_line' id='line_1_65' title="bbox 1516 3513 1523 3730; baseline 0 1329"><span class='ocrx_word' id='word_1_331' title='bbox 1516 3513 1523 3730; x_wconf 95' lang='lat' dir='ltr'><strong> </strong></span> 
     </span>
    </p>
   </div>
   <div class='ocr_carea' id='block_1_26' title="bbox 857 3418 865 3766">
    <p class='ocr_par' dir='ltr' id='par_1_38' title="bbox 857 3418 865 3766">
     <span class='ocr_line' id='line_1_66' title="bbox 857 3418 865 3766; baseline 0 1293"><span class='ocrx_word' id='word_1_332' title='bbox 857 3418 865 3766; x_wconf 95' lang='lat' dir='ltr'><strong> </strong></span> 
     </span>
    </p>
   </div>
   <div class='ocr_carea' id='block_1_27' title="bbox 1621 4463 2757 4629">
    <p class='ocr_par' dir='ltr' id='par_1_39' title="bbox 1621 4463 2757 4629">
     <span class='ocr_line' id='line_1_67' title="bbox 1625 4463 2754 4536; baseline 0.005 -19"><span class='ocrx_word' id='word_1_333' title='bbox 1625 4463 1883 4534; x_wconf 89' lang='lat' dir='ltr'><strong>Pupillus</strong></span> <span class='ocrx_word' id='word_1_334' title='bbox 1909 4466 2308 4536; x_wconf 75' lang='lat' dir='ltr'><strong>grammaticus</strong></span> <span class='ocrx_word' id='word_1_335' title='bbox 2330 4467 2754 4523; x_wconf 84' lang='lat' dir='ltr'><strong>Beneventanus</strong></span> 
     </span>
     <span class='ocr_line' id='line_1_68' title="bbox 1621 4553 2757 4629; baseline 0.004 -22"><span class='ocrx_word' id='word_1_336' title='bbox 1621 4553 1983 4608; x_wconf 85' lang='lat' dir='ltr'><strong>centesimum</strong></span> <span class='ocrx_word' id='word_1_337' title='bbox 2040 4556 2245 4612; x_wconf 84' lang='lat' dir='ltr'><strong>aetatis</strong></span> <span class='ocrx_word' id='word_1_338' title='bbox 2316 4572 2525 4611; x_wconf 86' lang='lat' dir='ltr'><strong>annum</strong></span> <span class='ocrx_word' id='word_1_339' title='bbox 2585 4573 2757 4629; x_wconf 80' lang='lat' dir='ltr'><strong>agens</strong></span> 
     </span>
    </p>
   </div>
  </div>
 </body>
</html>
