3092 5059
930 248 1089 313 LIB.
1134 246 1243 311 IV.
1290 244 1540 331 GARM.
1585 244 1728 311 VII.
1773 244 1950 310 VIII.
2007 186 2018 207 ι

2529 242 2652 307 265

427 430 647 509 Cum
694 432 931 507 semel
988 432 1361 508 occideris
1409 445 1486 507 et
1538 431 1635 508 de
1685 445 1761 507 te
1813 430 2221 532 splendida
2272 430 2526 505 Minos

652 556 952 663 Fecerit
1002 557 1345 651 arbitria,

422 681 649 777 Non,
704 681 1115 781 Torquate,
1170 706 1433 778 genus,
1488 708 1647 757 non
1698 694 1772 757 te
1825 680 2212 777 facundia,
2270 708 2427 757 non
2479 694 2554 758 te

652 806 1031 883 Restituet
1077 807 1324 907 pietas
1347 835 1366 902 3

319 962 382 1003 ετ,
424 930 783 1006 Infernis
837 956 1090 1030 neque
1142 932 1350 1006 enim
1404 932 1742 1009 tenebris
1794 931 2044 1006 Diana
2093 929 2460 1027 pudicum

650 1055 965 1131 Liberat
1014 1055 1554 1161 Hippolytum,

426 1180 611 1255 Nec
660 1178 1000 1256 Lethaea
1046 1180 1253 1255 valet
1306 1178 1647 1255 Theseus
1700 1181 2166 1279 abrumpere
2220 1206 2398 1257 caro
2457 1224 2474 1233 ·

652 1304 987 1382 Vincula
1036 1304 1407 1381 Pirithoo,

1353 1528 1556 1541 ——n-

1123 1694 1501 1781 GARMEN
1565 1696 1776 1781 VIII.

654 1861 1045 1937 Donarem
1098 1874 1398 1958 pateras
1452 1872 1825 1959 grataque
1877 1862 2345 1960 commodus,

660 1982 1107 2083 Censorine‚
1164 1985 1353 2061 meis
1407 2012 1591 2061 aera
1640 1985 2058 2082 sodalibus,

206 2234 404 2303 sequi,
470 2235 667 2289 animo
720 2251 935 2289 morem
990 2251 1210 2305 gerere3
1271 2234 1390 2289 ani-

209 2323 583 2445 ἓωεὲωιῗι,
582 2306 865 2441 ἭΫὛ
902 2312 1004 2431 ῗίἓῐ
1044 2305 1391 2465 ξὲῃῗὲἕΐῖξὲἒ

213 2448 285 2501 cf.
326 2418 607 2517 Aeschyl.
648 2448 798 2504 Pers.
836 2451 967 2502 840:
1044 2446 1271 2536 ‚fissack
1309 2448 1392 2516 δὲ,

218 2524 501 2589 πρέςρεις,
542 2523 748 2609 χαίρετ’
786 2522 849 2574 ἐν
884 2527 1071 2579 κακοῖς
1105 2515 1259 2608 ὅμως
1285 2528 1391 2574 Ψυ-

208 2590 327 2659 χὴν
384 2587 649 2651 διδόντες
712 2591 887 2665 ἡδονῇ
958 2592 1086 2645 καθ’
1140 2590 1391 2680 ἡμέοαν·

210 2660 299 2720 Ὡς
336 2669 457 2724 τοῖς
500 2664 741 2718 θπνοῢσι
780 2663 1011 2723 πλοῦτος
1046 2658 1213 2717 οὐδὲν
1248 2659 1393 2734 ὠφε-

380 2736 691 2805 —MinosJ
730 2734 800 2790 cf.
827 2734 990 2789 Hom.
1016 2734 1120 2790 od.
1147 2736 1243 2803 XI,
1269 2737 1391 2789 567.

221 2834 289 2845 -
278 2758 653 2876 &splendida
696 2806 961 2876 arbitria]
1008 2824 1123 2861 non
1170 2806 1392 2861 honori·

220 2875 347 2945 fica,
385 2880 493 2933 sed
541 2883 781 2949 augusta
825 2895 929 2948 pro
977 2879 1273 2933 maiestate
1310 2880 1391 2932 iu-

222 2947 361 3003 dicii
409 2956 472 3005 et
513 2950 835 3005 tribunalis.
876 2979 943 2989 —
986 2950 1181 3019 ymas]
1236 2949 1393 3004 Nihil

222 3024 417 3087 potest
469 3040 507 3077 a
542 3026 725 3076 morte
772 3020 1073 3076 defendere
1124 3022 1393 3076 mortales

227 3090 506 3162 homines,
556 3102 739 3161 neque
784 3094 1023 3147 virtutes
1058 3092 1272 3162 (genus,
1313 3093 1391 3146 fa-

227 3163 463 3232 cundia,
528 3164 733 3234 pietas)
787 3181 967 3232 neque
1022 3182 1165 3233 quae
1218 3164 1391 3218 maxi—

227 3250 345 3288 mas
384 3238 568 3291 etiam
613 3235 953 3290 difficultates
1000 3236 1224 3289 vincere
1267 3252 1393 3305 pos-

132 3300 141 3313 “
234 3310 381 3373 sunt,
419 3324 585 3362 amor
621 3313 679 3362 et
717 3307 966 3362 amicitia
1002 3307 1224 3375 (Diana,
1252 3306 1392 3361 The-

232 3380 393 3445 sens).
458 3410 528 3417 —
585 3379 800 3447 Diana]
856 3378 926 3433 de
975 3378 1285 3447 Hippolyto
1336 3383 1395 3433 et

234 3446 419 3504 Diana
441 3451 571 3521 lege
598 3450 808 3521 Vergil.
836 3452 968 3505 Aen.
998 3449 1117 3518 v11,
1145 3452 1249 3503 765
1272 3468 1392 3520 sqq.

237 3515 397 3575 ovid.
436 3522 575 3576 Met.
618 3520 736 3589 XV,
776 3522 879 3575 497
916 3539 1056 3589 sqq„
1106 3539 1141 3574 a
1192 3521 1393 3589 quibus

238 3594 425 3646 tamen
463 3562 736 3649 Horatius:
782 3594 864 3647 ita
909 3562 1149 3660 recedit,
1197 3598 1263 3646 ut
1306 3594 1395 3647 illi

238 3659 608 3735 Hippolytum
681 3666 741 3718 in
814 3664 991 3719 vitam
1069 3669 1393 3718 revocatum

238 3734 485 3799 tradant,
534 3736 629 3791 hic
670 3736 812 3789 nihil
859 3736 1099 3791 valuisse
1146 3752 1393 3790 amorem

240 3801 375 3859 deae
411 3779 691 3861 adfirmet.
766 3807 981 3861 Dianae
1020 3808 1260 3861 nominis
1296 3825 1390 3861 sn—

246 3877 647 3944 tepaenultima
668 3878 834 3932 modo
860 3878 1193 3948 producitur
1224 3879 1391 3933 modo

246 3948 549 4073 ἓωέἰιιιι·
574 3950 653 4074 afi
668 3952 1060 4076 ῐιείεὲθεεὲιέιθιὲ
1081 3950 1391 4075 {etri-1⁰⁸&

303 4057 315 4070 ·
410 4038 549 4075 arm.
656 4061 671 4087 ,
790 4062 805 4085 ‚
930 4062 943 4075 .
1062 4060 1077 4071 .
1158 4061 1171 4074 .
1249 4059 1263 4072 .
1377 4062 1389 4075 .

251 4090 313 4140 A.
349 4088 409 4143 P.
452 4094 530 4148 16.
569 4094 693 4145 454.
740 4093 823 4147 De
860 4092 1116 4148 Pirithoo
1154 4092 1283 4146 vide
1318 4094 1389 4147 ad

253 4156 426 4215 Germ.
452 4164 552 4231 III,
579 4169 631 4231 4,
666 4167 750 4218 79.
790 4164 957 4219 Cuius
992 4164 1243 4219 fabulam
1280 4164 1391 4218 Ho-

250 4232 423 4286 ratius
458 4204 552 4290 vel,
584 4240 859 4290 mutatam
894 4238 1009 4291 iam
1049 4236 1265 4305 accepit
1300 4235 1390 4290 vel

255 4298 366 4381 ipse
400 4308 657 4361 mutavit.
714 4306 912 4391 Vulgo
961 4308 1109 4361 enim
1147 4306 1389 4361 Theseus

254 4371 411 4427 simul
447 4394 572 4432 cum
616 4378 795 4433 amico
833 4388 893 4433 et·
928 4379 1000 4433 ad
1048 4378 1260 4433 inferos
1296 4379 1388 4433 de-

261 4446 521 4504 scendisse
568 4454 627 4505 et
671 4450 743 4504 ab
781 4450 925 4505 Orco
973 4454 1229 4505 retentus
1276 4468 1395 4505 esse

260 4516 517 4590 traditum
573 4522 670 4591 qui
724 4539 851 4576 cum
895 4526 1091 4591 postea
1143 4522 1215 4576 ab
1252 4522 1391 4576 Her-

261 4586 378 4640 cule
430 4590 699 4648 liberatus
750 4598 895 4649 esset
947 4592 1261 4647 Pirithoum
1308 4596 1392 4647 ta·

1496 2253 1625 2290 men
1650 2252 1836 2291 secum
1859 2236 2061 2291 ducere
2086 2254 2202 2291 non
2236 2236 2440 2305 potuit.
2476 2237 2648 2306 Apud

1495 2308 1794 2362 Horatium
1862 2308 2151 2362 Pirithous
2219 2308 2370 2362 solus
2423 2307 2649 2362 videtur

1494 2379 1860 2445 descendisse,
1899 2381 1995 2448 qui
2032 2397 2159 2434 cum
2209 2385 2404 2450 captus
2441 2379 2645 2435 retine-

1494 2455 1671 2517 retur,
1723 2468 1794 2506 ne
1851 2470 1885 2506 a
1919 2450 2132 2507 Theseo
2186 2451 2431 2520 quidem,
2481 2468 2646 2521 quem

1494 2523 1748 2577 amicitia
1781 2523 1956 2592 misit,
1993 2523 2261 2577 liberatus
2297 2528 2399 2577 est.

1806 2636 2088 2692 Carmen
2130 2636 2280 2693 VIII.

1566 2733 1702 2788 Fuit
1746 2751 1866 2788 mos
1916 2732 2206 2789 hominum
2248 2733 2646 2803 Romanorum,

1495 2808 1562 2859 ιιι
1600 2805 1870 2860 Kalendis
1907 2804 2132 2861 Martiis
2171 2810 2230 2860 et
2256 2805 2646 2861 Saturnalibus

1494 2880 1662 2947 grata
1697 2878 1844 2931 dona
1881 2878 2142 2947 (strenas)
2191 2878 2435 2932 cuiusvis
2484 2895 2648 2949 gene-

1493 2949 1574 3002 ris
1619 2949 1812 3003 amicis
1862 2949 2078 3004 darent.
2154 2948 2330 3016 Quem
2385 2966 2510 3003 cum
2563 2966 2646 3003 se-

1496 3020 1594 3087 qui
1619 3020 1795 3075 vellet
1820 3020 2106 3083 Horatius,
2137 3020 2440 3075 Censorino
2467 3020 2645 3075 amico

1496 3120 1564 3130 —
1603 3092 1700 3160 qui
1749 3092 1861 3145 fuit
1898 3109 2006 3147 cos.
2044 3110 2094 3146 a.
2131 3111 2185 3146 u.
2223 3110 2268 3148 c.
2306 3092 2412 3146 746
2437 3122 2509 3133 —-
2535 3110 2646 3147 non

1494 3164 1744 3233 pretiosa
1789 3180 1926 3218 vasa
1967 3164 2063 3217 sed
2109 3164 2216 3219 hoc
2261 3180 2485 3219 carmen
2533 3180 2645 3218 non

1494 3234 1728 3288 minoris
1773 3235 1945 3303 pretii
1989 3236 2162 3289 misit.
2234 3235 2300 3288 In
2358 3252 2468 3303 quo
2517 3252 2646 3289 cum

1494 3306 1743 3361 ostendit
1795 3306 1930 3375 quid
1966 3307 2215 3361 carmina
2257 3312 2485 3375 possent
2528 3306 2646 3360 effi·

1495 3396 1638 3445 cere,
1677 3385 1888 3446 quanto
1929 3378 2002 3431 ad
2049 3378 2273 3431 laudem
2309 3382 2368 3431 et
2403 3378 2644 3461 gloriam

1495 3418 1647 3518 apud
1682 3455 1936 3519 posteros
1979 3450 2142 3503 bonis
2189 3450 2508 3503 hominibus
2544 3449 2648 3504 tri-

1493 3520 1773 3575 buendam
1831 3521 2008 3591 magis
2063 3525 2198 3590 apta
2244 3526 2428 3576 essent
2475 3539 2644 3590 quam

1494 3592 1754 3661 publicae
1797 3593 2190 3662 inscriptiones
2240 3598 2298 3647 et
2351 3594 2472 3663 ipsa
2509 3593 2644 3647 faci·

1494 3681 1651 3724 nora,
1715 3668 1838 3717 tum
1897 3663 1956 3717 id
2027 3682 2250 3734 quoque
2318 3669 2646 3719 consecutus

1495 3740 1598 3801 est,
1649 3735 1800 3804 quod
1853 3740 2004 3790 tecto
2060 3752 2224 3806 saepe
2275 3737 2506 3791 consilio
2551 3754 2648 3805 pa-

1492 3808 1662 3861 ravit.
1754 3807 2042 3861 Censorini
2110 3825 2312 3863 nomen
2373 3808 2647 3862 oblivioni

1495 3886 1752 3947 ereptum
1825 3884 2054 3934 aeterno
2119 3880 2414 3949 splendore
2481 3880 2643 3933 nitet.

1496 3949 1631 4003 Fuit
1667 3954 1856 4003 autem
1892 3949 2060 4005 homo
2094 3952 2322 4020 probus,
2358 3952 2642 4004 demeren-

1494 4020 1582 4075 dis
1619 4021 1935 4075 hominibus
1971 4024 2210 4092 genitus.
2247 4029 2313 4077 ut
2347 4022 2486 4076 dicit
2515 4021 2644 4075 Vel-

1495 4093 1634 4146 leius
1681 4093 2008 4147 Paterculus
2045 4094 2118 4161 11,
2158 4096 2274 4147 102.
2348 4092 2468 4160 Quo
2507 4096 2644 4145 tem-

1492 4181 1630 4232 pore
1679 4181 1904 4219 carmen
1951 4166 2220 4234 scriptum
2273 4166 2366 4226 sit,
2403 4182 2472 4217 ne
2517 4180 2644 4218 con-

1494 4236 1708 4289 iectura
1765 4236 1990 4305 quidem
2055 4237 2273 4305 assequi
2325 4252 2642 4305 possumus3

1492 4307 1594 4360 alii
1629 4309 1972 4362 rettulerunt
2017 4308 2090 4363 ad
2126 4326 2176 4362 a.
2214 4310 2338 4371 743,
2375 4307 2476 4361 alii
2512 4323 2643 4375 pru-

1494 4378 1716 4433 dentius
1754 4379 1827 4433 ad
1862 4384 2083 4447 tempus
2127 4378 2279 4433 intra.
2329 4396 2500 4434 annos
2537 4380 2642 4431 737

1566 4519 1632 4575 V.
1675 4488 1722 4575 1.
1771 4519 2024 4591 pateras]
2073 4521 2263 4604 poculi
2305 4538 2480 4605 genus
2523 4521 2644 4590 pls.-
2709 4568 2716 4573 .

1494 4610 1630 4647 num
1667 4610 1732 4647 ac
1765 4595 1980 4662 patens,
2014 4593 2172 4647 cuius
2207 4610 2340 4648 usus
2375 4592 2548 4648 etism
2583 4593 2642 4647 in
