3092 5059
1178 242 1340 307 LIB.
1381 240 1490 306 Iv.
1535 240 1786 307 CARM.
1839 240 2017 306 VIII.

2684 237 2808 304 267

814 431 1020 527 Eius,
1081 403 1229 530 qui·
1265 429 1558 504 domita
1606 454 1887 505 nomen
1940 430 2036 506 ab
2081 429 2354 505 Africa

815 551 1186 630 Lucratus
1233 552 1481 648 rediit,
1539 551 1817 626 clarius
1870 552 2213 628 indicant

734 707 787 749 ιο
820 677 1150 773 Laudes,
1201 702 1438 778 quam
1493 678 1870 757 Calabrae
1916 677 2301 754 Pierides:
2352 704 2627 778 neque,

818 803 900 881 Si
945 803 1258 880 chartae
1309 803 1592 880 sileant
1633 801 1847 902 quod
1896 803 2095 880 bene
2138 803 2434 899 feceris,

403 1025 738 1081 Africanum
795 1025 1064 1095 indicant,
1121 1031 1242 1081 tum
1291 1026 1559 1083 Calabrae

406 1097 656 1152 Pierides
681 1098 888 1156 iterum
925 1098 995 1152 ad
1021 1097 1292 1154 maiorem
1314 1099 1559 1154 referen-

409 1169 514 1224 dae
567 1173 717 1238 sunt,
773 1169 1038 1239 quoniam
1085 1169 1303 1225 Ennius
1359 1170 1561 1225 Rudiis

408 1240 703 1295 Calabriae
728 1241 936 1311 oppido
962 1246 1124 1295 natus
1145 1241 1220 1310 (a.
1237 1261 1290 1296 u.
1315 1258 1360 1296 c.
1381 1243 1558 1295 515—-

404 1314 530 1379 584)
553 1313 826 1367 maiorem
844 1312 1162 1382 Scipionem
1197 1315 1444 1369 carmine
1467 1331 1558 1368 ce-

405 1383 667 1438 lebravit.
705 1383 858 1451 Quae
897 1385 968 1439 ab
1006 1383 1183 1439 altero
1220 1385 1290 1439 ad
1319 1385 1560 1440 alterum

404 1453 724 1526 Scipionem
760 1457 1025 1511 transitio
1049 1455 1253 1525 quibus
1279 1456 1559 1527 displicet,

403 1527 473 1582 iis
525 1527 786 1582 incendia
833 1545 946 1582 non
993 1531 1128 1582 sunt
1181 1529 1561 1600 intellegenda

401 1598 472 1653 de
519 1599 660 1652 urbe
710 1617 745 1653 a
781 1597 1042 1669 Scipione
1078 1600 1296 1656 minore
1333 1601 1558 1656 combu-

401 1675 508 1738 sta,
546 1670 644 1725 sed
679 1670 749 1724 de
785 1671 1022 1726 navibus
1068 1677 1126 1726 et
1169 1677 1340 1742 portu
1376 1691 1409 1728 a
1441 1690 1557 1728 ma-

399 1741 520 1797 iore
541 1741 800 1812 Scipione
834 1743 1096 1798 incendio
1131 1743 1349 1808 deletis,
1390 1761 1558 1813 quam

400 1813 779 1869 calamitatem
799 1814 1302 1885 Karthaginienses
1319 1833 1434 1870 non
1453 1815 1557 1870 mi·-

398 1901 505 1940 nus
561 1902 728 1956 aegre
778 1887 1052 1954 tulerunt,
1105 1904 1274 1955 quam
1333 1888 1381 1941 si
1435 1887 1559 1956 ipsa

399 1958 534 2010 urbs
575 1961 722 2012 esset
754 1956 957 2013 deleta.
995 1958 1068 2013 cf.
1102 1957 1228 2012 Liv.
1265 1957 1438 2022 XXX,
1465 1959 1557 2012 43.

398 2031 668 2083 Attamen
704 2029 853 2083 inter
872 2030 1156 2085 Romanos
1193 2033 1348 2084 certe
1388 2047 1557 2085 nemo

400 2099 530 2166 fuit,
579 2101 676 2169 qni
716 2099 979 2156 incendia
1017 2101 1085 2155 K
1078 2101 1392 2171 arthaqim‘s
1441 2119 1557 2156 non

399 2171 641 2226 referret
658 2171 731 2226 ad
748 2172 1028 2227 minorem
1049 2171 1383 2242 Scipionem.
1414 2172 1556 2228 Fue-

400 2246 538 2297 runt
563 2248 770 2310 autem,
799 2243 897 2312 qui
919 2262 1011 2299 vv.
1042 2245 1108 2298 15
1131 2261 1251 2313 sqq.
1278 2243 1350 2298 de
1373 2243 1555 2314 pictu-

399 2315 480 2369 ris
505 2314 728 2384 publice
747 2313 960 2370 Romae
984 2315 1291 2386 propositis
1325 2332 1556 2386 magno-

401 2402 640 2455 rumque
680 2386 885 2441 ducum
921 2404 1012 2442 res
1047 2391 1234 2457 gestas
1269 2387 1555 2442 illustran-

400 2457 554 2512 tibus
601 2457 1139 2527 interpretarentur3
1185 2457 1330 2514 Plin.
1382 2459 1452 2514 N.
1485 2457 1555 2514 H.

402 2528 634 2598 XXXV,
672 2533 732 2583 7:
775 2528 906 2598 „.M’
941 2529 1200 2585 Valerius
1237 2529 1386 2585 Max.
1411 2530 1555 2585 Mes-

401 2601 544 2655 salla
567 2601 828 2670 princeps
851 2601 1047 2656 tabula
1078 2602 1359 2672 picturam
1395 2619 1556 2672 proe-

399 2671 483 2735 lii,
509 2689 621 2740 quo
641 2672 1139 2742 Karthaginienses
1166 2679 1224 2728 et
1251 2673 1556 2728 Hieronem

399 2744 461 2798 in
499 2743 692 2798 Sicilia
737 2744 968 2813 vicerat,
1021 2746 1318 2814 proposuit
1364 2746 1424 2800 in
1477 2747 1555 2800 la-

397 2820 523 2870 tere
543 2815 744 2870 Curiae
761 2815 1038 2870 Hostiliae
1073 2835 1122 2870 a.
1150 2833 1205 2870 u.
1230 2835 1274 2872 c.
1296 2817 1419 2870 490.
1452 2817 1555 2872 Fe-

401 2887 482 2942 cit
517 2886 625 2941 hoc
659 2887 808 2941 idem
847 2891 906 2942 et
941 2887 1006 2941 L.
1047 2887 1232 2957 Scipio
1277 2889 1555 2943 tabulam-

401 2975 510 3028 que
546 2959 820 3012 victoriae
861 2975 992 3013 suae
1030 2961 1312 3015 Asiaticae
1351 2961 1410 3014 in
1453 2960 1555 3015 Ca-

403 3029 610 3099 pitolio
634 3030 892 3099 posuit..
915 3029 1084 3084 ..Luc
1103 3031 1378 3086 Hostilius
1397 3031 1555 3086 Man·

399 3102 579 3164 cinus,
606 3102 704 3170 qui
740 3102 956 3171 primus
978 3103 1426 3174 Karthaginem'
1411 3121 1555 3157 ιιι-ιι-

399 3177 583 3243 perat,
622 3173 793 3227 situm
841 3173 960 3227 eius
996 3176 1555 3300 oppugnationesque

401 3245 654 3315 depictas
691 3245 1030 3328 (proposuit)
1071 3263 1316 3301 moro.
1396 3246 1555 3314 Quod

397 3317 667 3370 diaeresis
704 3335 756 3370 v.
799 3319 864 3369 17
903 3317 1108 3371 omissa
1153 3323 1257 3380 est,
1295 3317 1356 3371 id
1391 3335 1556 3372 excu-

401 3387 678 3442 sationem
715 3388 964 3442 inveniet
999 3389 1060 3442 in
1084 3393 1290 3443 natura
1313 3390 1557 3444 nominis

403 3459 638 3529 proprii.
677 3459 877 3528 Itaque
912 3477 1026 3515 non
1061 3461 1336 3515 assentior
1362 3462 1432 3516 iis
1459 3463 1557 3530 qui

404 3531 585 3586 locum
614 3537 942 3600 corruptum
966 3536 1259 3601 putarunt.
1296 3531 1403 3599 Qui
1431 3551 1558 3587 oon-

402 3602 642 3657 trariam
685 3603 960 3658 medelam
1005 3603 1414 3670 adhibuerunt3
1463 3605 1561 3658 alii

399 3677 468 3728 ut
501 3673 772 3729 Miillerus
811 3679 1084 3744 quattuor
1119 3691 1315 3729 versus
1350 3676 1551 3730 eicien-

399 3745 503 3799 dos
531 3744 645 3800 rati
681 3746 832 3802 hunc
852 3747 1267 3801 constituerunt
1291 3765 1553 3802 versuum

401 3834 626 3872 cursum
662 3823 788 3884 poet
817 3823 1042 3873 mortem
1069 3818 1313 3887 ducibus,
1350 3819 1558 3873 elarius

399 3888 676 3943 indicant.
749 3891 830 3943 At
864 3907 998 3944 vero
1039 3891 1088 3943 si
1139 3891 1346 3944 celeres
1386 3891 1557 3974 fugae

401 3965 462 4014 et
497 3960 684 4014 minae
718 3959 1052 4015 Hannibalis
1095 3963 1472 4045 expelluntur,
1508 3963 1555 4016 si

403 4031 682 4100 Scipionis
734 4032 922 4086 omnia
969 4033 1212 4103 vestigia
1259 4034 1557 4102 tolluntur,

401 4102 551 4156 unde
585 4101 852 4158 Calabrae
901 4103 1158 4159 Pserides
1201 4110 1437 4174 possunt
1475 4111 1558 4160 te-

403 4174 544 4240 neri,
588 4192 732 4243 quae
779 4174 1146 4230 fundamento
1201 4177 1460 4246 quodam,
1497 4178 1559 4231 in

404 4263 516 4316 quo
540 4247 873 4313 niterentur,
909 4194 1237 4303 (ιιιι-οιὌιιιΓΡ(1
1243 4248 1387 4304 Nam
1413 4217 1557 4302 il'lud

401 4317 764 4372 manifestum
800 4319 1042 4386 videtur,
1078 4317 1346 4375 Calabras
1382 4319 1557 4375 Pieri-

405 4389 502 4444 des
539 4407 652 4444 non
687 4406 848 4459 posse
886 4391 1186 4460 quicquam
1225 4391 1379 4446 aliud
1414 4392 1557 4446 indi-

405 4477 533 4516 care
589 4479 760 4531 quam
816 4479 990 4515 unum
1046 4462 1318 4532 Ennium;
1372 4466 1554 4518 totam

405 4531 620 4601 poesim
666 4533 901 4588 latinam
949 4538 1070 4588 tam
1121 4539 1277 4589 certo
1333 4536 1557 4590 nomine

405 4603 724 4674 significare
740 4622 856 4659 non
871 4605 1060 4674 potuit
1077 4605 1362 4661 Horatius.
1385 4605 1553 4662 Prae-

1659 1031 1815 1081 terea
1840 1026 2232 1082 Lachmannus
2268 1032 2327 1082 et
2360 1029 2457 1097 qui
2482 1046 2609 1083 eum
2635 1028 2811 1084 secuti

1662 1103 1793 1152 sunt
1830 1099 2128 1169 Hauptius,
2158 1099 2493 1169 Meinekius,
2516 1100 2812 1167 Linkerus,

1661 1187 1791 1226 cum
1828 1170 2101 1238 viderent,
2135 1189 2206 1226 ne
2232 1171 2423 1226 eiectis
2450 1172 2675 1242 quidem
2700 1171 2812 1226 illis

1662 1245 1932 1312 quattuor
1958 1243 2212 1296 versibus
2250 1243 2381 1326 (nort
2414 1243 2675 1298 celeres..
2698 1259 2811 1298 .··re

1662 1313 1793 1383 deit)
1818 1331 1975 1368 suam
2012 1314 2120 1367 sibi
2156 1314 2367 1370 servari
2392 1314 2573 1384 legem
2598 1315 2669 1369 de
2694 1332 2809 1370 car-

1660 1387 1813 1440 mine
1852 1385 1913 1439 in
1955 1385 2213 1455 strophas
2253 1391 2653 1455 quaternorum
2690 1403 2811 1441 ver-

1661 1474 1821 1512 suum
1880 1456 2209 1522 dividendo,
2280 1457 2812 1528 circumspexerunt,

1661 1529 1799 1598 quid
1845 1532 2071 1599 praeter
2120 1528 2249 1583 illos
2299 1533 2490 1598 posset
2542 1528 2813 1584 facillime

1659 1601 1957 1664 removeri,
1995 1605 2165 1669 atque
2201 1601 2261 1654 in
2304 1601 2617 1672 marginem
2654 1601 2812 1657 abire

1659 1672 1943 1728 iusserunt
1994 1689 2188 1727 versus
2236 1674 2307 1727 28
2355 1677 2413 1727 et
2463 1673 2811 1728 33.Peer1·

1660 1744 1915 1828 kampius
1962 1743 2483 1828 vv-14—17·(Per
2518 1761 2704 1816 quae.
2805 1785 2818 1799 .

1659 1814 1885 1885 immae)
1933 1815 2257 1885 repudiavit
2304 1815 2469 1884 eique
2508 1817 2813 1872 assentitur

1664 1885 1986 1956 Schiitzius;
2031 1890 2269 1956 uterque
2316 1887 2485 1942 etiam
2524 1893 2722 1958 postea
2756 1906 2807 1943 v.

1659 1959 1731 2011 24
1779 1962 1909 2028 post
1953 1975 2075 2014 voc.
2110 1958 2321 2014 meritis
2368 1959 2593 2030 signum
2638 1960 2811 2014 inter-

1658 2030 1968 2100 rogationis
2000 2029 2205 2101 posuit,
2240 2030 2445 2086 deinde
2468 2031 2659 2086 eiectis
2684 2031 2812 2086 reli-

1661 2101 1785 2170 quis
1813 2101 1883 2156 ad
1908 2119 1959 2155 v.
1983 2104 2047 2154 31
2076 2102 2272 2170 linqua
2302 2102 2607 2172 potentium
2632 2108 2812 2158 trans-

1659 2173 1747 2228 iit.
1819 2173 2191 2243 Kiesslingius
2233 2203 2306 2214 —
2358 2174 2419 2229 id
2471 2174 2619 2244 quod
2676 2191 2811 2229 sane

1660 2245 1991 2299 facillimum
2018 2249 2103 2299 est
2124 2273 2198 2284 -
2221 2249 2407 2300 totum
2433 2263 2657 2300 carmen
2684 2264 2810 2315 spu-

1658 2317 1809 2371 rium
1864 2333 1981 2371 esse
2035 2317 2289 2387 putavit3
2343 2316 2494 2372 idem
2544 2317 2812 2372 iudicium

1658 2387 1925 2442 Lehrsius
1980 2391 2111 2443 ante
2164 2386 2401 2456 tulerat3
2454 2387 2811 2444 Ecksteinius

1660 2463 1861 2514 contra
1890 2476 2115 2514 carmen
2152 2459 2425 2514 intactum
2462 2459 2697 2528 reliquit
2716 2477 2811 2515 ne-

1662 2548 1771 2600 que
1814 2532 1873 2585 in
1928 2531 2187 2601 strophas
2238 2535 2641 2598 quaternorum
2686 2549 2809 2587 ver-

1662 2620 1823 2658 suum
1866 2602 2118 2658 dividere
2154 2602 2399 2668 studuit3
2450 2603 2645 2657 eadem
2690 2621 2809 2658 sen·

1660 2673 1839 2729 tentia
1886 2679 1971 2728 est
2020 2674 2252 2742 Kelleri,
2302 2673 2393 2728 cui
2448 2675 2495 2728 si
2552 2674 2688 2744 quid
2742 2675 2813 2730 de

1660 2745 2015 2816 Scipionibus
2057 2762 2233 2816 prave
2284 2746 2559 2815 scriptum
2608 2747 2699 2809 sit.
2751 2746 2812 2802 id

1660 2818 1732 2873 ab
1790 2816 2027 2871 Horatio
2089 2817 2453 2888 neglegenter
2510 2817 2815 2873 admissum

1657 2907 1776 2944 esse
1815 2889 2057 2957 videtur,
2102 2905 2216 2943 non
2275 2888 2500 2944 aliunde
2552 2891 2810 2944 inlatum.

1658 2961 1944 3016 Bentleius
1982 2977 2154 3014 unum
2193 2979 2245 3014 v.
2289 2963 2353 3014 17
2406 2962 2659 3030 spurium
2695 2979 2814 3017 esse

1660 3033 1891 3093 censuit,
1940 3031 2259 3102 Madvigius
2296 3049 2489 3087 versus
2540 3033 2605 3085 16
2648 3036 2708 3087 et
2748 3037 2812 3089 17

1661 3104 1841 3172 eiecit,
1894 3103 1955 3157 in
2006 3120 2173 3158 versu
2222 3109 2413 3159 autem
2466 3107 2532 3158 15
2588 3105 2814 3175 scripsit

1658 3193 1769 3231 non
1804 3175 1991 3230 celeris
2023 3175 2209 3245 fuyae,
2237 3181 2303 3230 ut
2326 3176 2447 3230 vita
2482 3192 2594 3231 non
2627 3177 2813 3231 celeris

1655 3249 1823 3316 fuyae
1849 3252 1994 3301 esset
2027 3247 2147 3302 vita
2174 3263 2287 3302 non
2317 3248 2499 3316 fuya-2:
2533 3253 2585 3302 ct
2621 3248 2812 3303 brevis.

1658 3319 1775 3373 Alii
1800 3318 1873 3373 ad
1909 3319 2256 3374 coniecturas
2285 3318 2585 3388 impendia,
2611 3319 2812 3388 stipen-

1660 3391 1762 3445 dt‘a
1799 3407 1905 3460 pro
1943 3390 2201 3444 incendia
2231 3390 2515 3445 faciendas
2554 3389 2813 3461 confuge·

1658 3466 1822 3516 runt.
1868 3461 2225 3531 desperatum
2268 3461 2411 3516 illud
2457 3461 2683 3530 quidem
2727 3478 2812 3517 re-

1660 3533 1905 3589 medium
1946 3533 2007 3586 in
2042 3537 2205 3587 tanta
2243 3534 2518 3587 librorum
2556 3537 2811 3588 constan·

1661 3606 1757 3658 tia.
1831 3604 1917 3659 De
1974 3621 2039 3658 re
2101 3604 2171 3658 cf.
2229 3604 2453 3660 Sueten.
2512 3605 2655 3676 Aug.
2710 3607 2809 3660 81.

1664 3679 1989 3746 „Augustus
2024 3677 2344 3745 proximum
2380 3695 2415 3731 a
2439 3677 2547 3731 diis
2584 3679 2810 3731 immor·

1654 3749 1865 3802 talibus
1922 3747 2195 3802 honorem
2250 3749 2555 3803 memoriae
2603 3748 2807 3803 ducum

1662 3819 1968 3890 praestitit,
2006 3820 2099 3888 qui
2137 3818 2435 3889 imperium
2472 3821 2668 3890 populi
2702 3819 2811 3874 Ro-

1654 3892 1808 3946 mani
1833 3909 1901 3945 ex
1926 3891 2159 3944 minimo
2196 3891 2503 3975 maximum
2538 3891 2809 3946 reddidis-

1656 3966 1798 4018 sent.
1854 3962 2053 4031 Itaque
2090 3967 2149 4017 et
2183 3979 2357 4032 opera
2392 3961 2658 4033 cuiusque
2694 3981 2807 4017 ma·

1656 4034 1921 4089 uentibus
1967 4035 2151 4089 titulis
2190 4035 2445 4089 restituit·
2484 4039 2543 4088 et
2590 4038 2807 4088 statuas

1658 4106 1909 4161 omnium
1946 4106 2279 4174 triumphali
2314 4105 2503 4176 effigie
2547 4105 2607 4159 in
2656 4109 2809 4160 utra-

1660 4195 1769 4248 que
1790 4177 1902 4232 fori
1920 4177 2009 4231 sui
2028 4177 2253 4247 porticu
2274 4177 2607 4232 dedicavit.“
2644 4177 2809 4232 Lam·

1654 4247 1805 4319 prid.
1840 4249 2002 4304 Alex.
2040 4250 2141 4302 28:
2199 4251 2523 4319 „Augustus
2566 4265 2807 4303 summo·

1657 4339 1784 4375 rum
1820 4324 2036 4375 statuas
2072 4320 2319 4374 virorum
2366 4321 2426 4374 in
2468 4319 2593 4375 foro
2636 4338 2737 4375 suo
2774 4339 2805 4376 e

1658 4409 1936 4447 marmore
1972 4391 2271 4446 collocavit
2308 4391 2516 4446 additis
2552 4392 2745 4462 gestis.
2742 4393 2781 4422 ⁴⁴

1730 4463 1793 4518 V.
1816 4465 1901 4517 21.
1936 4463 2178 4533 chartae]
2222 4467 2498 4532 poemata,
2530 4468 2597 4517 ut
2624 4465 2805 4520 carm.

1658 4534 1765 4602 IV(
1773 4537 1826 4603 9,
1850 4537 1935 4589 31.
1964 4563 2029 4574 -
2058 4535 2102 4588 I
2104 4534 2210 4589 ttae
2237 4533 2613 4604 Mavortisque
2641 4535 2809 4607 puer]

1656 4606 1781 4662 Hac
1812 4609 2114 4678 parentum
2149 4605 2475 4662 laudatione
2508 4606 2810 4678 indicatur,
