3092 5059
1054 242 1217 311 LIB.
1261 240 1344 310 11.
1385 240 1571 312 SAT.
1614 240 1720 311 tv.
1768 243 1844 311 V.

2516 242 2641 307 461

341 432 652 509 Vultum
706 431 1215 531 habitumque
1263 431 1625 527 hominis,
1670 455 1905 531 quem
1935 443 2020 508 tu
2060 428 2347 506 vidisse
2380 430 2647 505 beatus

338 558 514 633 Non
563 558 830 655 magni
875 556 1176 655 pendis,
1230 556 1416 655 quia
1465 556 1829 653 contigit3
1882 568 1959 633 at
2010 554 2198 631 mihi
2255 580 2439 631 cura

335 684 511 760 Non
561 682 974 759 mediocris
1029 682 1250 776 inest,
1303 681 1559 758 fontes
1610 694 1695 755 ut
1745 681 1965 757 adire
2012 693 2351 757 remotos

255 840 306 879 2⁵
343 807 604 909 Atque
652 808 962 885 haurire
1018 831 1298 907 queam
1348 806 1559 883 vitae
1608 819 2021 903 praecepta
2072 806 2387 882 beatae..

1195 1132 1526 1221 SA'mRA
1592 1128 1683 1219 V.

339 1296 517 1372 Hoc
570 1322 900 1397 quoque,
954 1298 1274 1394 Tiresia,
1326 1308 1635 1397 praeter
1684 1307 1993 1373 narrata
2042 1294 2337 1393 petenti

341 1422 772 1522 Responde,
832 1422 1108 1522 quibus
1164 1424 1482 1501 amissas
1531 1446 1898 1522 :reparare
1952 1445 2231 1520 queam
2280 1444 2403 1495 res

342 1545 667 1625 Artibus
721 1561 954 1648 atque
1007 1548 1280 1625 modis.

1387 1547 1596 1640 Quid
1640 1546 1903 1623 rides?
2004 1544 2323 1643 „Iamne
2375 1542 2647 1621 doloso

342 1672 521 1747 Non
572 1674 752 1749 satis
808 1685 921 1749 est
967 1672 1314 1751 Ithacam
1367 1670 1637 1749 revehi
1686 1671 2135 1771 patriosque
2185 1680 2501 1768 penates

288 1830 314 1871 s
348 1797 728 1895 Aspicere
747 1796 836 1877 ⁴?“
941 1799 1010 1878 O
1065 1797 1262 1874 nulli
1315 1798 1731 1898 quicquam
1774 1795 2113 1891 mentite,
2168 1793 2385 1871 vides
2436 1806 2523 1869 ut

247 2022 601 2087 vocabulum,
638 2022 788 2091 quod
838 2025 1046 2079 satirae
1091 2023 1258 2078 finem
1304 1988 1401 2077 iin-

244 2096 426 2164 ponit.
463 2124 528 2134 —
567 2098 730 2163 atque
753 2094 1000 2164 ham-ire]
1035 2094 1244 2150 festiva
1279 2094 1402 2148 imi-

243 2167 386 2221 tatio
427 2183 620 2221 versus
657 2164 983 2221 Lucretiani
1021 2167 1065 2233 Ι,
1104 2169 1239 2223 9263
1279 2166 1402 2236 „Iu-

243 2242 344 2292 vat
383 2238 635 2307 integros
685 2238 946 2294 accedere
995 2237 1178 2294 fontes
1215 2241 1405 2308 Atque

247 2308 529 2365 haurire.“

641 2421 925 2476 Satira
961 2421 1024 2478 V.

321 2519 466 2573 Cum
513 2518 895 2573 Romanorum
957 2517 1294 2572 fortitudine
1341 2534 1409 2573 ac

248 2590 530 2645 felicitate
585 2590 732 2645 aliae
800 2608 870 2645 ex
919 2589 1046 2643 aliis
1102 2594 1288 2643 terrae
1341 2606 1408 2643 ac

247 2662 507 2717 nationes
576 2660 829 2719 Romano
895 2661 1132 2729 imperio
1195 2660 1406 2715 subice·

247 2738 448 2789 rentur
519 2731 914 2801 immensisque
989 2732 1188 2801 quovis
1261 2749 1407 2786 anno

247 2805 488 2861 Romam
547 2804 913 2873 comportatis
971 2803 1187 2858 divitiis
1243 2804 1410 2857 multi

248 2877 329 2931 ibi
375 2875 632 2931 homines
677 2892 809 2931 casu
856 2894 912 2929 m
991 2876 1032 2929 ‘s
1089 2891 1260 2946 quam
1309 2893 1411 2930 sua

247 2965 426 3016 opera
473 2946 790 3001 ditarentur
837 2948 934 3016 qui
1025 2948 1140 3001 fuit
1185 2948 1408 3014 mirum,

249 3036 378 3073 cum
415 3035 600 3073 mores
647 3019 869 3073 luxuria
913 3019 1302 3087 bellorumque
1333 3018 1408 3073 ci-

247 3092 452 3145 vilium
490 3090 720 3145 lieentia
753 3090 922 3159 plane
961 3090 1172 3173 perditi
1209 3094 1410 3155 essent,

247 3157 668 3231 paupertasque
719 3178 824 3231 pro
879 3162 1021 3216 vitio
1088 3162 1410 3230 haberetur,

251 3234 406 3302 quod
447 3233 490 3286 ii
528 3234 730 3301 quibus
771 3249 954 3301 neque
989 3234 1197 3288 militia
1229 3250 1412 3301 neque

250 3305 599 3373 patrimonio
637 3305 785 3359 bona
821 3305 958 3360 satis
1005 3322 1211 3375 magna
1246 3304 1410 3359 obve-

251 3376 470 3431 nissent
538 3376 636 3431 alii
711 3377 882 3431 aliam
949 3376 1412 3446 ingrediebantur

250 3447 958 3587 {assssztffss‘fssssuffiffl
975 3448 1412 3589 ιὲἒιῗξωᾎᾛῖ

253 3591 558 3645 venirent?
592 3590 730 3645 Inde
765 3596 962 3644 natum
997 3596 1084 3645 est
1116 3607 1292 3661 genus
1315 3591 1412 3645 ho-

253 3663 491 3729 minum,
544 3679 655 3731 quo
691 3662 857 3717 vilius
895 3667 953 3717 et
997 3662 1268 3719 abiectius
1317 3662 1414 3715 vix

250 3738 443 3802 potest
477 3734 658 3788 ullum
711 3734 968 3804 cogitari,
1013 3734 1112 3802 qui
1159 3732 1414 3802 pessimis

257 3805 496 3871 artibus,
533 3805 683 3872 dolo,
727 3806 934 3859 scelere
980 3810 1150 3875 atque
1195 3805 1414 3875 flagitio

253 3876 316 3930 in
374 3880 710 3931 testamenta
755 3876 1120 3945 locupletium
1165 3877 1416 3946 irrepere

255 3948 546 4017 iustosque
621 3947 853 4003 heredes
917 3948 1228 4003 hereditate
1299 3947 1413 4017 pri·

254 4036 392 4073 vare
427 4020 733 4075 studerent.
818 4020 1012 4088 Neque
1058 4038 1191 4075 vero
1233 4020 1418 4075 defuit

254 4090 422 4145 malis
495 4091 618 4145 istis
685 4091 1006 4146 hominibus
1087 4092 1416 4162 cupiditatis

255 4161 566 4231 explendae
622 4163 870 4231 occasi03
922 4164 1144 4218 adiuvit
1193 4180 1414 4219 morum

253 4232 501 4288 nefanda
545 4234 807 4289 foeditas.
887 4234 1098 4289 Multos
1147 4235 1297 4290 enim
1343 4252 1410 4289 ea

255 4308 462 4373 aetate,
499 4322 638 4373 quos
675 4306 902 4361 luxuria
941 4311 998 4360 et
1022 4306 1199 4361 libido
1235 4323 1270 4360 a
1293 4323 1407 4361 ma-

253 4376 538 4430 trimoniis
562 4376 820 4431 ineundis
845 4377 1260 4444 deterruerunt,
1290 4394 1408 4432 cae-

257 4446 379 4500 lebs
425 4448 544 4503 vita
591 4454 650 4502 et
687 4454 940 4503 senectus
1089 4454 1207 4503 tam
1249 4466 1410 4518 prae-

257 4518 388 4572 buit
423 4520 580 4587 quasi
621 4520 943 4589 praedam
1033 4520 1274 4576 antibus
1311 4537 1409 4574 un-

259 4536 459 4657 diqueq
465 4590 822 4660 heredipetis.
859 4590 1008 4659 Quos
1045 4610 1171 4647 cum
1206 4592 1410 4647 merito

1494 2019 1613 2073 sale
1658 2018 1931 2089 pei-fricat
1976 2016 2265 2081 Horatius,
2324 2016 2653 2073 mollissimo

1493 2106 1627 2145 sane
1664 2106 1871 2161 genere
1908 2088 2118 2143 satirae
2154 2088 2353 2157 utitur,
2393 2106 2649 2143 scaenam

1493 2176 1991 2317 &stuf-”²2¹2
2034 2129 2387 2286 afmait
2432 2160 2652 2301 ἐπι

1537 2305 1685 2359 atria
1734 2322 1795 2357 ιιι
1838 2302 2231 2373 antiquissima
2274 2308 2531 2373 tempora
2580 2303 2652 2358 ad

1495 2322 1849 2444 graecosque
1901 2375 2154 2430 homines
2207 2374 2481 2445 relegans.
2562 2375 2653 2429 Ita

1497 2448 1649 2503 enim
1683 2465 1806 2503 rem
1838 2446 2007 2503 finxit
2040 2451 2227 2517 poeta,
2262 2446 2423 2516 quasi
2458 2446 2653 2503 Ulixes

1497 2518 1797 2582 Tiresiam.
1858 2523 2049 2573 vatem
2109 2517 2457 2586 Thebanum,
2518 2535 2653 2587 quo-

1501 2608 1630 2646 cum
1684 2590 1745 2645 in
1798 2590 1997 2645 inferis
2060 2590 2413 2645 convenisset
2464 2588 2653 2660 (Hom.

1499 2661 1601 2717 od.
1650 2662 1747 2728 XI,
1794 2664 1867 2716 90
1902 2664 2073 2731 sqq.)‚
2132 2661 2203 2716 de
2256 2660 2451 2715 futura
2506 2662 2653 2717 vitae

1501 2732 1829 2789 condicione
1873 2749 2093 2802 quaque
2148 2734 2209 2787 in
2262 2732 2517 2789 Ithacam
2570 2749 2653 2787 re-

1501 2823 1695 2860 versus
1751 2804 1955 2859 amissa
1995 2804 2145 2859 bona
2198 2805 2411 2873 optime
2465 2808 2655 2873 posset

1500 2878 1721 2932 ratione
1756 2878 2089 2945 reciperare,
2134 2876 2487 2946 interrogare
2528 2893 2655 2945 per-

1501 2952 1681 3019 geret.
1716 2948 1855 3002 Inde
1883 2948 2070 3017 primo
2095 2948 2287 3003 statim
2324 2964 2493 3002 versu
2528 2965 2655 3016 par-

1501 3021 1679 3075 ticula
1713 3034 1939 3089 quoque,
1987 3018 2371 3089 superioribus
2420 3020 2657 3074 interro-

1578 3091 1827 3145 tionibus
1872 3108 2079 3145 novam
2124 3092 2283 3159 qnasi
2338 3090 2656 3145 adnectens.

1503 3110 1719 3231 {apide
1772 3162 1983 3217 factum
2036 3166 2139 3229 est,
2194 3162 2347 3231 quod
2394 3162 2655 3224 Tiresias,

1503 3235 1769 3303 antiquus
1812 3238 1988 3302 vates,
2036 3232 2279 3287 Graecus
2323 3233 2510 3303 home,
2556 3251 2658 3303 per

1504 3312 1691 3361 totum
1736 3322 2049 3361 sermonem
2090 3305 2327 3359 heroicis
2374 3276 2541 3359 rebiis
2577 3306 2657 3360 vi·

1503 3383 1623 3433 tam
1700 3380 1759 3431 et
1829 3376 2287 3431 consuetudinem
2345 3376 2659 3431 Romanam

1505 3448 1777 3504 admiscet
1836 3448 2203 3518 exemplaque
2268 3466 2411 3516 quae
2466 3448 2661 3503 futura

1506 3538 1625 3575 esse
1659 3519 2001 3575 vaticinatur
2046 3538 2117 3574 ex
2160 3520 2229 3573 iis
2264 3519 2431 3575 rebus
2466 3522 2659 3588 sumit,

1507 3608 1651 3659 quae
1696 3590 1907 3646 Romae
1952 3591 2139 3647 factae
2182 3591 2443 3646 omnibus
2488 3592 2659 3661 lippis

1505 3668 1565 3717 et
1600 3663 1921 3717 tonsoribus
1955 3668 2123 3718 notae
2158 3668 2335 3717 erant.
2404 3662 2489 3717 De
2526 3664 2658 3717 sati-

1505 3752 1605 3789 rae
1642 3752 1789 3789 anno
1825 3735 2003 3789 natali
2038 3734 2149 3787 viri
2182 3735 2333 3789 docti
2376 3750 2489 3787 non
2530 3751 2658 3789 oon-

1507 3804 1785 3861 sentiunt:
1840 3806 2093 3859 versibus
2138 3806 2209 3859 62
2256 3822 2380 3874 sqq.
2416 3805 2518 3860 alii
2562 3823 2657 3861 an-

1506 3894 1643 3933 num
1681 3878 1787 3931 722
1825 3877 1923 3932 alii
1961 3880 1992 3929 7
1996 3879 2068 3931 24
2103 3877 2195 3931 vel
2247 3879 2370 3945 725,
2416 3877 2517 3931 alii
2564 3876 2657 3930 de·-

1505 3950 1677 4018 nique
1743 3952 1775 4002 7
1780 3950 1851 4003 34
1912 3948 2219 4019 significari
2281 3949 2659 4017 arbitrantur3

1504 4026 1637 4077 utut
1689 4038 1757 4075 ea
1810 4037 1899 4075 res
1956 4037 2015 4074 se
2056 4020 2243 4084 habet,
2294 4020 2402 4075 hoo
2442 4024 2658 4074 certum

1505 4093 1750 4159 videtur,
1786 4110 1899 4147 non
1924 4092 2091 4147 licere
2124 4092 2357 4145 satiram
2392 4095 2523 4161 post
2556 4108 2657 4159 pu-

1507 4180 1678 4235 gnam
1716 4164 2009 4219 Actiacam
2044 4162 2317 4232 p.roferre

1579 4235 1646 4290 V.
1686 4238 1739 4289 2.
1790 4181 2083 4304 αιπίεεαε]Ρ
2108 4234 2182 4289 cf.
2215 4233 2379 4288 Hom.
2418 4233 2523 4288 Od.
2560 4234 2659 4299 XI,

1511 4308 1812 4361 113-116.
1832 4336 1898 4345 -
1918 4306 2067 4377 Quid
2080 4304 2252 4374 rides]
2278 4305 2461 4360 Ulixis
2486 4306 2661 4361 verba

1507 4384 1667 4445 sunt3
1720 4382 1879 4433 vates
1914 4378 2081 4445 enim,
2118 4377 2251 4432 dum
2288 4376 2385 4431 ille
2422 4378 2659 4433 interro·

1505 4454 1609 4519 gat
1638 4418 1709 4503 de
1743 4449 2123 4517 reciperandis
2157 4447 2341 4517 rebus,
2378 4449 2523 4503 risit.
2584 4450 2659 4505 cf.

1507 4520 1671 4575 Hom.
1722 4520 1827 4573 Od.
1875 4521 2030 4589 XIII,
2074 4520 2175 4573 291
2226 4536 2349 4589 sqq.
2422 4520 2661 4577 Dolosus

1509 4592 1659 4645 enim
1698 4592 1909 4660 Ulixes,
1960 4592 2049 4645 cui
2096 4597 2231 4647 ante
2274 4592 2533 4648 sufficere
2576 4595 2657 4649 vi-
