3092 5059
449 237 576 302 580

1338 233 1955 304 EPISTULARUM

550 425 767 503 Inter
821 453 1015 526 quos
1066 425 1516 503 referendus
1562 428 1751 502 erit?
1804 439 2203 502 veteresne
2251 437 2542 522 poetas,

555 549 682 624 An
737 575 930 648 quos
983 563 1060 626 et
1109 577 1472 648 praesens
1524 562 1601 626 et
1650 566 1961 647 postera
2010 564 2323 649 respuat
2372 553 2637 626 aetas?

553 674 760 772 „Iste
813 676 1132 774 quidem
1182 689 1476 752 veteres
1527 677 1730 751 inter
1780 689 2111 775 ponetur
2161 677 2503 772 honeste,

556 799 706 892 Qui
759 801 882 877 vel
935 827 1198 879 mense
1246 803 1466 878 brevi
1519 803 1646 878 vel
1696 815 1859 878 toto
1912 814 2026 880 est
2068 803 2326 878 iunior
2374 797 2663 878 anno.“

468 961 520 1002 ⁴5
550 925 750 1002 Utor
791 930 1166 1026 permisso
1223 928 1669 1028 caudaeque
1723 929 1927 1027 pilos
1971 941 2059 1003 ut
2108 928 2437 1027 equinae

552 1051 932 1128 Paulatim
971 1053 1176 1128 vello
1233 1066 1308 1127 et
1343 1053 1573 1128 demo
1624 1079 1888 1149 unum,
1944 1052 2171 1129 demo
2226 1067 2305 1130 et
2354 1053 2540 1128 item
2592 1078 2864 1148 unum,

549 1177 752 1251 Dum
805 1179 1029 1253 cadat
1081 1178 1336 1252 elusus
1389 1178 1687 1254 ratione
1738 1179 2026 1254 ruentis
2078 1179 2363 1268 acervi,

554 1301 708 1393 Qui
759 1301 966 1392 redit
1015 1303 1095 1377 in
1149 1304 1390 1378 fastos
1444 1315 1522 1379 et
1572 1304 1936 1379 virtutem
1987 1305 2343 1380 aestimat
2387 1305 2617 1380 annis

549 1427 1032 1527 Miraturque
1082 1429 1277 1504 nihil
1327 1431 1476 1504 nisi
1531 1429 1743 1528 quod
1796 1429 2134 1505 Libitina
2186 1430 2533 1506 sacravit.

467 1583 520 1623 m
553 1553 842 1628 Ennius
897 1565 971 1627 et
1027 1554 1330 1651 sapiens
1385 1565 1462 1629 et
1511 1555 1738 1628 fortis
1792 1569 1867 1629 et
1910 1555 2111 1630 alter
2158 1555 2572 1650 Homerus,

551 1677 658 1753 Ut
712 1678 957 1753 critici
1007 1678 1290 1774 dicunt,
1339 1677 1619 1754 leviter
1668 1705 1939 1755 curare
1992 1679 2316 1777 videtur,

554 1803 725 1896 Quo
779 1804 1161 1903 promissa
1213 1802 1494 1879 cadant
1545 1815 1621 1878 et
1672 1805 1969 1880 somnia
2024 1805 2531 1904 Pythagorea.

547 1927 882 2002 Naevius
929 1928 1008 2002 in
1063 1927 1415 2003 manibus
1467 1953 1622 2003 non
1674 1941 1787 2004 est
1837 1942 1913 2003 et
1956 1930 2340 2006 mentibus
2392 1929 2669 2007 haeret

450 2171 570 2240 dat]
610 2169 670 2227 Si
705 2173 839 2228 anni
861 2177 1009 2238 sunt,
1042 2173 1245 2243 inquit,
1275 2175 1371 2243 qui
1391 2175 1602 2229 bonum

450 2243 706 2299 efficiunt
765 2246 1126 2314 scriptorem,
1201 2249 1604 2302 constituamus

451 2320 667 2370 certum
723 2335 994 2372 annorum
1049 2319 1376 2386 terminum3
1438 2336 1605 2388 quem

451 2388 548 2455 qui
583 2389 927 2458 praecedunt
967 2389 1244 2457 perfectos
1281 2389 1605 2458 habeamuS,

450 2459 549 2528 qui
573 2461 942 2529 insequuntur
972 2477 1144 2514 novos
1170 2464 1227 2515 et
1251 2466 1604 2516 contemnen-

448 2530 566 2584 dos.
640 2531 901 2600 Exempli
950 2532 1142 2614 gratia
1188 2550 1242 2586 v.
1279 2533 1347 2586 39
1395 2532 1523 2586 finis
1562 2549 1603 2585 s.

445 2603 722 2656 terminus
765 2603 1068 2657 centesimo
1113 2621 1260 2656 anno
1311 2605 1602 2658 constitui-

445 2677 557 2728 tur.
599 2703 664 2713 -—-
699 2674 950 2744 respuat]
988 2674 1078 2728 Sic
1113 2679 1266 2729 recte
1303 2680 1417 2729 tres
1447 2674 1604 2729 MSS.

449 2745 700 2814 Crnqnii,
763 2747 913 2800 inter
975 2763 1112 2815 quos
1180 2747 1605 2816 antiquissimus

446 2816 661 2873 Bland..
698 2817 901 2886 optimi
921 2815 1120 2871 Orellii
1160 2822 1217 2871 et
1239 2817 1476 2886 Kelleri3
1517 2835 1604 2872 re-

447 2888 586 2956 liqui
629 2887 794 2958 Cruq.
835 2889 1068 2957 respuit,
1105 2888 1208 2942 alii
1239 2895 1471 2958 respuet.
1529 2888 1603 2942 cf.

451 2959 521 3013 ad
566 2959 746 3030 Epist
793 2959 832 3024 1,
882 2961 964 3018 17,
996 2961 1048 3013 8.
1096 2989 1162 2998 -
1214 2960 1452 3030 honeste]
1497 2962 1603 3014 mit

447 3029 657 3085 Ehren.
705 3061 768 3070 -
825 3031 1038 3086 caudae
1075 3031 1324 3102 equinae]
1364 3032 1606 3086 Videtur

448 3102 767 3172 exemplum
803 3104 1104 3171 sumpsisse
1141 3121 1175 3156 a
1197 3102 1467 3171 Sertorio,
1505 3104 1606 3173 qui

450 3178 515 3227 ut
567 3174 774 3228 milites
831 3191 958 3228 suos
1015 3175 1085 3228 ad
1135 3175 1492 3229 concordiam
1549 3179 1607 3229 et

447 3245 781 3314 patientiam
819 3245 1233 3313 adhortaretur,
1275 3247 1607 3315 produxisse

449 3315 658 3370 dicitur
712 3317 852 3372 duos
902 3335 1088 3387 equos,
1145 3318 1384 3372 alterum
1439 3318 1606 3388 plane

447 3387 734 3442 infirmum
787 3393 844 3444 et
887 3388 1003 3443 iam
1054 3395 1320 3456 veterem,
1363 3391 1606 3444 alterum

447 3477 747 3529 procerum
803 3465 861 3515 et
913 3461 1206 3515 robustum
1262 3466 1320 3515 et
1369 3463 1605 3516 caudam

447 3532 593 3586 mira
639 3532 886 3602 pilorum
937 3533 1244 3587 crebritate
1288 3531 1604 3588 habentem.

449 3603 679 3658 Inflrmo
717 3621 858 3674 equo
897 3605 1121 3659 astabat
1149 3605 1238 3657 vir
1275 3622 1512 3674 magnus
1550 3609 1608 3658 et

447 3676 686 3744 validus,
729 3675 964 3730 robusto
1007 3693 1215 3745 parvus
1263 3695 1330 3730 ac
1374 3675 1605 3744 debilis3

450 3746 564 3801 iam
600 3765 726 3802 cum
763 3753 1002 3816 uterque
1026 3747 1260 3801 caudam
1291 3765 1432 3817 equo
1460 3748 1604 3802 evel-

449 3819 564 3872 lere
590 3819 896 3886 iuberetur,
933 3819 1200 3872 robustus
1231 3819 1440 3873 infirmi
1475 3820 1605 3903 equi

449 3891 684 3944 caudam
733 3894 932 3959 totam,
984 3891 1186 3944 debilis
1227 3891 1447 3974 robusti
1493 3893 1602 3946 sin-

450 3962 614 4033 gulos
649 3962 822 4032 pilos3
870 3931 966 4016 ille
1013 3961 1236 4031 quidem
1272 3963 1446 4017 risum
1483 3981 1605 4032 spe-

449 4033 736 4088 ctantibus
780 4033 1061 4104 praebuit,
1114 4032 1207 4088 hic
1257 4035 1376 4088 sine
1425 4035 1605 4090 multo

446 4106 642 4160 labore
683 4123 888 4176 equum
927 4106 1102 4160 cauda
1138 4105 1406 4176 privavit.
1450 4136 1517 4146 -
1554 4113 1607 4161 et

445 4176 598 4248 item]
635 4175 728 4232 Sic
761 4177 1121 4232 scribendum
1148 4182 1234 4232 est
1270 4195 1340 4232 ex
1377 4179 1605 4248 optimis

447 4249 641 4317 libris3
689 4249 749 4303 in
799 4249 924 4304 aliis
971 4251 1059 4304 est
1094 4250 1184 4305 vel
1233 4250 1417 4319 etiam,
1454 4249 1606 4320 quod

489 4289 665 4375 lacuit
701 4319 1085 4390 Doederlini0,
1121 4321 1347 4375 Rittero
1385 4327 1444 4375 et
1454 4267 1605 4376 q--Kel

447 4338 568 4447 fero
606 4393 698 4446 vel
736 4393 933 4448 iterum
969 4393 1062 4447 vel
1096 4391 1304 4446 itidem.
1378 4391 1604 4447 Rittero

449 4468 502 4517 et
537 4464 670 4518 item
703 4463 1001 4519 molestum
1039 4465 1222 4518 visum
1247 4469 1331 4518 est
1366 4481 1470 4518 nec
1493 4464 1604 4519 Ho-

448 4534 760 4604 ratianum3
809 4553 910 4590 cur
943 4535 1127 4590 visum
1162 4535 1253 4604 sit,
1289 4553 1404 4590 ιιοιι
1440 4537 1605 4591 dixit.

449 4603 708 4661 Kellerus
767 4607 934 4660 etiam
991 4605 1423 4676 praeferendum
1487 4623 1607 4661 esse

1698 2173 1880 2239 duxit,
1916 2175 2051 2243 quia
2081 2174 2235 2230 Pers.
2259 2175 2311 2238 6,
2331 2175 2425 2228 58:
2470 2173 2656 2244 „adde
2696 2175 2863 2230 etiam

1698 2264 1889 2315 unum,
1930 2247 2117 2302 Unum
2153 2247 2361 2302 etiam“
2400 2264 2521 2317 sqq.
2562 2246 2642 2301 ad
2682 2264 2862 2302 exem·

1698 2319 1856 2387 plum
1882 2318 2105 2374 Horatii
2142 2318 2431 2388 scripsisse
2466 2319 2733 2388 putavit3
2772 2317 2863 2372 sed

1698 2389 1893 2444 licebit
1943 2391 2220 2445 dubitare.
2272 2419 2338 2430 -
2392 2390 2610 2445 ruentis
2664 2389 2863 2458 acervi}

1700 2460 1813 2516 Cic.
1851 2461 1921 2515 de
1948 2461 2137 2516 Divin.
2163 2461 2237 2528 11,
2262 2466 2325 2515 4·
2364 2461 2574 2530 „Sor-iti
2609 2463 2863 2526 resistas,

1699 2549 1863 2600 quem
1900 2533 1948 2588 si
1984 2551 2206 2588 necesse
2249 2534 2325 2588 sit
2364 2533 2543 2587 latino
2580 2535 2768 2587 verbo
2804 2533 2863 2585 li—

1698 2608 1821 2658 ceat
1858 2605 2151 2660 acervalem
2188 2605 2525 2673 appellare!
2572 2603 2727 2658 Nam
2767 2603 2861 2656 σῶ·

1698 2694 1791 2744 ρος
1814 2681 1899 2730 est
1935 2693 2191 2745 acervus3
2230 2681 2289 2730 et
2310 2677 2422 2731 fuit
2447 2676 2665 2745 duplex
2688 2691 2863 2758 genus

1698 2747 1923 2816 soritae,
1964 2748 2179 2803 ruentis
2216 2751 2273 2801 et
2308 2749 2597 2802 struentis.
2642 2777 2718 2787 —
2758 2747 2860 2801 cir-

1697 2819 1885 2890 tutem]
1910 2821 2191 2888 poeticam
2218 2817 2549 2874 facultatem
2571 2823 2631 2872 et
2658 2823 2859 2874 artem.

1702 2919 1763 2928 —
1792 2889 2074 2961 Libitina]
2112 2890 2243 2944 vide
2282 2891 2353 2944 ad
2374 2889 2791 2960 Garm.111‚3o‚
2814 2889 2861 2940 7.

1770 2961 1835 3015 V.
1875 2964 1960 3016 50.
2015 2961 2207 3032 fortis]
2269 2962 2343 3016 ob
2388 2979 2661 3046 magnum
2702 2960 2859 3032 spiri-

1697 3035 1839 3098 tum,
1891 3051 2057 3102 quem
2100 3033 2163 3087 in
2213 3034 2327 3087 suis
2364 3033 2589 3116 scriptis
2624 3050 2771 3102 prae
2806 3047 2859 3084 se

1698 3103 1933 3159 ferebat·
2008 3105 2269 3160 Ceterum
2307 3123 2421 3159 non
2457 3105 2577 3160 sine
2616 3105 2857 3174 quadam

1698 3179 1945 3246 εἰρωνείᾳ
1979 3177 2136 3243 dicit,
2176 3176 2424 3231 Ennium
2460 3177 2519 3230 in
2558 3175 2859 3231 scribendo

1696 3249 2088 3319 neglegentem
2122 3265 2327 3318 parum
2364 3265 2589 3303 curasse
2625 3249 2771 3317 qnid
2793 3246 2859 3300 de

1698 3335 1756 3373 se
1813 3320 2165 3389 promisisset
2232 3337 2298 3374 ac
2365 3320 2727 3388 somniasset3
2804 3321 2859 3372 et

1697 3395 1888 3446 tamen
1924 3409 2049 3446 eum
2096 3409 2249 3446 nunc
2294 3409 2512 3446 summa
2564 3392 2737 3446 laude
2774 3407 2858 3444 or-

1697 3463 1841 3529 nari,
1880 3463 2147 3532 quoniam
2184 3467 2345 3517 vetus
2382 3464 2458 3518 sit
2480 3467 2682 3534 poeta3
2720 3462 2857 3518 Nae·

1697 3533 1851 3588 vium
1898 3536 1957 3588 in
1996 3535 2245 3589 omnium
2285 3533 2457 3589 etiam
2502 3535 2768 3590 manibus
2804 3535 2858 3587 et

1698 3606 1899 3660 animis
1938 3607 2187 3671 haerere,
2226 3606 2475 3676 reliquos
2508 3623 2705 3661 omnes
2736 3613 2854 3659 tan·

1698 3683 1893 3746 topere
1948 3678 2075 3745 coli,
2134 3682 2197 3731 ut
2241 3695 2343 3733 sua
2398 3679 2635 3748 quisque
2694 3675 2855 3732 laude

1699 3748 1941 3803 fruatur.
2014 3749 2100 3804 De
2153 3749 2339 3804 Ennio
2386 3749 2458 3804 cf.
2504 3749 2659 3805 Pers.
2698 3751 2751 3814 6,
2792 3749 2854 3800 10

1699 3837 1806 3889 sq..
1846 3861 1880 3890 ‚,
1866 3819 1993 3889 ,Cor
2030 3822 2191 3876 iubet
2224 3821 2333 3876 hoc
2349 3821 2520 3890 Enni,
2556 3825 2853 3892 postquam

1698 3892 2000 3947 destertuit
2055 3911 2173 3947 esse
2226 3893 2566 3958 Maeonides,
2619 3892 2852 3962 Quintus

1697 3981 1917 4034 pavone
1969 3981 2039 4019 ex
2087 3964 2461 4035 Pythagorea
2464 3965 2500 3994 “
2574 3965 2646 4020 cf.
2690 3967 2761 4018 A.
2794 3959 2851 4014 P.

1698 4037 1806 4090 260
1843 4053 1965 4106 sqq.
2026 4065 2099 4076 --
2160 4035 2427 4106 Naevius]
2477 4035 2575 4090 Gn.
2612 4033 2849 4091 Naevius

1700 4107 2013 4175 Campanus
2056 4125 2111 4162 a.
2151 4125 2203 4161 ιι.
2244 4123 2293 4162 ο.
2329 4109 2433 4162 519
2484 4108 2727 4178 primam
2770 4103 2848 4158 fa-

1696 4177 1889 4232 bulam
1935 4179 2148 4241 docuit,
2197 4183 2456 4234 mortuus
2496 4183 2585 4233 est
2620 4180 2768 4234 circa
2800 4193 2847 4229 a.

1698 4268 1752 4304 ιι.
1788 4267 1833 4305 c.
1874 4251 1978 4305 555
2018 4249 2219 4306 Uticae
2255 4251 2314 4304 in
2350 4251 2569 4306 exsilio,
2624 4249 2849 4305 Praeter

1696 4322 2021 4393 tragoedias
2044 4327 2105 4378 et
2128 4321 2441 4378 comoedias
2477 4321 2706 4393 scripsit
2738 4318 2843 4389 epi-

1697 4408 1827 4447 cum
1865 4411 2088 4463 quoque
2126 4411 2352 4449 carmen
2388 4394 2643 4449 versibus
2666 4393 2843 4449 Satur·

1698 4465 1809 4519 niis
1846 4465 1916 4519 de
1949 4466 2134 4536 primo
2170 4466 2320 4521 bello
2358 4464 2600 4536 Puni003
2637 4465 2706 4521 de
2740 4476 2841 4532 quo

1700 4535 1813 4592 Cic.
1850 4535 2011 4592 Brut.
2054 4538 2143 4591 19.
2204 4535 2453 4604 „Tamen
2500 4537 2654 4592 illius
2688 4535 2839 4606 (Nas-

1698 4607 1823 4678 vii),
1874 4625 2042 4680 quem
2082 4577 2306 4664 vetilius
2342 4613 2402 4664 et
2434 4609 2647 4666 Faunis
2680 4605 2840 4664 adnu-
