3092 5059
1063 222 1224 290 LIB.
1269 224 1319 289 I.
1370 222 1618 289 GARM.
1663 220 1783 285 XI.
1830 218 1985 285 XII.
2633 218 2710 283 61

409 415 648 517 Spem
688 415 1007 509 longam
1045 434 1365 486 reseces.
1419 409 1623 483 Dum
1662 405 2078 505 loquimur,
2126 402 2418 502 fugerit
2454 403 2720 479 invida

413 528 685 618 Aetas:
734 564 961 640 carpe
1018 538 1223 613 diem
1281 560 1513 634 quam
1567 533 1971 609 minimum
2023 528 2336 606 credula
2380 542 2716 627 postero,

1416 734 1617 745 κο..-

1208 856 1588 946 cimam
1651 858 1832 943 XII.

716 1027 965 1121 Quem
1015 1028 1273 1103 virum
1318 1039 1451 1102 aut
1500 1025 1739 1101 heroa
1792 1025 1962 1123 lyra
2011 1023 2136 1099 vel
2187 1023 2343 1100 acri

716 1151 939 1227 Tibia
991 1152 1222 1227 sumis
1278 1150 1693 1243 celebrare,
1759 1148 1980 1227 Clio?

306 1332 446 1389 vida
502 1338 692 1389 autem
749 1337 835 1387 est
887 1338 1067 1397 aetas,
1129 1334 1262 1403 quia
1313 1333 1465 1389 vitae

303 1405 625 1475 longiorem
670 1422 833 1459 usum
886 1423 998 1459 non
1051 1406 1319 1461 concedit.
1398 1404 1463 1457 In

308 1478 593 1545 carpendo
614 1478 765 1531 inest
787 1478 944 1531 notio
964 1478 1285 1532 celeritatis.
1319 1477 1464 1530 Mar-

306 1548 434 1602 tial.
476 1548 598 1617 VII,
637 1550 727 1617 47,
768 1551 829 1602 11
882 1548 1060 1618 „Vive
1105 1550 1263 1604 velut
1300 1553 1465 1618 rapto

300 1619 653 1690 fuyitivaque
688 1620 897 1691 gaudia
934 1622 1151 1691 carpe.“

676 1732 956 1787 Carmen
990 1732 1113 1787 XII.

387 1828 493 1882 Est
540 1823 821 1899 ἐγκώμιον
876 1832 965 1883 Αιι
1046 1831 1121 1885 sti
1168 1829 1467 1884 Pindarico

308 1917 473 1954 more
509 1901 892 1970 compositum.
1008 1901 1243 1956 ividitur
1280 1906 1470 1956 autem

307 1989 542 2026 carmen
577 1972 637 2025 in
674 1977 789 2027 tres
827 1978 1032 2042 partes.
1085 1974 1277 2027 Prima
1311 1990 1469 2027 exor-

308 2042 472 2097 dium
509 2048 611 2112 est,
650 2044 723 2098 ad
760 2046 1075 2115 exemplum
1111 2044 1345 2099 Pindari
1381 2063 1469 2099 ac-

306 2114 747 2177 commodatum.
775 2133 878 2185 per
909 2122 1023 2171 tres
1052 2117 1311 2186 strophas
1343 2134 1467 2171 con-

310 2187 619 2244 tinuatum.
684 2188 881 2243 Altera
916 2206 1049 2258 pars
1087 2206 1289 2242 novem
1326 2194 1467 2242 stro-

310 2257 458 2327 phas
512 2258 711 2325 babet,
766 2260 827 2313 in
900 2260 1038 2315 duas
1099 2265 1291 2329 partes
1348 2261 1471 2329 ipsa

308 2330 525 2397 divisa3
573 2348 703 2386 nam
750 2332 996 2401 strophis
1046 2333 1097 2385 4.
1137 2334 1186 2384 5.
1229 2332 1277 2385 6.
1318 2334 1365 2385 7.
1408 2333 1459 2385 8.

308 2400 397 2455 dii
415 2402 721 2471 heroesque
738 2403 1059 2472 laudantur,
1086 2420 1325 2472 quorum
1356 2420 1470 2457 non

306 2476 565 2543 potestas
600 2474 781 2528 solum
816 2475 915 2529 sed
953 2476 1126 2530 etiam
1160 2474 1469 2530 beneficen-

312 2545 399 2597 tia
458 2544 701 2599 humano
756 2548 949 2616 generi
1013 2550 1307 2615 perspecta
1368 2552 1469 2600 est.

310 2615 535 2670 Deinde
581 2617 938 2672 descenditur
988 2618 1233 2687 strophis
1281 2619 1470 2671 9.10.

312 2688 511 2741 11.12
550 2688 623 2742 ad
660 2689 826 2743 duces
862 2696 921 2744 et
968 2690 1269 2759 principeS,
1300 2694 1469 2771 atque

309 2758 625 2815 celebratos
668 2760 1021 2829 potissimum
1069 2768 1161 2816 eos
1206 2760 1469 2831 reperies,

310 2830 413 2901 qui
450 2835 549 2884 aut
588 2831 773 2902 gloria
822 2833 1057 2887 militari
1100 2838 1198 2887 aut
1234 2832 1471 2887 admini-

308 2902 577 2957 strandae
641 2904 985 2987 reipublicae
1041 2904 1275 2959 scientia
1339 2903 1471 2957 emi·
1502 2948 1504 2951 ⁴

307 2980 559 3029 nuerunt
582 2979 680 3029 aut
702 2976 921 3045 priscae
931 2976 1158 3030 virtutis
1169 2976 1471 3043 Romanae,

313 3047 683 3113 constantiae,
728 3048 1099 3117 paupertatis,
1150 3048 1472 3117 simplicita-

310 3119 389 3171 tis
410 3117 665 3199 exempla
694 3118 1065 3174 habebantur.
1104 3118 1211 3173 Per
1235 3132 1474 3187 quorum

310 3190 516 3243 seriem
566 3194 751 3272 poeta,
796 3196 1097 3274 postquam
1142 3190 1475 3245 Marcellum

311 3278 541 3329 quoque
571 3262 901 3331 nominavit,
926 3264 985 3316 in
1019 3279 1129 3332 quo
1148 3262 1333 3333 posita
1351 3268 1476 3317 erat

311 3332 545 3387 futurae
582 3332 785 3387 aetatis
822 3350 947 3403 spes
985 3340 1042 3388 et
1082 3334 1246 3399 salus,
1286 3333 1475 3404 pergit

310 3404 389 3459 ad
424 3408 651 3474 gentem
669 3403 869 3459 Iuliam
907 3411 963 3459 et
1002 3406 1219 3460 tertiam
1253 3410 1477 3475 partem

308 3475 595 3531 carminis.
632 3475 754 3531 Iam
793 3476 865 3530 ad
896 3494 1173 3531 summum
1203 3478 1361 3545 quasi
1394 3477 1475 3531 fa-

312 3548 551 3616 stigium
587 3564 697 3615 quo
722 3549 905 3602 voluit
940 3549 1222 3618 pervenit3
1262 3549 1475 3603 addun-

312 3626 413 3673 tur
467 3618 834 3689 gravissimae
895 3636 1087 3689 preces
1140 3638 1245 3689 pro
1295 3621 1477 3675 salute

313 3690 573 3745 Caesaris
611 3692 873 3761 Augusti,
920 3692 1017 3760 qui
1070 3692 1251 3760 qualis
1286 3692 1475 3761 Iuppi-

314 3767 409 3816 ter
444 3762 507 3815 in
545 3761 697 3817 caelo
734 3762 863 3817 talis
888 3768 973 3817 est
1008 3764 1069 3817 in
1102 3764 1339 3833 imperio
1366 3762 1475 3817 Ro·

312 3850 485 3887 mano
521 3834 559 3887 i.
579 3850 625 3888 e.
664 3838 785 3887 toto
821 3834 959 3889 orbe
986 3840 1285 3900 terrarum,
1311 3852 1476 3903 quem

312 3910 579 3959 externos
620 3904 823 3969 hostes,
863 3907 1035 3960 etiam
1070 3906 1475 3962 remotissimos

312 3976 605 4045 (Parthos,
624 3976 829 4044 Indos),
868 3984 1265 4047 superaturum
1301 3982 1359 4032 et
1394 3979 1475 4031 in-

312 4052 539 4103 ternam
575 4066 770 4117 pacem
806 4048 1043 4118 iustitia,
1067 4050 1353 4119 aequitate
1388 4067 1475 4104 ca·

314 4121 623 4189 stitateque
650 4124 1113 4175 conservaturum
1141 4139 1257 4176 esse
1288 4138 1477 4175 aman-

314 4192 565 4247 tissimus
622 4192 857 4261 quisque
918 4192 1138 4261 patriae
1198 4192 1476 4262 sperabat.

314 4262 411 4317 Sic
460 4264 597 4318 haec
658 4280 881 4333 quoque
938 4265 1109 4319 tertia
1170 4282 1302 4334 pars
1364 4269 1477 4318 tres

313 4336 577 4404 strophas
588 4336 1007 4405 complectitur3
1028 4354 1097 4390 ex
1114 4336 1315 4405 quibus
1337 4352 1477 4403 quae

314 4406 505 4461 media
542 4412 627 4461 est
664 4408 910 4477 Augusti
963 4407 1155 4461 laudes
1194 4407 1477 4477 exprimit,

316 4478 603 4549 utrimque
644 4479 856 4533 cinctas
895 4479 1156 4548 precibus
1193 4480 1265 4533 ad
1290 4478 1479 4533 Iovem

316 4551 516 4607 missis.
539 4550 845 4607 Praeterea
856 4550 963 4606 hoc
980 4568 1199 4619 quoque
1210 4542 1477 4605 observa·

1562 1330 1632 1386 ab
1664 1330 1827 1385 initio
1851 1330 2102 1385 ascendit
2124 1335 2294 1399 poeta
2312 1330 2383 1385 ab
2400 1329 2721 1385 hominibus

1563 1402 1635 1456 ad
1663 1404 1883 1471 heroes,
1911 1403 1980 1456 ab
2017 1402 2278 1455 heroibus
2305 1401 2378 1456 ad
2408 1402 2564 1469 deos;
2591 1402 2721 1456 dein

1561 1474 1850 1529 descendit
1896 1475 2116 1528 inverso
2167 1473 2364 1527 ordine
2409 1492 2444 1528 a
2495 1473 2602 1527 diis
2648 1472 2721 1527 ad

1561 1545 1760 1601 heroas
1821 1551 1878 1600 et
1924 1546 1996 1599 ad
2057 1544 2328 1613 homines,
2379 1550 2443 1599 ut
2499 1545 2722 1600 facilem

1561 1618 1812 1687 reperiat
1848 1618 2151 1671 transitum
2191 1617 2262 1671 ad
2297 1616 2630 1671 Marcellum
2667 1620 2724 1670 et

1563 1692 1899 1760 Augustum.
1940 1688 2091 1743 Guiz.
2112 1687 2394 1743 Chr-istius
2427 1688 2723 1743 Monacen-

1563 1762 1638 1815 sis
1675 1766 1859 1817 totum
1897 1777 2124 1815 carmen
2157 1761 2218 1813 in
2257 1762 2500 1829 quinque
2535 1765 2720 1815 terna-

1561 1850 1688 1887 rum
1729 1831 2089 1901 stropharum
2127 1836 2320 1901 partes
2357 1831 2722 1887 dividendum

1564 1922 1682 1959 esse
1719 1904 1928 1972 docuit,
1973 1903 2088 1977 sed,
2143 1920 2484 1973 quamquam
2523 1922 2557 1959 a
2593 1904 2722 1958 Kel-

1564 1976 1682 2031 lero
1723 1975 1946 2046 Epileg.
1983 1994 2038 2045 p.
2061 1978 2128 2030 45
2167 1974 2451 2043 laudatur,
2491 1992 2602 2029 non
2637 1992 2722 2029 re·

1565 2052 1680 2116 cte;
1711 2048 1920 2102 etenim
1937 2046 2228 2101 Romulus.
2248 2015 2570 2116 Pompilius,
2587 2046 2722 2100 Tar-

1565 2120 1806 2187 quinius,
1844 2119 1979 2173 Cato
2015 2118 2292 2173 Uticensis
2330 2118 2568 2173 Horatio
2608 2136 2723 2171 non

1564 2190 1760 2245 heroes
1800 2190 2029 2244 fuerunt
2064 2207 2168 2245 nec
2193 2194 2429 2259 possunt
2452 2209 2487 2244 a
2494 2190 2724 2273 Regulo

1565 2267 1622 2317 et
1644 2262 1864 2316 Scauris
1903 2265 1962 2316 et
1995 2260 2229 2331 reliquis
2265 2261 2535 2316 Romanis
2567 2262 2723 2329 viris,

1567 2334 1662 2403 qui
1704 2352 1792 2387 vv.
1832 2334 1902 2387 37
1943 2350 2064 2402 sqq.
2104 2332 2405 2401 adduntur,
2443 2333 2724 2387 violenter

1565 2404 1840 2531 ἷῖὲῖἷὲῗὲ
1900 2404 2022 2531 ἕῖἕο
2037 2404 2267 2530 ιὲἱῗῖἱῗ..
2287 2404 2606 2546 Βὲἓτὲἷῖἶῖ
2640 2410 2728 2529 8.ῗῖ

1839 2517 1854 2542 2

1566 2548 1816 2617 spuriam
1879 2548 1950 2601 ab
1995 2548 2232 2602 Horatio
2293 2548 2726 2603 abiudieandam

1568 2637 1684 2673 esse
1733 2619 1972 2689 placuit;
2019 2636 2150 2673 nam
2203 2620 2353 2687 quod
2393 2620 2546 2687 dicit,
2597 2624 2727 2689 post

1567 2692 1734 2745 silvas
1768 2692 1843 2758 (v.
1881 2692 1938 2757 8)
1977 2691 2090 2745 iam
2133 2708 2248 2744 non
2292 2692 2540 2760 potuisse
2591 2689 2724 2746 addi

1569 2778 1814 2833 maerens,
1870 2761 1930 2816 id
1977 2762 2144 2816 inane
2202 2768 2577 2817 commentum
2625 2767 2726 2816 est.

1568 2837 1734 2888 Anno
1774 2834 1880 2887 730
1927 2850 1976 2887 a.
2013 2851 2068 2886 u.
2108 2852 2152 2888 c.
2193 2850 2420 2889 carmen
2457 2836 2725 2904 composi-

1567 2911 1691 2959 tum
1746 2920 1863 2959 esse
1913 2906 2032 2959 veri
2079 2905 2428 2960 simillimum
2483 2907 2727 2975 videtur,

1570 2977 1836 3045 quoniam
1853 2976 2150 3031 Marcellus
2187 2995 2233 3030 a.
2263 2980 2297 3029 7
2300 2980 2366 3031 31
2407 2977 2726 3033 adulescens

1568 3054 1822 3103 mortuus
1884 3053 1970 3101 est
2019 3065 2200 3116 neque
2253 3054 2385 3103 ante
2437 3050 2559 3112 729,
2615 3066 2727 3119 quo

1569 3138 1716 3174 anno
1781 3119 1986 3173 Iuliam
2043 3121 2288 3189 Augusti
2341 3119 2517 3175 filiam
2568 3119 2728 3175 XVII

1569 3209 1746 3246 annos
1783 3196 1946 3245 natus
1983 3190 2044 3244 in
2085 3192 2507 3247 matrimonium
2544 3191 2724 3261 duxit,

1571 3280 1726 3332 spem
1760 3264 1952 3331 potuit
1984 3263 2230 3317 excitare
2255 3262 2376 3317 fore
2401 3267 2467 3316 ut
2501 3268 2726 3317 mortuo

1569 3338 1826 3404 Augusto
1869 3334 2168 3403 imperium
2203 3334 2480 3403 acciperet
2516 3351 2728 3405 suaque

1569 3405 1848 3475 dignitate
1887 3411 2137 3475 augeret.
2213 3405 2428 3460 Deinde
2470 3407 2634 3460 initio
2675 3424 2726 3461 a.

1573 3480 1678 3530 730
1709 3478 1998 3546 Augustus
2037 3494 2105 3531 ex
2143 3476 2326 3531 Gallia
2359 3483 2416 3531 et
2437 3478 2726 3547 Hispania,

1569 3550 1665 3601 ubi
1723 3548 1884 3618 gravi
1943 3549 2140 3602 morbo
2194 3566 2372 3617 paene
2430 3566 2726 3619 oppressus

1571 3624 1708 3687 erat,
1753 3620 1918 3674 victis
1969 3620 2222 3674 hostibus
2271 3620 2508 3676 Romam
2557 3621 2730 3676 rediit

1569 3692 1800 3760 Ianique
1874 3691 2145 3760 templum
2217 3693 2423 3747 iterum
2507 3695 2724 3747 clausit.

1571 3764 1869 3817 Praeterea
1903 3763 2283 3817 memorabilis
2320 3766 2380 3817 in
2416 3766 2521 3819 hac
2556 3784 2618 3820 re
2647 3767 2726 3820 lo·

1571 3852 1666 3889 cus
1707 3839 1792 3888 est
1828 3834 2025 3888 Dionis
2054 3834 2205 3903 LIII,
2234 3836 2327 3889 28:
2365 3832 2730 3923 ῃᾶφικομένῳ

1573 3907 1636 3959 δὲ
1687 3906 1744 3965 ἐς
1786 3902 1886 3971 τὴν
1919 3900 2142 3977 Ῥώμην
2191 3875 2328 3959 ἄλλα
2379 3906 2499 3961 τιιὰ
2541 3909 2641 3961 ἐπί
2670 3926 2728 3961 τε

1569 3980 1634 4051 τῇ
1671 3983 1908 4047 σωτηρίᾳ
1939 3982 2032 4031 καὶ
2059 3979 2154 4031 ἐπὶ
2187 3979 2250 4049 τῇ
2288 3974 2600 4051 &vanem-«53⁴1
2636 3978 2729 4031 αὖ·

1571 4050 1666 4103 τοῦ
1721 4050 1960 4120 ἐγένετο,
2015 4050 2092 4118 τῷ
2145 4068 2203 4102 τε
2238 4053 2551 4133 Μαρκέλλῳ
2599 4056 2727 4117 βου-

1572 4114 1744 4175 λεῦεεν
1791 4138 1848 4174 τε
1897 4122 1962 4175 ἐν
2005 4127 2118 4179 τοῖς
2165 4123 2620 4206 ἒσιρατηγηκοσι
2638 4126 2731 4175 καὶ

1572 4190 1670 4258 τὴν
1705 4189 1968 4247 ὑπατείαν
1992 4193 2128 4246 δέκα
2157 4194 2362 4246 θᾶττον
2385 4187 2620 4247 ἔτεσιν”
2589 4211 2728 4265 ηπερ

1575 4258 1898 4335 ἔνενόμιστο
1935 4264 2199 4329 αἰτῆσαι.“

1645 4334 1712 4389 V.
1736 4339 1782 4389 1.
1822 4336 1892 4389 cf.
1914 4335 2077 4389 Pind.
2103 4334 2324 4403 Olymp.
2351 4335 2424 4402 ΙΙ,
2455 4332 2728 4404 1:„>1va-

1573 4402 1934 4495 ξιφόρμιγγες
1992 4402 2174 4492 ὕμνοι,
2238 4410 2358 4460 τίνα
2409 4375 2576 4461 ’θεὸνη
2628 4407 2728 4461 τίν’

1573 4498 1726 4547 upum
1769 4484 1890 4532 τίνα
1939 4478 1991 4529 ‹5’
2051 4471 2227 4547 ανδρα
2275 4474 2725 4549 κελαδήσομενθ

1573 4530 1872 4605 IIoratium
1918 4549 2168 4603 imitatus
2215 4555 2298 4604 est
2336 4548 2546 4605 Statius
2587 4550 2728 4605 The·
