3092 5059
428 225 552 291 422

1382 222 1887 291 SATIRARUM

535 410 860 489 Canidia
915 410 1194 486 Albuci
1247 410 1520 511 quibus
1572 425 1687 485 est
1736 410 2052 485 inimica
2104 436 2507 506 venenum,

529 533 850 612 Grande
902 534 1188 611 malum
1241 533 1542 631 Turius,
1590 534 1660 610 si
1709 534 1901 633 quid
1952 560 2035 610 se
2082 534 2337 610 iudice
2391 545 2657 609 certes.

445 694 496 735 ω
533 658 639 737 Ut
683 642 839 760 quo
897 661 1222 761 quisque
1273 659 1500 755 valet,
1559 670 1949 759 suspectos
1998 672 2301 755 terreat,
2358 672 2595 758 utque

529 788 874 885 Imperet
923 785 1074 861 hoc
1113 798 1398 862 natura
1441 797 1738 883 potens,
1792 786 1903 860 sic
1954 785 2239 883 collige
2280 810 2621 861 mecum:

531 914 776 990 Dente
827 911 1078 1009 lupus,
1133 936 1372 987 cornu
1424 924 1687 986 taurus
1739 912 1971 1007 petit:
2017 908 2223 985 unde
2268 909 2416 985 nisi
2464 910 2671 985 intua

535 1039 1090 1113 Monstratum‘?
1197 1036 1528 1113 Scaevae
1579 1038 1927 1113 vivacem
1980 1034 2209 1112 crede
2256 1035 2523 1135 nepoti

538 1164 905 1245 Matrem:
951 1162 1062 1237 nil
1115 1162 1348 1237 faciet
1398 1159 1707 1237 sceleris
1760 1161 1892 1261 pia
1942 1161 2255 1237 dextera
2314 1200 2397 1213 —
2459 1159 2737 1235 mirum

447 1320 497 1361 us
531 1288 638 1365 Ut
651 1313 797 1386 neq
807 1312 902 1362 ue
921 1285 1130 1362 calce
1141 1274 1370 1384 lupus
1389 1310 1851 1386 quemquam
1868 1310 2119 1384 neque
2136 1284 2179 1359 d
2192 1298 2363 1361 ente
2378 1286 2571 1387 petit
2580 1286 2722 1361 bos
2736 1323 2845 1335 --

533 1413 688 1491 Sed
737 1412 944 1489 mala
997 1410 1216 1487 tollet
1266 1437 1500 1487 anum
1561 1411 1827 1487 vitiato
1880 1410 2109 1486 melle
2162 1410 2431 1486 cicuta.

531 1538 649 1613 Ne
694 1536 1014 1635 longum
1069 1537 1385 1612 faciam:
1451 1562 1587 1611 seu
1640 1562 1765 1613 me
1816 1535 2237 1635 tranquilla
2286 1547 2633 1611 senectus

533 1664 944 1761 Exspectat
993 1687 1129 1739 seu
1179 1661 1392 1737 Mors
1438 1662 1619 1736 atris
1672 1660 2175 1735 circumvolat
2224 1659 2391 1756 alia,

507 1787 786 1884 DiveS,
840 1786 1087 1887 inops,
1139 1788 1432 1862 Romae
1479 1812 1617 1862 seu
1668 1787 1832 1862 fors
1884 1787 1993 1861 ita
2039 1786 2345 1863 iusserit
2394 1784 2637 1879 exsul,

450 1946 505 1985 eo
544 1912 912 2013 Quisquis
955 1912 1100 1988 erit
1142 1912 1346 1989 vitae
1397 1912 1729 1989 scribam
1785 1910 2022 1987 color.

2128 1910 2247 2009 „O
2300 1935 2516 2012 puer,
2570 1922 2657 1985 ut
2704 1908 2813 1985 sia

539 2038 813 2115 Vitalis
864 2050 1146 2135 metu0‚
1202 2052 1277 2116 et
1326 2039 1711 2115 maiorum
1766 2064 1867 2115 ne
1919 2039 2090 2137 quis
2146 2039 2435 2115 amicus

534 2164 860 2263 Frigore
914 2178 990 2241 te
1040 2160 1344 2240 feriat.“

1452 2163 1711 2256 Quid?
1764 2189 1939 2239 cum
1992 2176 2105 2239 est
2160 2162 2497 2239 Lucilius
2546 2188 2781 2239 ausus

535 2290 836 2365 Primus
888 2291 969 2365 in
1019 2289 1228 2365 hunc
1279 2289 1535 2389 operis
1581 2314 2047 2390 componere
2090 2289 2435 2365 carmina
2484 2312 2809 2382 morem,

536 2415 956 2493 Detrahere
1003 2427 1078 2491 et
1125 2414 1435 2515 pellem,
1489 2416 1779 2491 nitidus
1833 2441 1988 2516 qua
2038 2416 2365 2515 quisque
2416 2440 2558 2513 per
2604 2440 2745 2489 ora

453 2574 505 2613 ω
545 2540 896 2636 Cederet,
950 2540 1371 2617 introrsum
1423 2540 1704 2639 turpis3
1757 2567 1943 2617 num
1994 2539 2302 2616 Laelius
2353 2551 2485 2615 aut
2536 2539 2671 2639 qui

437 2714 587 2769 mala
634 2710 802 2767 fama.
853 2739 920 2753 -·
969 2710 1214 2781 Gemens]
1267 2710 1486 2767 delator
1535 2716 1596 2767 et

439 2784 828 2847 calumniator,
851 2788 918 2839 ut
937 2782 1170 2853 Caprius
1205 2787 1264 2838 et
1283 2783 1498 2839 Sulcius
1525 2801 1594 2839 ex

440 2858 553 2912 Sat.
590 2856 636 2925 1,
675 2858 728 2925 4,
767 2858 856 2909 70.
891 2884 964 2895 —
1002 2856 1170 2923 urna]
1223 2856 1484 2910 iudicum.
1523 2884 1592 2896 -

439 2926 698 2997 Canidia]
757 2926 966 2996 „Deest
1005 2926 1151 2995 filia3
1207 2926 1306 2983 alii
1361 2944 1595 2983 uxorem

439 3001 652 3055 dicunt.
691 2998 924 3054 Canidia
959 3002 1146 3053 autem
1171 3016 1276 3068 pro
1321 2998 1595 3055 Gratidia.

439 3071 711 3126 Albucius
769 3070 996 3139 quidem
1041 3070 1344 3140 veneficus,
1395 3072 1594 3126 matris

439 3143 800 3199 exstinctor.“
852 3143 1019 3197 Acro.
1081 3142 1200 3196 Alii
1236 3142 1444 3197 rectius
1481 3142 1593 3197 for-

442 3220 589 3270 tasse
643 3215 964 3269 maluerunt
1013 3213 1180 3267 coniu
1259 3231 1352 3269 ere
1398 3214 1598 3269 Albuci

441 3302 730 3355 venenum3
774 3286 872 3341 sed
907 3286 1162 3340 consulto
1252 3286 1482 3354 oratius,
1531 3289 1597 3339 ut

439 3360 552 3413 iam
606 3362 769 3413 notat
816 3357 1156 3427 PorphyriO,
1213 3352 1598 3429 ἀμφεβολικῶς

441 3430 630 3500 posuit
704 3430 988 3484 enetivum
1013 3426 1228 3483 Albuci.
1253 3458 1320 3469 --
1365 3426 1595 3497 Turius]

441 3500 606 3557 Haud
689 3501 820 3555 ubie
865 3500 1034 3555 iudex
1079 3498 1430 3583 significatur
1473 3516 1595 3555 eor-

441 3573 824 3643 ruptissimus:
863 3588 1070 3627 nomen
1110 3588 1228 3626 ems
1266 3573 1422 3627 varie
1459 3572 1595 3642 legi·

441 3650 538 3701 tur
583 3645 643 3698 in
695 3643 944 3699 scholiis:
1002 3642 1058 3697 C.
1105 3642 1320 3699 Marius
1365 3643 1595 3712 Turius,

446 3716 504 3772 C.
541 3715 784 3771 Martius
819 3714 1042 3783 Turius,
1087 3714 1292 3769 Turius
1328 3714 1597 3770 Marinus.

443 3820 510 3829 —
547 3793 628 3855 ut,
665 3786 794 3857 quo]
834 3787 1114 3856 quomodo
1150 3785 1253 3840 fiat
1287 3791 1354 3841 ut
1390 3791 1494 3841 oet.
1526 3814 1595 3827 -

441 3860 696 3927 Scaevae]
729 3858 975 3927 „Scaeva
1012 3858 1332 3912 luxuriosus
1369 3858 1599 3926 quidam

445 3932 572 4000 fuit,
611 3932 708 3999 qui
742 3934 982 3985 matrem
1018 3929 1152 3983 dato
1187 3946 1401 3984 veneno
1436 3946 1597 3985 neca-

443 4004 546 4072 vit,
583 4006 886 4071 propterea
926 4001 1077 4071 quod
1109 4000 1276 4054 nimis
1311 4000 1410 4054 diu
1448 4002 1597 4056 vive-

444 4079 550 4131 ret.
625 4072 716 4129 Sic
757 4072 949 4127 Cicero
987 4090 1091 4142 pro
1129 4072 1336 4127 Scauro
1377 4072 1597 4143 (fragm.

443 4146 628 4202 Beier.
677 4162 730 4214 p.
777 4144 930 4215 155):
979 4143 1272 4213 „Libertus
1307 4149 1601 4212 patronam

447 4234 560 4273 non
593 4215 807 4284 occidit,
843 4214 939 4271 sed
973 4214 1182 4270 duobus
1216 4212 1468 4284 diqitult's
1501 4232 1602 4285 9¹⁴·

445 4290 554 4345 lam
591 4287 828 4343 oblisit.“
905 4286 1111 4341 Comm.
1152 4285 1318 4356 Cruq.
1379 4316 1443 4327 —
1501 4288 1603 4341 mi·

444 4376 569 4415 rum
593 4360 680 4428 ut]
715 4364 834 4441 tam
870 4358 1074 4413 mirum
1114 4375 1300 4427 quam,
1335 4358 1466 4441 veh·
1488 4376 1602 4414 non

445 4428 1416 4583 5⁸52..m.r?.¹3t1};²5?⁰·„s⁸‘0¹23522
1430 4430 1601 4557 ἓξὲξ

452 4572 640 4628 fauces
679 4588 794 4626 non
829 4572 1008 4642 elidit,
1043 4572 1182 4643 quid
1218 4572 1482 4628 miraris?
1517 4574 1600 4628 in-

1685 2717 1947 2769 noeentes
2004 2717 2137 2769 sunt
2186 2713 2355 2785 digiti
2368 2754 2383 2783 ‚
2430 2712 2531 2769 sed
2576 2730 2679 2768 suo
2730 2714 2851 2769 telo

1684 2786 1883 2847 utitur,
1936 2802 2213 2840 venenum
2272 2785 2389 2840 dat.
2472 2784 2847 2855 coniecturis,

1686 2873 1830 2925 quae
1882 2857 2175 2927 proposita
2226 2861 2387 2925 sunt,
2428 2856 2687 2912 omnibus
2735 2857 2846 2913 loci

1685 2929 1915 2999 egregia
1948 2928 2034 2984 vis
2069 2928 2382 2999 frangitur3
2419 2928 2707 2985 Bentleius
2746 2931 2855 2983 mi-

1683 3016 1823 3069 rum,
1866 3000 1932 3054 πί
1976 3000 2065 3055 vel
2104 3001 2319 3065 vairam,
2356 3001 2425 3065 ei,
2466 2999 2705 3055 Goeller.
2744 3002 2847 3055 ω’-

1684 3070 2414 3197 Τᾶἒὲοὲιῗῖἠεὲἓὲῗξῗῗε
2450 3072 2685 3213 ’3:'1‘53’2
2710 3078 2851 3197 153:

2298 3184 2313 3213 ν
2417 3182 2430 3205 ⁹
2822 3173 2847 3185 '

1686 3214 1823 3269 kero
1861 3214 2223 3269 Doederlinio
2258 3215 2492 3269 Lehrsio
2524 3215 2676 3271 inter
2710 3232 2847 3285 poe-

1689 3290 1780 3341 tae
1813 3287 1987 3340 verba
2009 3292 2259 3356 recepta3
2298 3286 2637 3357 approbavit
2670 3288 2847 3342 etiam

1689 3356 2010 3413 Teuffelius.
2040 3386 2107 3397 -
2128 3356 2375 3427 iusserit]
2414 3356 2574 3425 Quod
2612 3358 2673 3413 in
2707 3376 2849 3429 pau·

1688 3430 1767 3483 cis
1803 3429 1965 3483 codd.
1989 3432 2277 3499 repertum
2314 3435 2373 3484 et
2406 3448 2439 3484 a
2464 3428 2577 3485 Fea
2610 3438 2672 3485 et
2704 3430 2847 3485 Mei-

1688 3500 1855 3555 nekio
1905 3505 2193 3570 receptum
2232 3505 2319 3555 est
2352 3500 2560 3570 Merit,
2598 3519 2713 3556 non
2746 3520 2851 3572 po-

1689 3577 1802 3627 test
1836 3572 2095 3627 tolerari:
2145 3588 2277 3627 nam
2321 3572 2519 3628 exsilio
2555 3573 2653 3627 vix
2690 3574 2849 3643 quie·

1692 3660 1861 3712 quam
1896 3644 2093 3699 durius
2137 3644 2437 3699 videbatur
2480 3643 2699 3699 civibus
2734 3645 2849 3700 Ro-

1688 3715 1886 3781 manis,
1938 3719 1998 3770 et
2046 3716 2200 3770 loeus
2238 3716 2357 3785 ipse
2394 3715 2592 3770 suadet
2636 3720 2704 3771 ut
2740 3716 2851 3771 hoe

1694 3786 1941 3841 dicatur:
1978 3804 2051 3841 ne
2087 3786 2388 3841 durissima
2422 3786 2649 3856 quidem
2686 3806 2781 3842 rea
2816 3807 2853 3843 a

1690 3858 1985 3913 scribendo
2036 3876 2125 3913 me
2174 3858 2441 3913 deterret.
2480 3886 2547 3897 —
2584 3858 2847 3929 ser-ibam]

1691 3928 2018 3999 Hyperbato
2057 3946 2261 4000 magna
2296 3930 2429 3985 huie
2460 3929 2636 3984 verbo
2672 3932 2852 3986 maxi-

1690 4018 1847 4057 mam
1892 4000 2065 4057 araim
2122 4002 2379 4070 sequenti
2428 4003 2698 4056 accrescit
2746 4003 2849 4056 vis.

1693 4072 1763 4127 of.
1802 4072 1918 4128 Sat.
1956 4072 2001 4138 1,
2038 4074 2089 4135 5,
2124 4074 2210 4126 72.
2238 4102 2306 4113 —-
2334 4088 2368 4128 ο
2396 4072 2559 4142 puer]
2594 4072 2849 4128 Trebatii

1692 4144 1868 4199 verba
1904 4149 2036 4199 sunt
2072 4162 2247 4213 usque
2284 4144 2358 4199 ad
2393 4162 2451 4197 v.
2482 4142 2674 4211 feriat.
2750 4145 2847 4199 Ce-

1693 4220 1877 4271 terum
1932 4216 2131 4285 primis
2196 4215 2384 4270 verbis
2437 4216 2669 4286 egregio
2722 4216 2847 4273 iooo

1694 4288 1968 4343 alluditur
2025 4286 2095 4341 ad
2148 4286 2402 4341 Thetidis
2467 4286 2643 4342 verba
2700 4288 2847 4357 apud

1694 4358 2001 4414 Homerum
2039 4358 2106 4414 Il.
2143 4358 2347 4427 XVIII,
2385 4360 2469 4412 96.
2509 4386 2579 4398 -·
2612 4358 2843 4429 frigore]

1694 4431 2107 4501 Intelleguntur
2129 4430 2269 4487 haec
2287 4448 2357 4485 ex
2380 4430 2699 4485 imitatione
2714 4430 2844 4485 Per-

1694 4501 1764 4556 sii
1805 4504 1853 4570 1,
1906 4504 2035 4557 108:
2108 4500 2287 4569 „Vide
2332 4502 2406 4557 sis
2454 4518 2527 4556 ne
2570 4503 2845 4557 maionun

1694 4573 1801 4629 tibi
1837 4573 1987 4631 forte
2010 4572 2232 4629 Limina
2253 4573 2612 4645 frigescant.“
2656 4574 2843 4631 Senec-
