3092 5059
1481 227 1939 296 CARMINUM

915 415 1202 492 Tristes
1256 414 1620 491 excubiae
1670 415 2111 492 munierant
2160 417 2339 494 satis

1110 539 1526 615 Nocturnis
1574 540 1675 616 ab
1722 540 2114 639 adulteris,

849 719 876 762 ι
912 687 998 766 Si
1045 715 1205 765 non
1258 688 1643 765 Acrisium
1698 692 2020 790 virginis
2067 691 2376 769 abditae

918 811 1340 891 Custodem
1387 815 1759 912 pavidum
1806 817 2160 918 Iuppiter
2213 829 2289 894 et
2335 816 2599 895 Venus

917 940 1320 1016 Risissent:
1376 940 1542 1017 fore
1590 941 1789 1016 enim
1846 954 2093 1018 tutum
2144 943 2291 1019 iter
2336 955 2413 1020 et
2461 958 2734 1043 patens

1115 1067 1508 1145 Converso
1565 1067 1645 1142 in
1696 1069 2032 1167 pretium
2087 1068 2256 1145 dee.

914 1214 1217 1292 Aurum
1268 1241 1409 1318 per
1458 1217 1755 1294 medios
1808 1219 1922 1294 ire
1973 1218 2333 1295 satellites

832 1375 884 1414 ιο
915 1341 1012 1414 Ει
1065 1367 1565 1440 perrumpere
1616 1354 1825 1417 amat
1872 1368 2051 1420 saxa
2102 1344 2489 1442 potentius

914 1465 1082 1542 Ictu
1132 1465 1550 1542 fulmineo:
1606 1466 1941 1542 concidit
1991 1469 2301 1566 aug-uris

1114 1587 1395 1690 Argivi
1448 1590 1724 1666 domus
1777 1592 1878 1668 ob
1927 1591 2230 1669 lucrum

917 1739 1286 1818 Demersa
1337 1743 1603 1839 exiti03
1660 1742 1947 1822 diffidit
1996 1745 2309 1821 urbium

918 1867 1186 1942 Portas
1235 1866 1358 1942 vir
1399 1865 1728 1943 Macedo
1782 1882 1859 1944 et
1910 1870 2211 1944 subruit
2252 1868 2597 1946 aemulos

825 2025 874 2067 ιε
911 1992 1159 2091 Reges
1206 1993 1689 2090 muneribus3
1742 2019 2063 2071 munera
2110 1995 2422 2070 navium

1117 2116 1402 2193 Saevos
1452 2115 1881 2216 illaqueant
1931 2117 2189 2195 duces.

917 2265 1407 2344 Crescentem
1459 2268 1802 2368 sequitur
1849 2295 2031 2345 cura
2078 2269 2483 2370 pecuniam

917 2393 1454 2492 Maiorumque
1505 2393 1773 2470 fames.

513 2643 779 2698 libertate
823 2659 950 2696 cum
995 2642 1063 2697 ab
1105 2645 1252 2711 part.
1292 2641 1671 2726 coniungitur,

518 2715 653 2784 quia
677 2713 828 2782 quod
854 2713 1104 2768 munitur
1137 2713 1306 2768 simul
1337 2714 1409 2769 ab
1441 2731 1669 2768 mimico

903 2789 966 2839 ιιι
1017 2784 1354 2840 defenditur.
1402 2815 1468 2825 —
1524 2783 1668 2854 fore]

857 2857 1062 2911 nitivus
1107 2857 1261 2940 poni,
1306 2858 1442 2926 quia
1486 2856 1546 2910 in
1593 2857 1669 2911 ri-

516 2929 682 2984 dendi
725 2928 886 2983 verbi
930 2929 1158 2982 notione
1208 2929 1353 2984 inest
1387 2928 1553 2982 simul
1592 2928 1668 2982 al-

514 3005 639 3055 tera
674 2998 896 3055 dicendi
931 2999 1267 3069 sciendique.
1307 3029 1374 3040 --
1407 2999 1669 3069 pretium]

516 3071 638 3127 Hoc
674 3071 1008 3127 vocabulum
1055 3072 1312 3140 quamvis
1359 3089 1561 3126 aurum
1596 3071 1667 3125 si·

515 3142 763 3270 gnificat,
799 3160 912 3197 non
947 3143 1156 3198 abiecit
1189 3161 1347 3198 suam
1377 3147 1668 3211 naturam3

542 3216 630 3270 uit
665 3232 815 3270 emm
839 3231 1038 3269 aurum
1070 3215 1318 3285 pretium
1339 3216 1526 3274 etiam,
1554 3229 1667 3282 quo

514 3287 796 3357 corruptis
849 3287 1170 3342 custodibus
1210 3286 1344 3340 deus
1389 3286 1667 3340 admissus

516 3364 618 3414 est.
671 3387 740 3398 —
797 3357 1080 3427 satellites]
1151 3363 1538 3426 tyrannorum.
1596 3385 1664 3396 -

509 3445 862 3499 perrumpere
895 3429 1064 3500 saxa]
1101 3429 1252 3483 saxis
1287 3428 1430 3484 nihil
1469 3427 1666 3482 durius

517 3505 620 3566 est,
659 3501 894 3555 fulmine
918 3500 1062 3554 nihil
1083 3500 1402 3555 violentius.
1444 3499 1666 3568 Quanta

516 3573 694 3642 igitur
717 3571 842 3626 auri
866 3572 969 3638 vis,
1000 3573 1048 3626 si
1088 3577 1388 3641 utrumque
1411 3572 1667 3641 superat!

519 3671 590 3682 —-
610 3643 911 3713 potentius]
947 3643 1230 3698 Positivus
1253 3647 1340 3698 est
1362 3645 1490 3697 Art.
1515 3647 1665 3712 poet.

515 3715 604 3782 40,
639 3715 946 3769 acrioribus
979 3715 1346 3784 scriptoribus
1383 3714 1665 3768 usitatior.

517 3815 586 3826 —
631 3785 806 3856 amat]
861 3785 994 3841 vide
1043 3787 1117 3841 ad
1154 3786 1335 3840 Carm.
1373 3786 1446 3853 11,
1483 3787 1536 3850 3,
1582 3787 1665 3838 10.

519 3887 584 3898 -
624 3856 876 3928 auguris]
907 3857 1259 3926 Amphiarai,
1283 3857 1382 3927 qui
1417 3873 1546 3911 cum
1583 3855 1665 3910 fa-

517 3935 640 3984 tum
676 3929 826 3998 quod
858 3929 969 3983 sibi
1007 3930 1261 3988 instaret.
1311 3929 1360 3984 si
1396 3946 1522 3984 cum
1560 3927 1665 3983 Po-

515 4002 700 4070 lynice
763 3999 982 4056 Thebas
1037 4001 1466 4072 aggrederetur,
1523 3999 1667 4054 bene

517 4075 685 4130 sciret
737 4077 908 4142 atque
961 4073 1174 4127 iturum
1229 4089 1288 4126 se
1342 4075 1667 4126 constanter

515 4149 770 4231 negaret,
814 4143 1043 4199 tandem
1079 4144 1386 4213 Eriphylae
1431 4161 1466 4198 a
1501 4142 1664 4211 Poly·

517 4217 642 4272 nice
691 4231 861 4272 aureo
909 4215 1106 4270 monili
1155 4219 1450 4285 corruptae
1484 4215 1663 4284 preci-

517 4289 621 4344 bus
646 4293 706 4343 et
729 4286 1218 4342 adhortationibus
1242 4288 1408 4342 cessit
1434 4287 1493 4340 in
1517 4303 1665 4342 mor-

515 4365 744 4430 temque
777 4359 938 4414 abiit.
973 4359 1044 4414 cf.
1082 4359 1246 4413 Hom
1287 4357 1665 4427 od.X1,325.

517 4431 697 4486 Filius
722 4432 1028 4486 Alcmaeon
1050 4435 1274 4500 patrem
1297 4430 1520 4484 ulturus
1545 4447 1661 4484 ma·

517 4507 666 4558 trem
711 4502 934 4570 occidit,
975 4501 1096 4571 ipse
1141 4501 1216 4556 ob
1259 4499 1408 4556 idem
1453 4501 1664 4556 monile

519 4591 554 4629 a
589 4574 860 4629 fratribus
895 4574 1086 4627 uxoris
1121 4577 1350 4627 necatus
1385 4577 1488 4626 est.

513 2787 705 2854 aliquo
753 2785 831 2839 im

514 2857 713 2912 Potuit
756 2858 778 2910 i

1875 2392 2054 2469 Iure
2103 2393 2511 2494 perhorrui

1837 2641 1901 2696 V.
1952 2643 2033 2696 13.
2090 2640 2320 2711 diffidit]
2376 2640 2623 2712 Egregie
2676 2641 2785 2697 hoc
2844 2642 2911 2696 de

1762 2714 1939 2768 nimia
1975 2714 2101 2768 auri
2130 2713 2403 2782 potentia.
2442 2713 2535 2769 Sic
2572 2713 2685 2768 Cio.
2722 2714 2793 2768 de
2830 2713 2911 2767 di·

1762 2785 1875 2840 vin.
1912 2785 1955 2848 1,
2000 2787 2063 2838 13
2098 2800 2238 2840 saaeo
2285 2783 2511 2852 diffisso.
2550 2813 2619 2824 —
2658 2785 2749 2840 vir
2784 2785 2911 2840 Ma-

1766 2855 1913 2925 cedo]
1937 2856 2250 2926 Philippus,
2272 2855 2585 2910 Alexandri
2622 2861 2805 2926 pater,
2846 2856 2912 2910 de

1760 2944 1870 2996 quo
1911 2927 2103 2982 Cicero
2149 2928 2222 2981 ad
2258 2930 2384 2982 Att.
2426 2927 2471 2995 Ι,
2520 2931 2614 2982 16:
2676 2927 2910 2996 „Omnia

1762 3000 1995 3054 castella
2026 2999 2341 3070 expugnari
2374 3015 2536 3069 posse
2570 2999 2816 3067 dicebat,
2854 3001 2911 3053 in

1764 3088 1907 3140 quae
1932 3071 2101 3126 modo
2134 3071 2335 3126 asellus
2362 3087 2501 3124 auro
2524 3075 2759 3125 onustus
2784 3088 2910 3140 pos·

1759 3146 1847 3197 set
1881 3143 2227 3198 ascendere!
2294 3171 2361 3182 —
2406 3141 2626 3228 Pythia
2647 3141 2911 3212 Philippo

1760 3214 2069 3269 vaticinata
2124 3231 2243 3268 esse
2315 3213 2519 3268 fertur:
2581 3209 2915 3298 „Apyvpe‘mc

1759 3280 2011 3356 λόγχαισι
2038 3278 2225 3356 μάχου
2248 3289 2341 3338 καὶ
2372 3281 2551 3339 πάντα
2575 3279 2909 3354 :patrinus-f*

1763 3386 1828 3397 —
1886 3357 2123 3425 submit]
2182 3357 2418 3426 Proprie
2472 3357 2543 3411 de
2594 3357 2911 3424 arboribus,

1762 3445 2001 3498 quarum
2042 3427 2273 3494 radices,
2324 3433 2383 3483 et
2426 3428 2497 3482 de
2541 3429 2739 3497 muris,
2778 3445 2913 3496 quo·

1758 3517 1885 3554 rum
1920 3499 2285 3583 fundamenta
2336 3499 2595 3554 cuniculo
2632 3500 2909 3554 subruun-

1759 3576 1880 3641 tur;
1916 3571 1997 3626 sic
2042 3569 2249 3626 eximia
2292 3570 2349 3625 h.
2395 3571 2434 3626 1.
2482 3572 2667 3626 oritur
2722 3571 2909 3643 imago

1758 3659 1955 3713 regum
1989 3641 2227 3697 firmiter
2260 3647 2409 3697 stare
2446 3659 2505 3697 se
2542 3642 2911 3712 credentium,

1758 3715 1903 3770 clam
1950 3731 2083 3769 vero
2132 3714 2511 3769 subrutorum.
2552 3743 2619 3753 —
2656 3715 2907 3784 munera]

1760 3786 2175 3855 conduplicatio
2222 3785 2297 3841 ad
2346 3785 2560 3840 variam
2616 3786 2737 3840 vim
2786 3787 2911 3840 auri

1758 3856 2159 3912 ostendendam
2225 3857 2517 3926 aptissima
2579 3857 2782 3929 figura.
2844 3886 2906 3898 «-

1758 3929 1981 3984 navium
2016 3927 2198 3999 duces]
2238 3927 2577 3983 Menodorus
2624 3947 2667 3984 a.
2712 3929 2911 3984 Menas

1764 3999 1861 4055 Cn.
1934 3999 2167 4069 Pompei
2241 3999 2497 4068 libertus,
2558 3999 2611 4055 S.
2676 3999 2889 4070 Pompe
2890 4000 2908 4054 i

1758 4071 1872 4127 dux
1918 4071 2128 4141 classis,
2186 4088 2325 4127 auro
2381 4076 2577 4141 captus
2622 4071 2697 4126 ad
2746 4072 2910 4126 Octa·

1758 4143 1987 4198 vianum
2024 4142 2276 4204 descivit.
2315 4142 2447 4198 dein
2470 4144 2579 4198 hoo
2600 4143 2800 4198 relicto
2836 4142 2907 4198 ad

1760 4215 2086 4284 Pompeium
2130 4215 2319 4282 rediit,
2365 4219 2486 4269 tum
2532 4215 2743 4270 iterum
2788 4231 2905 4272 cor·

1756 4291 1957 4357 ruptus
1991 4287 2063 4342 ad
2098 4287 2343 4342 alterum
2378 4285 2601 4341 defecit.
2642 4315 2709 4326 —
2746 4286 2905 4356 cm]

1757 4375 1827 4412 ne
1874 4357 2201 4427 perdantur,
2245 4359 2437 4426 fames,
2482 4362 2547 4411 ιιι
2593 4374 2629 4411 a
2814 4363 2908 4413 tur

1756 4428 2007 4485 divitiae.
2030 4459 2097 4470 —
2113 4428 2430 4500 peu-homa]
2470 4428 2597 4483 vide
2726 4429 2907 4484 Garm-

1755 4500 1801 4569 Ι,
1844 4505 1890 4570 1,
1930 4499 2905 4571 a—equitumdeeusJBeoteii

1754 4540 2023 4628 v’idebaut
2058 4573 2157 4642 qui
2192 4572 2447 4628 consulto
2492 4570 2749 4626 additam
2788 4589 2905 4628 esse
