3092 5059
420 205 546 271 378
1398 208 1901 277 SATIRARUM

519 394 996 471 Graecorum
1051 395 1286 493 longe
1341 396 1864 473 doctissimus:
1918 398 2099 472 inde
2150 396 2435 473 Forum
2490 396 2705 497 Appi

521 519 928 595 Differtum
979 522 1250 617 nautis,
1305 523 1783 620 cauponibus
1828 535 2061 622 atque
2113 522 2491 619 malignis.

419 754 546 791 rum
593 754 697 790 usu
744 754 934 791 carere
988 736 1174 799 vellet,
1237 754 1418 791 eomes
1471 736 1579 791 fuit
1674 738 1841 792 detur
1877 738 2059 793 simile
2092 737 2287 795 eodem
2311 754 2457 791 enno
2486 738 2662 791 etiam
2692 738 2828 791 scri-

419 806 719 875 Horatius;
751 809 846 877 qui
871 824 1000 863 cum
1021 777 1272 862 Lucilius
1300 810 1433 863 olim
1467 810 1578 863 iter
1675 814 1833 879 ptam
1872 827 1987 864 esse
2012 810 2157 865 hanc
2192 810 2440 864 satiram.
2480 808 2689 863 Totum
2714 806 2827 863 iter

421 878 601 935 Roma
637 896 814 963 usque
853 879 924 933 ad
960 879 1169 935 fretum
1209 880 1456 935 Siculum
1495 880 1573 935 fa·
1675 886 1933 937 accurate
1979 868 2199 951 de‘scrip
2202 886 2323 935 tum
2371 885 2457 935 est
2493 899 2526 936 a
2568 880 2827 937 Walcke-

422 956 574 1005 ctum
634 950 694 1005 in
751 950 952 1005 Satiris
1003 950 1400 1021 descripsisset,
1462 970 1575 1006 non
1672 953 1831 1007 nario
1880 952 2141 1021 (histoire
2164 900 2253 1007 pde
2298 953 2353 1006 le
2402 952 2493 1007 vie
2532 951 2585 1006 d’
2590 952 2826 1006 Horace.

420 1022 609 1091 potuit
645 1041 679 1076 a
717 1040 774 1078 se
810 1024 1131 1093 impetrare.
1179 1024 1315 1091 quin
1363 1024 1424 1077 in
1467 1024 1576 1079 hac
1676 1024 1832 1079 1840.
1871 1024 1932 1077 Τ.
1957 1022 2000 1077 I.
2037 1041 2091 1093 p.
2130 1026 2236 1077 232
2274 1024 2419 1094 sqq.)
2456 1028 2517 1078 et.
2550 1024 2620 1078 ab
2646 1024 2824 1079 Erne-

423 1111 645 1163 quoque
705 1112 767 1148 re
817 1112 942 1148 eum
991 1094 1382 1157 aemularetur,
1447 1113 1573 1149 cum
1672 1100 1758 1149 sto
1781 1095 2107 1164 Desjardins
2145 1096 2359 1164 (Revue
2397 1096 2466 1151 de
2499 1095 2830 1165 philologie.

418 1165 750 1235 praesertim
808 1182 1032 1235 sperare
1087 1171 1279 1235 posset
1331 1166 1454 1221 fore
1507 1172 1574 1222 ut
1668 1166 1732 1220 T.
1772 1167 1844 1220 11.
1896 1168 2049 1222 1878.
2086 1184 2144 1236 p.
2186 1170 2287 1220 144
2322 1166 2485 1237 sqq.‚)
2533 1166 2628 1235 qui
2676 1184 2825 1221 anno

419 1238 538 1292 eius
575 1238 894 1307 exemplum
930 1242 987 1292 et
1020 1238 1188 1291 rebus
1226 1243 1282 1292 et
1318 1239 1574 1293 oratione
1674 1240 1811 1293 1852
1862 1240 1980 1308 ipse
2034 1240 2145 1293 iter
2200 1239 2335 1294 fecit
2383 1238 2615 1293 Horatio
2665 1238 2825 1300 duee,

423 1314 480 1363 et
503 1326 670 1363 versu
692 1308 858 1363 facile
885 1313 1175 1378 superaret
1199 1309 1334 1375 (Sat.
1360 1309 1405 1378 Ι,
1425 1312 1476 1378 4,
1495 1310 1570 1379 8).
1669 1308 1870 1364 deinde
1912 1312 2046 1364 1855
2077 1310 2371 1380 descripsit
2408 1314 2465 1364 et
2500 1326 2651 1364 nunc
2682 1327 2826 1379 quae

421 1378 538 1434 Iter
556 1379 771 1435 factum
793 1398 908 1435 esse
933 1398 1106 1435 verno
1131 1386 1384 1451 tempore
1408 1382 1575 1436 docet
1668 1382 1807 1437 olim
1850 1382 2035 1435 minus
2080 1385 2231 1439 recte
2266 1382 2483 1437 dedisse
2526 1382 2637 1437 sibi
2670 1382 2825 1436 visus

421 1452 696 1521 imprimis
733 1469 926 1507 versus
957 1454 1038 1515 14,
1077 1468 1204 1507 cum
1243 1470 1352 1522 quo
1389 1452 1574 1507 confe—
1670 1458 1757 1507 est
1794 1454 2052 1508 correxit.

423 1527 621 1577 rantur
655 1540 747 1578 vv.
781 1525 851 1576 72
897 1528 954 1578 et
989 1494 1087 1593 8'13
1125 1541 1298 1592 quare
1333 1525 1454 1580 veri
1491 1526 1573 1580 vi·

1161 1645 1352 1712 Iter
1419 1646 2079 1713 Brundisinum

1277 1748 1578 1803 secundum
1615 1748 1957 1817 Desjerdins.

551 1900 684 1957 Dies

505 1974 739 2029 itineris.

2568 1902 2775 1956 Versus

2560 1974 2781 2028 satirae.

1591 1905 1752 1958 Milia

1529 1993 1808 2046 passuum.

885 1940 1127 1995 Nomina
1161 1941 1427 1995 locorum.
1931 1941 2195 1996 Mensura
2231 1945 2440 1996 nostra.

629 2116 674 2168 1.
843 2088 998 2230 [Apo
927 2118 1092 2183 porta
1111 2114 1330 2184 capena
1351 2131 1453 2184 per
1598 2115 1745 2169 XVI.
1890 2117 1960 2169 23
1980 2114 2188 2169 Kilom.
2229 2116 2333 2167 696
2353 2114 2486 2168 Met.

891 2186 1140 2239 Bovillas
1180 2203 1352 2257 usque
1382 2184 1452 2239 ad

889 2257 1154 2312 Ariciam.

621 2329 675 2382 2.
855 2329 1048 2385 Aricia
1067 2344 1244 2397 usque
1263 2327 1453 2383 adFo·
1556 2328 1785 2385 XXVII.
1893 2330 1959 2383 39
1980 2328 2185 2383 Kilom.
2224 2328 2330 2380 387
2351 2326 2487 2383 Met.
2666 2326 2718 2381 8.

622 2472 671 2525 3.
855 2400 1242 2541 Ρῖἰωρεῒὲἕέὲ
1280 2488 1456 2540 usque
1473 2472 1604 2527 XVI
1638 2490 1741 2543 per
1774 2472 1868 2542 pa·
1894 2472 1963 2525 23
1984 2470 2189 2529 Kilom.
2230 2471 2333 2524 696
2352 2469 2486 2525 Met.
2630 2469 2719 2523 26.

419 2543 602 2598 Noctu
645 2559 710 2597 us
751 2561 821 2597 ue
891 2542 964 2599 ad
1035 2542 1397 2597 Tarracinam
1509 2544 1699 2612 ludes3
1750 2548 1871 2599 tum
1924 2543 1960 2596 4
2078 2582 2112 2609 ‚‚
2220 2544 2337 2596 ,443
2412 2582 2443 2610 ,,

457 2614 530 2669 ed
566 2614 690 2668 hor.
757 2614 819 2668 V.
891 2614 1152 2685 (Anxur).
1506 2634 1541 2670 a
1578 2615 1735 2669 fonte
1769 2614 1961 2685 1²¹2·oe
1980 2632 2187 2685 Kilom,
2232 2632 2333 2684 139
2354 2631 2486 2686 Met,

456 2686 614 2740 tertii
688 2685 820 2753 diei,
1509 2688 1703 2741 roniae

454 2757 716 2813 navicula
748 2758 821 2811 ed
1511 2758 1585 2813 ed
1615 2758 1870 2813 Tarraci-

456 2828 686 2891 fontem‚
728 2829 820 2883 de·
1507 2848 1657 2884 nam.

455 2900 586 2955 inde
645 2916 822 2969 usque
1473 2906 1747 2971 *XIX-

457 2972 529 3026 ed
565 2970 820 3027 Tarraci-

455 3060 602 3099 nam.

624 3116 675 3169 4.
856 3114 1042 3171 Fundi
1081 3120 1138 3171 et
1177 3116 1452 3172 Formiae.
1473 3119 1658 3173 Fundi
1694 3116 1829 3172 XIII
1894 3121 1960 3173 19
1979 3119 2185 3173 Kilom.
2224 3119 2331 3172 250
2348 3117 2486 3173 Met.
2631 3119 2719 3171 37.

1472 3190 1871 3245 indeFormiae

1511 3260 1843 3315 XII-xm.
1896 3262 2101 3314 18—19
2127 3260 2335 3317 Kilom.

621 3330 675 3382 5.
856 3328 1006 3383 Villa
1077 3329 1152 3383 sd
1218 3330 1454 3386 Pontem
1560 3332 1787 3387 XXVII.
1890 3335 1960 3385 40
1981 3332 2186 3388 Kilom.
2628 3334 2719 3387 45.

892 3400 1234 3469 Campanum
1251 3442 1264 3463 ‚
1357 3404 1454 3471 qui

892 3471 1098 3527 Savoni
1151 3472 1324 3529 fluvio
1371 3476 1454 3529 in-

891 3543 1066 3599 iectus
1105 3543 1231 3602 fuit.

620 3616 672 3667 6.
857 3614 1062 3683 Capua.
1126 3614 1281 3671 Inter
1318 3634 1452 3685 pon·
1473 3618 1555 3671 III
1601 3618 1870 3688 (Urbana)
1891 3616 1960 3669 22
1980 3616 2185 3671 Kilom.
2224 3618 2330 3671 215
2350 3616 2486 3672 Met..
2630 3620 2720 3671 50,

889 3690 1004 3741 tem
1077 3693 1138 3741 et
1207 3688 1456 3757 Capuam
1473 3690 1553 3743 IX
1590 3690 1807 3757 (Ca-sili·
1890 3691 1955 3741 31
2072 3728 2103 3755 „
2230 3692 2325 3742 101
2406 3730 2433 3757 ,,

891 3764 1052 3813 erant
1115 3758 1344 3814 Urbana
1399 3763 1455 3813 et
1507 3764 1664 3827 num)
1890 3779 1957 3830 53
1978 3764 2185 3831 mio-m,
2228 3780 2332 3831 316
2354 3766 2484 3833 Μ’ξῖ,

895 3829 1228 3899 Casilinum3
1253 3830 1454 3885 deinde
1477 3831 1555 3885 111
1592 3832 1826 3902 (Capua)
2496 3827 2501 3907 ξ

890 3900 964 3955 ad
1009 3901 1202 3957 villam
1241 3902 1454 3956 Coeceii
1474 3908 1595 3957 tum
1617 3909 1745 3973 post
1760 3922 1869 3958 me-

891 3989 1066 4042 prope
1106 3972 1394 4027 Caudium.
1509 3974 1708 4029 ridiem
1720 3976 1869 4029 XXI.

1543 4064 1797 4117 XXXVI.

1544 4135 1796 4189 XXXVI.
1892 4136 1959 4187 53
1980 4134 2187 4189 Kilom.
2223 4137 2331 4188 216
2352 4134 2486 4189 Met.
2632 4136 2722 4189 79.

621 4130 670 4182 7.
855 4132 1236 4188 Beneventum
1252 4172 1264 4193 ‚
1357 4132 1454 4187 ubi

893 4222 1030 4260 cens
1064 4210 1326 4273 peratum
1361 4204 1454 4258 de·

891 4277 1020 4331 inde
1041 4276 1150 4330 iter
1167 4276 1454 4331 continue.-

891 4352 988 4402 tur
1021 4348 1094 4401 ed
1130 4347 1433 4401 Trivicum.

621 4416 672 4469 8.
857 4419 1120 4474 Asculum
1207 4420 1454 4487 Apulum
1571 4418 1771 4473 XXIV.
1892 4422 1959 4474 38
1980 4420 2185 4475 Kilom.
2224 4421 2329 4473 542
2348 4419 2499 4475 Meta
2631 4422 2721 4476 87.

895 4490 1110 4559 (Asooli
1121 4490 1190 4545 de
1199 4489 1456 4560 Pouille).
