3092 5059
1155 261 1318 329 LIB.
1366 262 1416 328 I.
1457 261 1645 327 SAT.
1684 261 1793 327 VI.

2556 261 2684 326 389

379 447 553 522 Non
607 474 948 549 unquam
1001 448 1248 546 pretio
1301 448 1546 544 pluris
1600 447 1927 545 licuisse,
1974 460 2287 522 notante

301 602 350 644 ιε,
385 571 658 649 Iudice
711 598 864 672 quo
923 574 1122 649 nosti
1173 571 1488 671 popu10,
1545 573 1679 671 qui
1730 571 2003 648 stultus
2055 571 2389 647 honores

383 695 631 797 Saepe
685 696 816 773 dat
865 695 1204 795 indignis
1257 708 1336 773 et
1388 697 1643 773 famae
1694 696 1931 771 servit
1978 696 2306 794 ineptus,

382 820 533 915 Qui
585 832 842 917 stupet
890 822 974 898 in
1018 820 1258 895 titulis
1311 832 1387 897 et
1437 820 1924 918 imaginibus.

2032 820 2238 915 Quid
2293 834 2596 923 oportet

382 944 543 1021 Nos
596 946 856 1023 facere
906 972 955 1020 a.
1004 946 1238 1044 vulgo
1284 946 1518 1045 longe
1568 946 1955 1045 longeque
2002 949 2391 1023 remotos?

382 1070 736 1171 Namque
789 1084 971 1169 esto,
1023 1071 1354 1173 populus
1403 1070 1759 1149 Laevino·
1800 1069 2068 1147 mallet
2116 1071 2490 1147 honorem

295 1229 350 1271 ιο
388 1196 634 1288 Quam
683 1196 918 1273 Decio
972 1195 1343 1272 mandare
1395 1222 1625 1290 novo,
1679 1221 2104 1296 censorque
2154 1210 2503 1273 moveret

383 1322 708 1423 Appius,
762 1323 1100 1421 ingenuo
1153 1324 1220 1397 si
1269 1347 1427 1398 non
1480 1348 1727 1398 essem
1767 1334 1990 1419 patre
2038 1333 2298 1418 natus3

381 1447 529 1523 Vel
581 1448 878 1544 merito,
935 1448 1301 1548 quoniam
1352 1448 1430 1521 in
1479 1447 1801 1547 propria
1834 1472 1989 1522 non
2036 1446 2243 1547 pelle
2278 1448 2681 1546 quiessem.

383 1572 534 1649 Sed
587 1572 940 1669 fulgente
992 1572 1230 1649 trahit
1277 1571 1725 1649 constrictos
1778 1570 2051 1649 Gloria
2103 1597 2327 1647 curru

380 1697 454 1773 N
458 1723 556 1772 on
609 1698 860 1773 minus
912 1697 1218 1795 ignotos
1269 1696 1687 1795 generosis,
1763 1696 1963 1789 ‘Quo
2016 1696 2183 1792 tibi,
2234 1696 2439 1794 Tilli,

295 1856 350 1898 εις
389 1821 708 1900 Sumere
759 1822 1194 1925 depositum
1238 1823 1540 1907 clavum
1591 1822 1915 1922 fierique
1966 1823 2277 1899 tribuno
2297 1826 2333 1899 ⁴?

379 1947 688 2025 Invidia
739 1948 1095 2043 accrevit,
1143 1949 1448 2046 privato
1475 1972 1703 2047 ‚quae
1752 1946 2007 2022 minor
2058 1960 2281 2023 esset.

280 2198 484 2239 nomen
511 2182 815 2237 relativum
841 2180 1149 2237 interiecta.
1187 2180 1313 2235 Non
1335 2180 1436 2234 du-

279 2253 589 2308 bitabimus
614 2254 812 2325 igitur,
839 2254 976 2322 quin
1001 2252 1152 2307 idem
1169 2250 1438 2307 Horatius

275 2343 446 2379 ausus
490 2325 568 2380 sit
609 2330 740 2395 post
790 2325 1242 2380 coniunctionem
1298 2340 1437 2407 σαψ,

314 2398 699 2466 raesentisque
737 2398 810 2451 sit
855 2396 1127 2467 temporis
1165 2395 1340 2450 donat
1377 2396 1438 2450 in

271 2414 394 2523 gat.
435 2467 480 2532 Ι,
517 2471 568 2536 2,
611 2470 682 2523 66
731 2472 788 2523 et
833 2468 1066 2525 edormit
1109 2468 1172 2521 in
1215 2466 1330 2522 Sat.
1364 2466 1436 2533 ΙΙ,

277 2542 330 2607 8,
369 2540 494 2593 61.“
529 2540 600 2594 cf.
628 2540 753 2595 Tib.
789 2538 863 2607 ΙΙ,
901 2542 954 2608 4,
986 2541 1079 2593 55:
1122 2508 1439 2608 „Quicquid

275 2580 438 2666 hiabat
487 2611 660 2679 Circe,
717 2579 986 2682 quicquid
1031 2579 1230 2666 Medea
1274 2628 1436 2665 vene-

277 2683 391 2737 ni.“
432 2681 591 2738 ovid.
619 2684 754 2738 Met.
783 2681 904 2750 VII,
929 2685 1054 2738 290.
1094 2711 1161 2722 —
1197 2682 1438 2752 licuisse]

277 2754 477 2809 Licere
521 2756 760 2810 verbum
807 2754 994 2809 locum
1039 2754 1212 2809 habet
1255 2755 1314 2807 in
1351 2772 1436 2809 re-

275 2827 382 2880 bus
419 2828 738 2896 venalibus3
777 2843 952 2894 quare
973 2826 1246 2881 vilissimo
1283 2842 1438 2879 man-

276 2898 426 2967 cipio
459 2904 636 2982 negat
673 2898 966 2953 meliorem
1012 2898 1200 2953 fuisse.
1241 2926 1308 2937 -—
1345 2914 1438 2952 no-

277 2968 452 3040 tante]
509 2972 544 3025 i.
598 2988 644 3025 e.
691 2971 1064 3039 improbante,
1120 2972 1184 3023 ut
1233 2969 1348 3023 Sat.
1391 2969 1436 3038 I,

279 3044 332 3109 3,
374 3043 461 3094 24.
501 3042 610 3097 Cic.
651 3042 807 3097 Orat.
833 3042 904 3107 H,
925 3043 1020 3096 85:
1055 3076 1097 3109 3,
1084 3056 1204 3103 ,nec
1224 3040 1436 3095 bonum

280 3112 466 3167 virum
491 3113 708 3169 laudari
737 3114 858 3168 sine
886 3113 1181 3174 virtutum,
1208 3128 1312 3167 nec
1335 3112 1436 3167 im-

277 3184 522 3253 probum
557 3186 749 3241 notari
770 3202 836 3239 ac
871 3184 1184 3254 vituperari
1210 3184 1331 3239 sine
1353 3184 1437 3238 vi·

277 3256 493 3310 tiorum
530 3256 850 3327 cognitione
887 3256 1100 3325 posse.“
1149 3255 1440 3310 Sententia

279 3331 396 3381 est:
455 3344 742 3397 nunquam
777 3329 956 3399 pluris
993 3327 1218 3381 licuisse
1251 3328 1438 3396 pretio

279 3399 448 3452 unius
504 3400 659 3469 assis,
715 3417 788 3455 ne
832 3416 901 3455 ex
951 3399 1158 3454 iudicio
1210 3399 1438 3467 quidem

279 3470 496 3540 populi,
545 3472 640 3541 qui
691 3476 880 3527 tamen
918 3472 1124 3525 stultus
1162 3470 1346 3525 famae
1381 3474 1442 3525 et

279 3542 466 3597 titulis
501 3544 683 3614 magis
721 3544 932 3599 servire
961 3543 1104 3597 solet
1133 3558 1302 3611 quam
1325 3542 1438 3596 vir-

279 3614 410 3667 tut-L
437 3642 508 3654 —
547 3628 650 3684 quo
685 3614 854 3685 nosti]
891 3615 1176 3669 Attractio
1213 3614 1437 3669 Graecis

279 3685 665 3741 usitatissima.
705 3686 777 3741 cf.
807 3687 918 3742 Cic.
957 3686 1029 3741 ad
1047 3688 1168 3741 Att.
1195 3686 1266 3754 X,
1289 3687 1342 3754 8,
1370 3687 1436 3740 7·

281 3756 424 3826 „hoc
461 3757 851 3813 confirmamus
888 3759 988 3813 illo
1025 3758 1282 3830 augurio,
1327 3774 1438 3827 quo

281 3798 544 3884 diximus.
547 3830 580 3859 ‘⁴
619 3829 844 3885 Terent.
863 3830 1170 3885 Heautont.
1191 3830 1234 3895 Ι,
1265 3833 1314 3897 1,
1342 3830 1436 3883 35:

287 3900 430 3969 „hac
466 3901 692 3970 quidem
729 3918 912 3969 causa,
965 3919 1076 3970 qua
1118 3871 1238 3956 dixi
1274 3870 1401 3956 t'ibi.
1404 3901 1437 3931 ‘⁴

281 4044 352 4096 24
284 3942 1029 4114 -ἰηὲαφιέἲξνυῖἒῆνῗέοέιῗι
1041 3972 1440 4099 Οἲιίωὶῗοτῖῗ

281 4132 338 4184 p.
369 4116 464 4169 52:
506 4117 762 4185 „accedit
787 4116 936 4186 quod
965 4117 1074 4171 hoc
1097 4118 1218 4186 ipso
1245 4116 1439 4184 verbo,

283 4186 434 4255 quod
470 4192 556 4241 est
589 4194 819 4257 oportet,
851 4206 932 4255 ea,
971 4193 1130 4258 puto,
1169 4188 1238 4242 de
1273 4204 1440 4243 causa

284 4258 434 4327 quod
489 4258 560 4314 ad
619 4260 828 4314 iudicia
883 4261 1114 4330 proprie
1171 4260 1438 4329 pertinet,

279 4346 466 4399 neque
510 4330 806 4385 Lucretius
867 4331 978 4385 alio
1035 4332 1152 4385 ullo
1203 4332 1266 4385 in
1313 4330 1438 4385 loco

284 4418 414 4456 usus
463 4407 550 4456 est
597 4420 776 4472 neque
819 4402 990 4457 ceteri
1029 4407 1230 4472 poetae
1279 4420 1438 4472 prae-

284 4478 374 4527 ter
410 4474 649 4529 comicos
687 4492 752 4529 eo
789 4474 1161 4529 delectantur.
1213 4474 1443 4529 Habent

289 4546 518 4613 quidem
544 4546 686 4601 illud
711 4546 945 4613 satirici,
967 4546 1240 4615 Lucilius,
1264 4546 1441 4600 Hora-

299 4618 431 4683 tius,
469 4616 712 4688 Persius,
749 4617 1046 4683 Iuvenalis,
1095 4619 1232 4673 item
1267 4618 1444 4673 Phae-

1529 2179 1683 2245 drus,
1746 2180 1843 2249 qui
1911 2178 2125 2237 comico
2226 2180 2380 2235 eneri
2434 2180 2685 2251 proximi

1529 2256 1684 2306 sunt:
1732 2251 1829 2306 sed
1874 2268 1946 2306 ne
1996 2250 2057 2305 hi
2096 2252 2192 2321 qui
2234 2270 2322 2306 em
2358 2252 2575 2322 saepe-‘⁴
2614 2282 2683 2293 —

1527 2339 1631 2379 nos
1664 2322 1869 2395 facere]
1908 2324 1947 2378 i.
1985 2340 2033 2377 e.
2081 2340 2169 2378 me
2216 2324 2465 2393 aliosque
2502 2324 2683 2395 philo-

1528 2395 1831 2479 sophantes
1868 2413 1901 2449 a
1927 2395 2195 2466 vulgique
2231 2394 2440 2450 iudicio
2480 2396 2685 2467 long-is—

1527 2467 1667 2521 sime
1718 2470 1979 2523 remotos.
2054 2465 2294 2535 Oportet
2330 2471 2520 2522 autem
2558 2484 2685 2523 oon-

1527 2542 1748 2593 tentum
1772 2556 1861 2593 me
1886 2555 2004 2594 esse
2027 2555 2151 2593 meo
2180 2538 2375 2593 ordine
2397 2556 2503 2594 nec
2535 2539 2684 2594 iusto

1527 2610 1699 2665 altius
1728 2610 1975 2665 tendere.
2013 2610 2157 2665 Nam
2192 2610 2241 2664 si
2271 2610 2421 2665 forte
2444 2611 2685 2681 populus

1526 2682 1775 2736 nobilem
1801 2687 1859 2736 et
1881 2699 2120 2751 pravum
2148 2682 2434 2737 hominem
2458 2683 2607 2737 bono
2630 2688 2689 2738 et

1526 2754 1763 2824 ignobili
1786 2753 2117 2823 praeferret,
2132 2754 2222 2808 vel
2242 2756 2288 2808 si
2308 2755 2454 2809 alter
2463 2756 2683 2825 Appius

1525 2842 1619 2879 me
1643 2825 1857 2880 maiore
1880 2826 2079 2880 ordine
2106 2825 2402 2896 indignum
2435 2825 2687 2895 haberet,

1527 2898 1651 2951 iure
1686 2897 1827 2951 mihi
1878 2897 2021 2951 illud
2060 2897 2371 2965 accidisset,
2419 2899 2686 2966 quoniam

1529 2969 1591 3023 in
1641 2970 1874 3038 propria
1917 2969 2065 3037 pelle
2108 2986 2223 3023 non
2275 2970 2567 3038 quiessem.
2616 3000 2684 3009 —

1529 3042 1660 3109 esto]
1710 3045 1774 3094 ut
1818 3040 2001 3109 Epist.
2048 3040 2093 3107 Ι,
2133 3042 2181 3109 1,
2216 3042 2303 3094 81.
2364 3070 2433 3079 -
2490 3042 2686 3113 Decio]

1528 3112 1743 3166 homini
1787 3128 1952 3179 novo,
1996 3080 2093 3165 sed
2128 3113 2324 3181 probo.
2398 3112 2525 3167 Non
2571 3130 2685 3167 cer·

1529 3189 1622 3239 tus
1649 3183 1879 3252 quidam
1898 3152 2101 3238 Decius
2138 3184 2469 3254 cogitandus
2507 3202 2689 3254 neque

1528 3256 1780 3325 Appius3
1824 3254 2219 3325 significantur
2256 3256 2509 3311 homines
2552 3274 2685 3325 qua·

1529 3328 1609 3381 les
1648 3296 1807 3382 Decii
1856 3330 2034 3393 erant,
2082 3332 2139 3381 et
2184 3327 2365 3381 severi
2416 3344 2689 3397 censores,

1531 3400 1715 3468 qualis
1762 3398 1895 3453 olim
1930 3399 2166 3468 Appius.
2227 3428 2292 3438 —
2348 3398 2429 3454 vel
2475 3399 2685 3471 merito]

1529 3488 1605 3525 sc.
1643 3488 1734 3525 me
1770 3475 2023 3525 moveret
2060 3486 2271 3536 censor,
2310 3470 2444 3539 quia
2468 3477 2684 3526 senato·

1529 3542 1617 3595 ria
1664 3542 1911 3613 dignitas
1960 3542 2241 3597 natalibus
2296 3542 2435 3597 meis
2484 3552 2685 3613 parum

1529 3615 1827 3669 convenire
1867 3614 2172 3669 videretur.
2214 3613 2401 3669 Genus
2438 3618 2497 3669 et
2528 3620 2686 3669 nata-

1529 3686 1611 3741 les
1648 3702 1810 3740 nemo
1877 3690 2025 3741 otest
2048 3686 2229 3756 magis
2264 3690 2485 3741 mutare
2518 3704 2685 3755 quam

1533 3761 1747 3827 cutem3
1772 3704 1903 3811 inge
1922 3758 1982 3811 in
1999 3772 2183 3825 propr.
2205 3773 2315 3812 non
2327 3758 2469 3828 pelle
2493 3758 2688 3827 quises.

1533 3846 1602 3883 ex
1627 3829 1946 3899 proverbio.
1973 3828 2123 3897 quod
2148 3832 2435 3899 sumptum
2460 3829 2687 3884 videtur

1534 3902 1607 3955 ab
1646 3902 1801 3955 asino
1828 3902 1888 3955 in
1914 3900 2125 3965 fabula,
2156 3901 2253 3969 qui
2279 3901 2455 3955 leonis
2480 3901 2689 3970 pellem

1534 3973 1739 4027 induit.
1768 4004 1834 4012 —
1872 3972 1999 4043 Sea]
2041 3970 2201 4039 Quod
2240 3990 2563 4041 quanquam
2598 3990 2687 4027 ve-

1532 4046 1815 4099 rissimum
1854 4048 1955 4113 est,
1993 4060 2183 4099 omnes
2227 4048 2435 4113 tamen,
2472 4044 2688 4099 nobiles

1532 4120 1591 4171 et
1636 4116 1929 4187 ignobiles,
1978 4115 2205 4171 Gloriae
2254 4132 2479 4171 currum
2527 4117 2687 4185 quasi

1531 4188 1931 4258 triumphalem
2004 4188 2283 4257 (fulymte)
2360 4190 2687 4257 sequuntur.

1533 4258 1605 4315 cf.
1643 4259 1731 4329 Ep
1734 4261 1823 4314 ist.
1860 4259 1932 4325 11,
1976 4261 2021 4323 1,
2066 4261 2185 4313 17⁷.

1610 4331 1674 4384 V.
1692 4278 1809 4384 P.24
1864 4330 2238 4401 quosumerc]
2294 4329 2365 4385 cf.
2410 4328 2593 4399 Epist.
2645 4329 2690 4399 Ι,

1539 4407 1591 4470 ὓ,
1653 4404 1733 4455 12.
1809 4348 1969 4457 ovid.
2020 4404 2087 4457 A.
2134 4403 2203 4455 A.
2252 4401 2471 4469 1‚3os:
2535 4400 2690 4472 „Quo

1539 4442 1665 4542 ti’bi,
1703 4473 1997 4544 Pasiphae,
2034 4473 2307 4543 pretiosas
2343 4491 2561 4527 sumere
2596 4492 2689 4528 ve-

1539 4544 1725 4601 stes?“
1777 4576 1842 4587 —
1904 4544 2108 4615 Tam,
2112 4544 2331 4613 ,Tillius
2366 4545 2461 4599 hic
2496 4549 2691 4601 senatu

1539 4622 1725 4673 motus
1774 4622 1863 4673 est
1909 4634 1944 4671 a
1980 4618 2212 4673 Caesare
2259 4617 2418 4688 quasi
2459 4614 2692 4688 Pompe·
