3092 5059
339 274 448 313 vm
1001 240 1492 311 PRAEFATIO
1539 237 1988 308 EDITIONIS
2033 238 2084 307 Ι.

343 435 528 510 bros
579 461 626 511 a
675 432 952 511 notitia
999 430 1125 509 vel
1179 429 1400 530 copia
1447 426 2053 507 adulescentium
2086 427 2379 505 alienos
2422 428 2745 505 moleste

345 572 422 636 et
469 560 908 659 importune
957 554 1379 634 laudarem.
1434 554 1927 652 Quapropter
1978 552 2117 652 qui
2154 550 2445 629 citandi
2496 565 2749 631 essent

345 685 676 761 aliorum
751 682 1218 781 scriptorum
1280 678 1456 775 loci,
1529 679 1599 753 si
1678 702 1775 753 ex
1852 676 2203 776 Vergilio
2282 691 2536 755 essent
2606 677 2739 755 de-

346 810 632 909 sumpti
700 806 824 884 vel
900 832 998 883 ex
1062 804 1328 885 Ovidii
1397 802 2127 901 Metamorphoseon
2188 802 2411 879 libris
2472 802 2741 880 simili-

347 936 669 1033 busque,
737 957 1096 1009 numeros
1161 942 1455 1009 tantum
1527 928 1899 1025 indicavi3
1976 926 2199 1005 aliter
2266 940 2465 1005 totos
2528 929 2741 1006 locos

347 1050 853 1157 apponendos
917 1055 1208 1132 curavi.
1313 1053 1523 1131 Illud
1588 1066 1845 1131 autem
1911 1053 2223 1131 efficere
2284 1054 2597 1151 tentavi,
2660 1068 2745 1130 ut

353 1207 586 1282 quam
639 1179 979 1279 plurima
1025 1205 1502 1279 apponerem
1552 1204 1752 1279 quae
1793 1178 2343 1256 accuratiorem
2384 1177 2738 1277 antiquo-

349 1333 520 1383 rum
573 1332 876 1381 morum
930 1330 1020 1381 ac
1069 1306 1272 1381 vitae
1339 1305 1693 1381 notitiam
1760 1304 2125 1382 adiuvare
2166 1316 2302 1382 aut
2340 1314 2744 1405 poetarum

347 1432 764 1509 latinorum
828 1430 1246 1529 praecipue
1307 1430 1615 1507 Horatii
1686 1456 1911 1507 usum
1976 1428 2369 1507 scribendi
2432 1440 2749 1527 possent

353 1556 788 1633 inlustrare.
888 1554 1156 1655 Neque
1208 1557 1522 1631 omnino
1579 1568 1929 1653 poteram
1980 1556 2263 1632 criticis
2314 1554 2745 1631 adnotatio-

355 1682 582 1759 nibus
629 1682 1055 1775 abstiner03
1122 1705 1322 1781 quae
1387 1694 1645 1759 tamen
1704 1708 1829 1759 res
1898 1707 2075 1757 cum
2126 1680 2587 1757 difficillima
2648 1679 2751 1756 sit

355 1818 432 1881 et
481 1830 842 1903 magnam
893 1817 1194 1902 partem
1247 1832 1294 1881 a
1345 1805 1636 1883 iudicio
1688 1806 2241 1904 discipulorum
2292 1818 2609 1903 remota,
2656 1830 2751 1881 ea

357 1930 844 2035 potissimum
913 1929 1278 2027 eligenda
1353 1931 1715 2009 constitui
1779 1956 1977 2031 quae
2056 1942 2134 2009 et
2205 1930 2747 2009 adiuvantibus

363 2056 750 2155 magistris
817 2068 1130 2155 possent
1191 2056 1290 2133 ab
1361 2056 1973 2135 adulescentibus
2022 2056 2369 2153 intellegi
2422 2070 2501 2133 et
2540 2058 2750 2134 iuve-

358 2181 600 2257 nilem
651 2180 992 2256 animum
1041 2174 1405 2259 acuerent
1451 2196 1528 2259 et
1576 2184 2192 2261 corroborarent.
2274 2180 2407 2259 Ad
2456 2180 2749 2259 calcem

354 2305 540 2382 libri
605 2305 899 2381 indices
963 2305 1250 2402 adieci3
1311 2307 1392 2383 in
1459 2306 1711 2406 iisque
1772 2308 2124 2405 congessi
2174 2319 2252 2382 et
2300 2332 2393 2383 ea
2434 2306 2751 2397 nomina

364 2456 562 2530 quae
613 2443 745 2507 aut
795 2430 1008 2532 apud
1043 2430 1454 2508 Horatium
1501 2446 1635 2508 aut
1682 2431 1839 2509 alia
1888 2431 1988 2509 de
2040 2456 2267 2509 causa
2304 2445 2559 2508 essent
2589 2456 2747 2509 me·-

360 2554 771 2632 morabilia
842 2556 1142 2632 omissis
1193 2556 1286 2632 iis
1347 2581 1544 2655 quae
1596 2556 1834 2633 semel
1882 2558 2211 2633 fortasse
2260 2554 2593 2653 exempli
2633 2556 2750 2631 fa-

359 2678 616 2755 ciendi
667 2704 898 2757 causa
935 2680 1310 2758 attulisset
1351 2693 1607 2780 poeta,
1661 2694 1737 2757 et
1786 2706 1913 2757 eas
1965 2706 2087 2757 res
2142 2704 2343 2781 quae
2390 2680 2472 2754 in
2508 2678 2750 2755 adno-

356 2803 774 2881 tationibus
829 2804 932 2881 ad
983 2805 1360 2881 indicatos
1426 2804 1640 2881 locos
1695 2805 2122 2906 explicatae
2167 2804 2399 2881 facile
2438 2814 2753 2904 possent

364 2927 541 3003 data
593 2928 859 3027 aliqua
901 2930 1307 3005 occasione
1355 2928 1671 3029 requiri.

557 3051 1055 3153 Aquisgrani‚
1107 3052 1290 3131 Kal.
1341 3052 1773 3153 Septembr.
1825 3052 2478 3134 MDCCCXLIH.
