3092 5059
349 228 474 293 280

1315 226 1775 296 CARMINUM

849 417 1098 493 Multo
1150 442 1305 491 non
1358 416 1522 491 sine
1572 415 1730 491 risu

952 542 1348 643 Dilapsam
1401 542 1482 615 in
1535 540 1833 617 cineres
1878 539 2149 616 facem.

1219 886 1603 974 OARMEN
1664 888 1875 974 XIV.

757 1055 974 1148 Quae
1030 1080 1215 1130 cura
1265 1074 1571 1154 patrum
1628 1078 1921 1153 quaeve
1970 1052 2383 1145 Quiritium

754 1180 1013 1257 Plenis
1059 1181 1442 1256 honorum
1495 1180 1943 1255 muneribus
1993 1191 2186 1275 tuas,

355 1442 479 1495 628.
515 1438 769 1497 Lactant.
807 1442 857 1511 2,
885 1443 922 1494 4
957 1444 1142 1509 „tecta
1178 1444 1505 1511 consumpta

355 1513 612 1568 incendio
684 1512 1012 1568 dilabuntur
1097 1513 1158 1567 in
1233 1512 1502 1567 cineres.“

356 1584 703 1654 Peerlkamp.
762 1614 830 1625 —
889 1586 954 1639 in
1006 1585 1232 1653 cineres]
1289 1585 1382 1640 Sic
1437 1601 1506 1639 ex

357 1660 472 1726 opt.
511 1656 668 1712 codd.
706 1656 926 1711 Miiller.
964 1656 1246 1711 Eekstein.
1285 1656 1502 1711 Schiitz.

356 1728 576 1797 Keller3
613 1726 684 1782 cf.
711 1728 920 1799 Vergil.
956 1728 1052 1796 VI,
1090 1728 1220 1795 2263
1257 1728 1356 1782 alii
1391 1744 1506 1782 non

355 1798 499 1855 bene
533 1800 781 1855 dmm.

695 1912 974 1969 Carmen
1013 1912 1160 1969 XIV.

429 2006 610 2077 Supra
645 2008 718 2063 ad
753 2027 976 2065 carmen
998 2012 1076 2066 IV
1103 2015 1361 2067 notatum
1401 2016 1502 2073 est,

359 2096 470 2149 quo
533 2080 765 2135 consilio
819 2086 875 2137 et
925 2100 1035 2151 quo
1090 2088 1344 2153 tempore
1401 2084 1508 2139 hoc

361 2168 583 2206 carmen
620 2152 893 2222 scriptum
929 2154 1018 2208 sit.
1093 2154 1291 2210 Restat
1335 2160 1402 2209 ut
1438 2155 1507 2210 de

357 2224 761 2293 compositione
797 2225 1033 2280 dicatur.
1073 2226 1274 2297 ,‚Tuas,
1303 2227 1507 2296 inquit,

357 2295 614 2361 virtutes,
687 2298 957 2367 Auguste,
1031 2315 1211 2367 neque
1283 2304 1507 2353 senatus

358 2383 538 2435 neque
585 2367 824 2436 populus
861 2369 1032 2439 digno
1069 2374 1259 2438 potest
1293 2370 1508 2425 honore

360 2438 560 2507 colere,
591 2440 724 2508 quia
757 2441 1033 2494 maximus
1071 2458 1128 2495 es
1161 2458 1264 2510 per
1288 2459 1508 2496 omnem

358 2514 639 2564 terrarum
710 2511 903 2566 orbem
971 2512 1247 2581 princeps.
1347 2512 1510 2581 Quod

363 2598 530 2649 quam
578 2582 653 2635 sit
697 2598 892 2636 verum
941 2601 1084 2653 quae
1129 2602 1308 2653 nuper
1367 2590 1510 2653 ,esta

361 2656 491 2706 sunt
511 2653 816 2716 clarissime
835 2653 1305 2710 demonstrarunt.
1382 2674 1509 2711 uam

361 2723 508 2777 enim
579 2726 890 2793 potentiam
959 2744 1138 2796 nuper
1219 2733 1511 2782 senserunt

363 2794 560 2849 invicti
597 2796 780 2851 adhuc
801 2796 1093 2863 Vindelici,
1131 2816 1256 2854 cum
1294 2799 1510 2853 Drusus

361 2866 433 2920 ad
479 2883 692 2922 summa
743 2868 970 2938 Alpium
1015 2870 1149 2940 iuga
1197 2870 1510 2939 pertinaces

362 2937 548 2991 hostes
629 2938 877 3009 fugaret,
950 2940 1210 2996 Tiberius
1293 2942 1510 3014 ingenti

361 3009 575 3080 proelio
646 3011 914 3065 immanes
985 3012 1192 3068 Raetos
1259 3014 1511 3069 vinceret

365 3080 632 3164 quicquid
719 3083 1070 3139 obiciebatur
1152 3089 1510 3155 prosternens

361 3156 421 3207 et
455 3169 574 3221 ipse
610 3153 920 3209 incolumis.
994 3156 1079 3210 Tu
1118 3159 1282 3225 enim,
1319 3159 1509 3229 Augu-

363 3227 464 3292 ste,
511 3226 848 3293 praebueras
892 3227 944 3281 ei
982 3232 1142 3282 tuum
1185 3230 1511 3296 exercitum,

363 3300 524 3349 tuum
561 3297 870 3359 consilium,
918 3303 1044 3353 tuos
1081 3300 1230 3355 deos.
1303 3300 1512 3371 Magno

361 3370 426 3420 tu
483 3367 709 3436 quidem
757 3368 988 3423 deorum
1043 3370 1238 3425 favore
1286 3372 1512 3442 gaudes,

365 3437 462 3507 qui
498 3440 588 3492 vel
623 3439 729 3494 hac
767 3458 830 3495 re
875 3442 1207 3511 ostenditur,
1260 3444 1410 3512 quod
1447 3462 1511 3497 eo

364 3510 486 3578 ipso
524 3510 634 3577 die,
671 3528 781 3581 quo
819 3518 950 3567 ante
984 3514 1297 3582 quindecim
1339 3532 1512 3569 annos

364 3581 773 3637 Alexandream
841 3584 1122 3655 ingressus
1187 3603 1268 3647 es,
1349 3586 1512 3640 terri-

365 3651 478 3706 bile
523 3653 632 3708 hoc
678 3655 888 3709 bellum
935 3656 1348 3727 composuisti.“
1422 3656 1514 3711 Sic

365 3723 632 3805 Horatius
685 3743 947 3797 magnam
1007 3728 1150 3783 hanc
1207 3727 1276 3782 de
1337 3727 1512 3782 Gallis

365 3796 657 3850 victoriam
697 3799 980 3867 sapienter
1026 3805 1083 3854 et
1125 3799 1348 3869 egregie
1385 3816 1510 3853 con-

364 3865 550 3937 iungit
587 3884 712 3922 cum
750 3887 816 3923 eo
853 3870 944 3925 die
981 3871 1076 3939 qui
1114 3872 1373 3941 Augusto
1409 3870 1510 3924 im—

367 3938 582 4006 perium
639 3940 773 3993 olim
829 3942 1005 3996 totius
1053 3942 1205 3996 orbis
1253 3941 1509 3996 dederat:

366 4010 426 4063 in
473 4026 582 4077 qua
633 4028 693 4065 re
742 4012 1122 4067 Romanorum
1171 4013 1350 4081 pietas
1399 4030 1512 4067 non

367 4082 553 4150 potuit
588 4098 700 4136 non
737 4084 929 4138 videre
974 4084 1206 4139 deorum
1253 4085 1509 4139 volunta-

365 4156 497 4206 tem.
556 4154 844 4224 Augustus
873 4160 1058 4210 autem
1091 4156 1389 4225 imperium
1429 4160 1508 4210 te·

366 4227 464 4277 net
507 4226 755 4279 omnium
801 4231 1101 4290 terrarum,
1148 4228 1302 4281 cuius
1356 4232 1510 4297 pote-

369 4294 501 4349 stati
547 4296 776 4351 obnoxii
833 4303 963 4353 sunt
1012 4298 1266 4367 Hispani,
1313 4298 1511 4354 Parthi

367 4370 427 4419 et
461 4365 603 4434 Indi,
641 4366 877 4437 Scythae
923 4370 961 4423 i.
997 4386 1044 4423 e.
1087 4386 1276 4424 omnes
1316 4372 1510 4441 populi

369 4436 441 4489 ab
487 4435 790 4494 Occidente
843 4440 916 4494 ad
958 4440 1216 4524 ultimam
1263 4440 1511 4497 Orientis

371 4522 576 4631 ἓῖάῖῗὼ
587 4510 1514 4640 tssffiffi‘ffiztfflss‘ffi

1604 1439 1832 1494 domina
1886 1440 1972 1493 est
2024 1440 2329 1505 terrarum3
2390 1436 2539 1490 hunc
2592 1436 2760 1491 timet

1607 1510 1803 1566 Africa
1830 1508 2054 1577 (Nilus),
2088 1507 2316 1577 Europa
2342 1506 2599 1577 (Hister),
2622 1506 2761 1561 Asia

1607 1582 1857 1654 (Tigris),
1902 1581 2054 1636 hunc
2088 1584 2346 1635 metuunt
2380 1579 2759 1634 atrocissimae

1607 1658 1819 1726 gentes,
1856 1652 2133 1721 Britanni,
2166 1652 2329 1713 Galli,
2369 1650 2587 1719 Hiberi,
2624 1650 2757 1706 Ger·

1606 1726 1777 1781 mani.
1802 1755 1866 1765 —
1901 1724 2221 1780 Perfectum
2256 1723 2483 1778 omnino
2518 1726 2575 1777 et
2599 1721 2759 1791 quasi

1608 1797 1913 1852 rotundum
1978 1800 2061 1850 est
2122 1812 2365 1850 carmen.
2444 1795 2645 1849 Altera
2698 1798 2757 1848 et

1604 1868 1933 1940 principalis
1988 1884 2136 1937 pars,
2190 1866 2264 1921 ad
2316 1883 2485 1935 quam
2546 1870 2756 1921 susten·

1606 1941 1837 1996 tendam
1893 1939 2051 2010 prior
2105 1937 2299 1993 laudes
2357 1937 2642 1993 Neronum
2700 1940 2759 1991 et

1609 2014 1909 2083 praecipue
1968 2009 2183 2065 Tiberii
2254 2014 2525 2079 tanquam
2593 2026 2758 2081 argu-

1609 2089 1798 2139 menta
1865 2083 2115 2153 praebet,
2186 2098 2353 2152 quam
2425 2097 2621 2136 verum
2685 2080 2760 2136 sit

1610 2156 1751 2210 illud
1802 2154 1954 2224 quod
1996 2156 2057 2209 in
2102 2153 2267 2208 initio
2316 2152 2579 2209 carminis
2612 2152 2758 2222 posi-

1608 2232 1732 2281 tum
1780 2230 1892 2282 est:
1946 2242 1977 2281 ο
2022 2242 2135 2296 qua
2168 2224 2249 2280 sol
2284 2224 2602 2279 habitabiles
2636 2224 2759 2277 saun

1609 2304 1753 2354 strat
1798 2314 1945 2365 oras,
1998 2296 2235 2351 maxime
2271 2296 2610 2365 principum,
2667 2294 2759 2349 fir·

1609 2370 1871 2424 missimis
1909 2367 2201 2423 sententiis
2237 2368 2460 2437 probat.
2511 2366 2762 2422 Victoria

1574 2448 1580 2454 ”
1611 2442 1760 2497 enim
1801 2441 1872 2495 de
1918 2438 2149 2494 Gallicis
2196 2440 2418 2509 populis
2473 2442 2762 2508 reportata

1611 2512 1956 2569 occasionem
2004 2530 2093 2566 ma
2138 2511 2180 2565 ‘s
2227 2510 2301 2565 ad
2350 2527 2575 2565 carmen
2616 2526 2761 2564 oom-

1613 2584 1931 2655 ponendum
1966 2599 2103 2653 prae
2143 2583 2231 2637 uit
2249 2599 2419 2651 quam
2444 2582 2567 2651 ipsa
2602 2581 2761 2650 prae4

1612 2657 1865 2724 dicatur-3
1915 2655 2093 2709 omnis
2130 2654 2313 2725 gloria
2348 2654 2667 2708 cumulatur
2700 2652 2763 2706 in

1612 2730 1956 2799 Augustum3
2018 2726 2091 2780 ad
2151 2742 2317 2794 quem
2370 2729 2583 2793 quanta
2638 2728 2763 2779 arte

1613 2804 1769 2854 trans
1840 2798 2065 2853 ediatur
2098 2801 2267 2866 poeta
2302 2796 2430 2851 vide
2466 2814 2519 2850 v.
2550 2798 2636 2850 33.
2677 2795 2763 2850 De

1612 2871 1761 2925 bello
1837 2869 1985 2924 aetio
2011 2868 2081 2924 cf.
2106 2867 2290 2923 Strab.
2310 2867 2406 2935 IV,
2430 2870 2482 2936 6,
2506 2868 2564 2921 9:
2590 2860 2761 2935 „miv-

1613 2962 1708 3001 τας
1753 2942 1803 2995 δ’
1856 2943 2063 2995 ἔπαυσε
2108 2940 2218 2994 τῶν
2259 2935 2464 3004 ἀνέδην
2498 2938 2761 3007 καταδρο·

1612 3015 1741 3087 μῶν
1790 3016 2039 3081 Τιβέριος
2082 3015 2173 3064 καὶ
2228 3008 2257 3065 ὁ
2304 3008 2437 3063 ἀδελ
2490 3007 2554 3069 ὸς
2602 3006 2766 3062 αὐτοῦ

1614 3086 1865 3155 Δροῦσος
1910 3087 2139 3153 θερείᾳ
2182 3082 2361 3154 μιᾷ.“
2458 3082 2602 3136 ellei.
2657 3081 2763 3137 Pa·

1614 3162 1751 3212 tere.
1789 3157 1861 3224 11,
1896 3158 1991 3209 95:
2042 3152 2382 3222 „Reversum
2420 3152 2553 3207 inde
2590 3152 2763 3207 Nero·

1612 3246 1743 3283 nem
1806 3228 2008 3282 Caesar
2064 3226 2215 3280 haud
2274 3224 2568 3280 mediocris
2628 3224 2765 3278 belli

1613 3301 1819 3355 molem
1896 3296 2140 3367 experiri
2212 3297 2430 3365 statuit,
2506 3294 2764 3351 adiutore

1615 3372 1799 3441 operis
1826 3369 1960 3425 dato
1998 3368 2175 3423 fratre
2199 3368 2219 3421 i
2259 3369 2373 3423 sius
2396 3368 2579 3422 Druso
2603 3367 2761 3423 Clau-

1615 3442 1725 3511 dio,
1791 3458 1956 3511 quem
2014 3442 2163 3494 inter
2266 3440 2473 3495 aesaris
2534 3444 2763 3509 penates

1614 3514 1782 3569 enixa
1836 3517 1957 3567 erat
2009 3512 2200 3578 Livia3
2261 3511 2469 3581 quippe
2526 3516 2765 3580 uterque

1615 3584 1809 3639 divisis
1865 3584 2124 3653 partibus
2170 3583 2378 3637 Raetos
2422 3582 2763 3637 Vindelicos-

1615 3654 2629 3797 ἓὲἆωῖῖῗῗὲἕωῖηἵῒὸηῖἒᾞὲ
2652 3668 2765 3779 „⁶31

1611 3798 1819 3853 directa
1869 3816 2091 3868 quoque
2134 3798 2249 3852 aci-e
2295 3796 2537 3852 feliciter
2585 3795 2767 3851 functi

1612 3875 1805 3939 gentes
1854 3871 1989 3925 locis
2033 3869 2360 3938 tutissimas,
2406 3868 2562 3923 aditu
2620 3865 2767 3921 diffi-

1612 3941 1867 4011 cillimas,
1902 3956 2137 3995 numero
2160 3940 2499 4010 frequentes,
2536 3939 2765 3994 feritate

1611 4016 1814 4082 truces,
1868 4013 2075 4068 maiore
2124 4028 2244 4067 cum
2294 4010 2540 4082 periculo
2606 4026 2765 4080 quam

1614 4084 1811 4139 damno
1877 4084 2116 4139 Romani
2182 4082 2468 4151 exercitus,
2524 4082 2767 4151 plurimo

1611 4171 1733 4210 cum
1759 4172 1945 4211 earum
1967 4154 2237 4224 sanquine
2268 4152 2761 4223 perdomuerunt.“

1686 4226 1752 4281 V.
1800 4229 1851 4279 2.
1922 4226 2120 4296 plenis]
2191 4225 2369 4280 iustis.
2468 4225 2562 4280 Sic
2616 4224 2767 4279 enim

1614 4296 2429 4438 ffissffitffn‘il'taffifffi
2453 4296 2769 4423 2⁸3?sz

1614 4445 1977 4496 monumenta
2034 4439 2261 4510 publica
2306 4440 2551 4511 Augusti
2599 4436 2767 4493 laude

1616 4513 1904 4583 inscripta.
1944 4542 2009 4552 —
2053 4510 2252 4581 fastos]
2299 4511 2428 4566 vide
2474 4512 2546 4565 ad
2584 4510 2767 4564 Garm.

1616 4583 1717 4651 111,
1758 4585 1842 4650 17,
1879 4585 1927 4637 4.
2003 4582 2257 4638 Kellerus
2292 4586 2352 4639 et
2388 4583 2486 4651 qui
2522 4598 2651 4638 eum
2684 4596 2765 4635 se-
