3092 5059
443 228 584 313 414'

1357 244 1857 314 SATIRARUM

546 433 764 526 Quae
814 460 1068 535 neque
1116 436 1197 510 in
1249 433 1441 510 aede
1491 446 1764 510 sonent
1817 434 2184 510 certantia
2231 433 2487 511 iudice
2536 432 2796 533 Tarpa

544 560 704 636 Nec
752 560 1067 636 redeant
1115 560 1392 635 iterum
1435 572 1667 658 atque
1712 560 1989 635 iterum
2038 558 2455 656 spectanda
2498 558 2841 635 theatris.

459 716 512 757 ιο
549 684 849 782 Arguta
899 685 1298 761 meretrice
1353 698 1571 781 potes
1622 683 1998 783 Davoque
2052 684 2463 763 Chremeta

541 808 920 885 Eludente
969 835 1230 886 senem
1283 809 1521 885 comis
1575 809 1873 906 garrire
1924 809 2231 885 libellos

542 932 760 1011 Unus
811 936 1188 1031 vivorum,
1235 936 1626 1031 Fundani3
1680 934 1932 1011 Pollio
1985 960 2251 1033 regum

542 1056 779 1136 Facta
828 1060 1034 1135 canit
1080 1059 1282 1157 pede
1333 1071 1452 1135 ter
1493 1085 1890 1155 percuss03
1946 1060 2147 1135 forte
2195 1084 2380 1159 epos
2424 1082 2602 1134 acer

543 1182 647 1259 Ut
697 1209 923 1259 nemo
971 1184 1246 1259 Varius
1300 1185 1549 1279 ducit3
1603 1184 1839 1260 molle
1891 1198 2122 1284 atque
2174 1185 2511 1259 facetum

454 1338 506 1378 ω
540 1308 886 1407 Vergilio
941 1308 1376 1385 adnuerunt
1427 1308 1847 1407 gaudentes
1899 1333 2078 1383 rure
2132 1308 2540 1387 Camenae.

542 1434 716 1509 Hoc
768 1446 951 1531 erat,
1009 1446 1326 1534 experto
1371 1434 1659 1510 frustra
1711 1433 2066 1510 Varrone
2122 1432 2452 1509 Atacino

451 1572 461 1581 '
542 1558 802 1659 Atque
836 1558 1291 1658 quibusdam
1330 1558 1522 1655 aliis,
1571 1558 1843 1636 melius
1890 1558 2098 1658 quod
2134 1560 2470 1637 scribere
2514 1584 2847 1661 possem,

541 1682 956 1761 Inventore
1008 1685 1302 1779 minor3
1354 1709 1613 1785 neque
1671 1709 1816 1783 ego
1870 1684 1985 1758 illi
2039 1684 2444 1761 detrahere
2495 1685 2741 1759 ausim

544 1808 1016 1885 Haerentem
1074 1810 1303 1907 capiti
1359 1835 1531 1885 cum
1581 1809 1824 1886 multa
1872 1810 2104 1885 laude
2154 1835 2542 1886 coronam.

471 1968 522 2008 so
558 1934 667 2012 At
717 1936 881 2011 dixi
933 1936 1172 2011 fluere
1222 1936 1426 2011 hunc
1477 1934 1960 2033 lutulentum,
2006 1960 2236 2035 saepe
2286 1934 2663 2010 ferentem

445 2158 698 2213 continet
725 2160 791 2212 ιιι
813 2158 996 2213 simile
1017 2158 1254 2214 verbum
1273 2156 1596 2225 defensare.

447 2258 514 2269 --
557 2227 708 2299 aede]
759 2228 1096 2299 Porphyrio:
1157 2230 1253 2299 „in
1302 2228 1436 2284 aede
1474 2227 1598 2282 Mu-

443 2318 648 2366 sarum,
666 2301 764 2355 ubi
781 2306 982 2371 poetae
1005 2303 1253 2356 earmina
1275 2318 1376 2355 sua
1395 2300 1598 2354 recita-

443 2372 638 2427 bantf‘
691 2400 762 2437 ,-
825 2374 1030 2443 Tarpa]
1087 2376 1156 2427 A.
1203 2373 1266 2427 P.
1317 2373 1440 2425 387.
1503 2370 1596 2441 Sp.

444 2444 661 2498 Maecio
707 2443 928 2513 Tarpae
975 2462 1102 2499 cum
1148 2445 1272 2499 aliis
1330 2447 1599 2513 quattuor

445 2516 722 2570 iudicibus
769 2532 904 2571 cura
945 2517 1158 2570 tradita
1203 2520 1328 2570 crat
1383 2515 1599 2569 fabula·-

443 2604 571 2641 rum
611 2592 710 2641 aut
747 2588 1047 2641 mimorum
1083 2587 1599 2655 diiudicandorum3

446 2676 482 2713 a
526 2659 730 2728 quibus
778 2675 923 2728 quae
971 2676 1086 2712 non
1123 2664 1306 2713 essent
1337 2658 1595 2727 probata.

445 2730 506 2783 in
541 2746 798 2784 scaenam
833 2748 948 2784 non
985 2730 1399 2802 deferebantur.

515 2801 584 2854 V.
622 2802 711 2855 40.
757 2802 1018 2872 Davoque
1063 2801 1360 2869 Chremeta]
1399 2801 1601 2856 Perso-

444 2890 552 2927 nae
603 2890 672 2926 ex
722 2873 940 2928 Andria
985 2872 1348 2929 Terentiana:
1409 2872 1600 2927 Davus

445 2943 594 2999 servi
617 2962 820 2999 nomen
843 2951 944 3001 est.
983 2944 1218 3015 Scripsit
1253 2946 1432 3016 igitur
1448 2944 1597 2997 Fun-

446 3015 644 3069 danius
681 3016 1010 3071 comoedias.
1047 3017 1118 3071 cf.
1159 3016 1275 3071 Sat.
1311 3017 1383 3082 11,
1423 3019 1476 3084 8,
1517 3017 1599 3069 19.

447 3162 513 3213 ut
446 3089 717 3214 -σεὶῗὲῗ
727 3088 1014 3227 &Em-1³⁶
1023 3106 1196 3229 ‘’⁰¹32“
1221 3056 1601 3213 sgittis&

447 3234 552 3298 est,
619 3248 733 3286 non
803 3231 1093 3287 vocativus
1165 3248 1345 3301 neque
1422 3248 1600 3285 accus.

445 3303 594 3373 plur.
641 3318 806 3371 quem
851 3304 1047 3357 vident
1082 3302 1322 3373 Kriiger.
1360 3301 1601 3356 Fritsch.

447 3372 730 3429 Eckstein.
753 3374 978 3429 Miiller.
1019 3376 1123 3445 (ed.
1154 3378 1202 3427 2.
1211 3378 1258 3444 );
1295 3374 1444 3429 unde
1466 3373 1601 3428 scri·

447 3444 592 3501 bunt
623 3460 810 3501 comes.
848 3476 916 3487 —-
965 3446 1158 3518 Pollio]
1199 3446 1271 3501 cf.
1310 3445 1489 3500 Carm.
1527 3444 1601 3513 11,

452 3520 501 3579 Ι,
539 3518 589 3573 9.
664 3516 964 3573 Praeterea
991 3517 1376 3573 animadverte
1411 3521 1603 3586 aptam

447 3589 748 3644 verborum
813 3592 1169 3645 varietatem:
1233 3588 1453 3659 garrire
1513 3606 1603 3642 co-

446 3661 743 3729 moediam,
779 3678 978 3716 canere
1001 3660 1368 3731 tragoediam,
1399 3660 1603 3715 ducere

449 3732 608 3803 spica
648 3734 912 3788 carmina.
947 3734 1019 3788 cf
1056 3731 1236 3802 Epist.
1273 3732 1346 3801 ΙΙ,
1387 3735 1436 3799 1,
1475 3734 1601 3785 225.

451 3832 518 3843 -·
537 3804 716 3889 facta]
739 3804 1001 3872 nefanda,
1027 3804 1152 3859 dira
1179 3804 1329 3859 facta
1353 3803 1601 3871 heroum,

449 3893 592 3945 quae
645 3876 708 3930 in
759 3876 1066 3947 tragoediis
1157 3892 1340 3945 noque
1397 3874 1601 3929 descri-

448 3946 675 4002 buntur.
714 3949 984 4002 Attamen
1008 3894 1316 4010 Hor-{elium
1351 3964 1422 4001 ne
1459 3962 1603 4016 quae

450 4018 733 4088 epicorum
782 4024 966 4075 essent
1008 4018 1240 4091 tragicis
1286 4018 1602 4073 tribueren-

448 4093 560 4158 tur,
610 4090 849 4145 coniecit
888 4092 1017 4159 fata
1055 4108 1173 4147 esse
1217 4090 1603 4159 scribendum3

448 4160 656 4217 blande
698 4162 939 4231 quidem,
979 4163 1091 4229 sed,
1133 4167 1200 4217 ut
1233 4162 1478 4229 videtur,
1517 4162 1601 4214 ni-

447 4234 554 4287 mis
613 4242 793 4289 acute.
851 4262 919 4275 -
989 4204 1122 4304 pede
1181 4239 1264 4288 ter
1317 4231 1601 4303 percusso]

452 4304 803 4375 „Tragoedia
853 4306 1127 4361 trimetris
1181 4305 1434 4359 versibus
1485 4304 1603 4359 fere

449 4377 700 4431 texiturf
685 4378 718 4405 ‘⁴
783 4377 991 4432 Gomm.
1033 4378 1198 4446 (J.ruq
1264 4376 1331 4431 In
1367 4376 1603 4447 singulis

450 4446 696 4517 dipodiis
748 4449 891 4517 pede
943 4465 1204 4518 percusso
1255 4464 1518 4503 numerus
1571 4466 1606 4503 a

451 4518 684 4573 tibicine
705 4519 1078 4588 indicabatur,
1113 4521 1195 4573 ita
1229 4525 1294 4573 ut
1319 4520 1602 4589 percussio

454 4588 600 4645 idem
638 4589 714 4643 sit
748 4591 898 4659 quod
933 4592 1092 4655 ictus,
1126 4591 1358 4661 κροῦσις.
1397 4618 1464 4629 -
1515 4592 1604 4658 fa·

1689 2156 1883 2227 cetum]
1920 2154 2153 2225 Quintil.
2190 2156 2284 2225 VI,
2318 2158 2371 2226 9,
2411 2157 2505 2211 19:
2543 2154 2853 2225 „Facetum

1691 2244 1915 2297 quoque
1969 2245 2079 2282 non
2126 2232 2352 2283 tantum
2404 2229 2555 2283 circa
2610 2228 2853 2283 ridicula

1690 2300 2853 2455 3ξὲῃὲἶὶιζῖἲέἐεᾞὲοιῗῗῃὲαξιῗέἰεῶἔῖ-

1692 2460 1794 2497 nus
1835 2447 2038 2497 natura
2074 2460 2393 2499 concessum
2430 2459 2548 2497 esse
2578 2442 2853 2515 Vergilio.

1691 2514 1923 2569 Decoris
1964 2515 2108 2569 hanc
2141 2515 2322 2587 magis
2364 2520 2423 2569 et
2462 2514 2721 2569 excultae
2756 2532 2852 2569 cu·

1691 2586 1909 2640 iusdam
1945 2586 2255 2657 elegantiae
2277 2586 2715 2656 appellationem
2746 2604 2853 2656 pu-

1690 2662 1772 2712 to.
1807 2658 2049 2726 Ideoque
2086 2658 2146 2711 in
2186 2658 2438 2727 epistulis
2482 2656 2675 2712 Cicero
2712 2658 2855 2713 haec

1692 2730 1857 2783 Bruti
1916 2728 2093 2784 refert
2146 2730 2341 2784 verba.
2408 2729 2521 2784 »Ne
2574 2730 2661 2783 illi
2720 2734 2857 2783 sunt

1689 2801 1859 2871 pedes
1904 2801 2073 2855 faceti
2124 2817 2189 2856 ac
2240 2801 2455 2855 deliciis
2510 2799 2855 2872 ingredienti

1692 2874 1767 2943 (v.
1804 2871 2183 2943 ingrediendi)
2218 2873 2427 2928 molles.
2438 2892 2463 2922 ι
2524 2872 2686 2941 Quod
2724 2890 2855 2927 con-

1692 2946 1847 2999 venit
1894 2961 2023 2999 cum
2070 2943 2171 2998 illo
2208 2944 2520 2999 Horatiano
2566 2945 2720 2999 molle
2764 2950 2855 2999 at-

1694 3032 1793 3085 que
1857 3017 2093 3083 facetum
2166 3014 2456 3085 Verqv‘liof‘
2522 3044 2589 3055 -
2651 3015 2857 3071 adnue—

1692 3087 1847 3159 runt]
1891 3087 1974 3141 De
2012 3092 2273 3156 correpta
2308 3086 2521 3155 syllaba
2556 3085 2627 3142 cf.
2666 3086 2853 3157 Epod.

1694 3160 1746 3227 9,
1786 3161 1870 3212 17.
1941 3158 2120 3227 Epist.
2158 3158 2204 3227 Ι,
2238 3160 2291 3225 4,
2329 3160 2382 3214 7.
2438 3187 2509 3198 -
2578 3159 2851 3229 Varrone]

1694 3230 1960 3302 Atacino]
2023 3230 2084 3284 P.
2144 3230 2441 3285 Terentius
2514 3228 2720 3299 Varro,
2782 3231 2857 3284 ab

1694 3304 1873 3357 Atace
1901 3304 2072 3370 (nunc
2106 3302 2264 3358 Ande
2312 3301 2691 3357 Narbonensis
2718 3302 2856 3357 Gal-

1694 3375 1803 3429 liae
1840 3374 1895 3428 fl.
1933 3373 2204 3428 Atacinus
2278 3374 2440 3442 ictus,
2478 3391 2529 3428 a.
2567 3392 2623 3428 ιι.
2660 3392 2707 3429 c.
2746 3375 2855 3428 672

1696 3446 1889 3513 -717,
1946 3446 2017 3499 ad
2054 3445 2371 3515 exemplum
2419 3446 2706 3514 Apollonii
2741 3448 2855 3501 Ar-

1768 3517 2025 3590 nautica,
2082 3516 2283 3572 deinde
2336 3518 2567 3582 satiras,
2627 3518 2859 3589 elegias,

1693 3566 2239 3729 ...iffffitsszfft
2250 3560 2579 3730 “zffizssiff
2603 3589 2859 3716 ⁰52⁸&ss

1696 3732 1929 3800 Quintil.
1971 3732 2041 3801 X,
2082 3736 2129 3794 1,
2168 3734 2261 3786 87.
2324 3733 2628 3801 „Atacinus
2668 3731 2855 3787 Varro

1696 3805 1755 3858 in
1792 3805 1861 3858 iis
1896 3820 1999 3873 per
2037 3820 2179 3872 quae
2204 3773 2406 3858 nomnen
2436 3808 2521 3858 est
2545 3808 2855 3871 assecutus,

1696 3876 1973 3945 interpres
2028 3875 2213 3944 operis
2272 3875 2475 3943 alieni,
2528 3892 2643 3929 non
2700 3894 2729 3929 s
2770 3894 2857 3930 er·

1695 3949 1909 4002 nendus
1936 3946 2179 4016 quidem,
2206 3963 2400 4001 verum
2430 3946 2503 4000 ad
2540 3964 2719 4018 angen
2762 3965 2859 4001 am

1698 4019 2023 4073 facultatem
2052 4018 2275 4073 dicendi
2311 4034 2511 4087 pamm
2552 4018 2857 4087 locuples!

1700 4120 1767 4130 —-
1823 4091 2147 4160 quibusdam
2216 4089 2363 4159 aliis]
2418 4090 2705 4145 Incertum
2768 4095 2859 4144 est

1699 4180 1835 4231 quos
1876 4162 2235 4230 indicaverit;
2272 4161 2477 4216 scimus
2502 4168 2693 4216 tamen
2723 4161 2855 4217 Sae-

1696 4235 1850 4288 vium
1896 4234 2141 4302 aliquem
2176 4234 2532 4297 Nicanorem,
2576 4232 2640 4287 Τ.
2678 4232 2857 4300 Quin·

1697 4307 1839 4360 tium
1877 4306 2075 4360 Attam
2112 4305 2317 4375 (Epist.
2349 4304 2420 4369 ΙΙ,
2465 4308 2513 4373 1,
2552 4306 2665 4374 79),
2710 4304 2854 4360 alios

1696 4376 1896 4431 satiras
1945 4378 2245 4447 scripsisse.
2302 4406 2370 4417 —-
2428 4376 2707 4433 inventore
2753 4377 2855 4430 mi-

1696 4446 1823 4517 nor]
1881 4446 2162 4502 Lucilium
2226 4448 2580 4503 inventorem
2636 4448 2857 4503 satirici

1696 4521 1915 4589 generis
1952 4520 2067 4575 dici
2107 4520 2312 4575 docent
2355 4537 2421 4575 ea
2457 4537 2599 4589 quae
2636 4520 2851 4575 addun-

1695 4596 1810 4644 tur.
1886 4590 1956 4646 cf.
2018 4590 2133 4647 Sat.
2191 4590 2246 4646 11
2313 4594 2359 4660 1,
2414 4593 2601 4661 62sq.
2661 4593 2855 4662 usq.
