3092 5059
372 224 494 289 118

1343 220 1803 289 CARMINUM

772 410 1072 487 Crescit
1119 409 1529 509 indulgens
1584 408 1730 484 sibi
1777 408 1989 484 dirus
2040 408 2386 508 hydrops

764 534 926 609 Nee
966 534 1174 609 sitim
1224 532 1466 631 pellit,
1520 531 1671 607 nisi
1728 556 1955 607 eausa
1999 532 2251 606 morbi

695 691 740 731 ιι
775 658 1096 757 Fugerit
1149 656 1359 731 venis
1411 669 1483 731 et
1527 681 1861 754 aquosus
1912 656 2092 731 albo

971 784 1318 878 Corpore
1370 781 1723 877 languor.

769 931 1190 1009 Redditum
1243 930 1428 1030 Cyri
1481 930 1675 1006 solio
1730 928 2113 1006 Prahaten

767 1058 1162 1133 Dissidens
1212 1056 1426 1153 plebi
1476 1080 1800 1130 numero
1855 1056 2255 1131 beatorum

766 1178 1050 1258 Essimit
1095 1182 1334 1255 virtus
1387 1180 1923 1280 populumque
1976 1180 2190 1255 falsis

684 1340 736 1381 so
968 1306 1313 1381 Dedocet
1355 1304 1467 1379 uti

771 1457 1138 1553 Vocibus,
1194 1482 1520 1553 regnum
1575 1468 1651 1529 et
1703 1454 2061 1531 diadema
2112 1468 2359 1531 tutum

772 1583 1143 1697 Deferens
1197 1582 1332 1657 uni
1380 1583 1935 1681 propriamque
1987 1582 2313 1678 laurum,

381 1786 425 1853 Ι,
463 1786 515 1848 2,
557 1786 644 1839 29.
717 1784 924 1838 Poetae
983 1798 1094 1850 quo
1151 1780 1356 1834 clarius
1409 1797 1529 1833 rem

379 1856 719 1922 describant,
755 1854 1024 1923 exemplis
1062 1853 1243 1906 solent
1280 1852 1395 1919 uti3
1444 1856 1526 1906 at-

376 1946 484 1998 que
521 1928 583 1982 id
618 1928 700 1982 ita
738 1943 957 1995 quoque
1001 1923 1086 1993 fit,
1123 1928 1187 1977 ut
1224 1940 1352 1977 cum
1389 1924 1526 1977 alte-

376 2017 497 2055 ram
560 2004 782 2068 partem
843 1996 1150 2051 sententiae
1213 1995 1526 2078 simplicem

373 2071 1527 2210 ἓῇῗθὲἒῷἷξίῗζῗῖἕῗέἓῖιἓξὲξῗίἳῖὲ

371 2214 586 2269 factum
627 2214 784 2269 vides
827 2217 884 2267 et
923 2210 1102 2266 Carm.
1127 2210 1201 2278 11,
1231 2212 1314 2279 10,
1346 2214 1378 2264 5
1400 2228 1521 2279 sqq.

370 2287 672 2341 Praeterea
697 2288 888 2339 autem
913 2281 1295 2338 animadverte
1325 2282 1522 2351 ampli-

371 2356 705 2419 ficationem,
746 2356 799 2410 si
833 2356 960 2409 Lib.
998 2358 1185 2407 remot.
1221 2352 1366 2407 Gad.
1398 2355 1521 2408 iun-

372 2444 474 2499 9as
519 2434 567 2484 et
607 2434 836 2497 uterque
875 2426 1032 2481 Poen.
1079 2440 1210 2480 εον-υ.
1249 2426 1375 2494 uni;
1435 2442 1522 2480 ea-

374 2501 502 2556 dem
537 2518 626 2555 res
665 2518 732 2554 ex
771 2496 1006 2552 diversis
1052 2496 1310 2566 partibus
1351 2497 1523 2551 collu-

373 2575 555 2627 strata
614 2572 862 2626 animum
921 2568 1102 2639 magis
1159 2572 1366 2622 movet.
1459 2568 1524 2623 In

374 2661 485 2713 quo
512 2645 636 2698 loco
661 2648 712 2697 et
733 2646 881 2711 part.
908 2640 1324 2696 consecutivam
1353 2658 1524 2709 quam

373 2714 609 2770 dicimus
638 2714 965 2769 facultatem
1000 2716 1164 2765 nacta
1200 2715 1311 2780 est3
1349 2729 1524 2781 quare

373 2804 542 2857 prosa
578 2786 762 2841 oratio
799 2784 901 2838 sict
953 2783 1036 2851 „si
1069 2782 1307 2851 Libyam
1345 2800 1522 2837 remo-

375 2860 449 2912 tis
486 2858 734 2913 Gadibus
785 2857 1002 2925 iungas,
1049 2855 1137 2909 ita
1182 2859 1244 2908 ut
1279 2854 1523 2909 Kartha-

373 2930 653 3001 ginienses
689 2931 748 2983 et
783 2926 1178 2996 Hispanienses
1206 2926 1382 2980 Poeni
1415 2927 1522 2981 tibi

375 3002 474 3056 uni
524 2999 825 3056 serviant.“
899 2997 1192 3067 Karthago
1247 2998 1525 3053 ditissima

375 3074 510 3128 olim
536 3073 672 3127 urbs
709 3071 821 3126 fuit
855 3074 1091 3139 propter
1129 3074 1523 3138 mercaturam,

374 3145 572 3201 Africa
610 3145 731 3215 ipsa
769 3141 1114 3197 feracissima
1151 3140 1397 3211 frugum.
1431 3141 1522 3196 de-

373 3217 505 3271 inde
531 3216 803 3286 Hispania
835 3212 1192 3269 metallorum
1215 3213 1415 3281 opibus
1440 3230 1523 3268 ce·

375 3289 617 3356 lebrata3
653 3287 985 3343 coniunctae
1010 3284 1319 3338 avidissimi
1345 3284 1522 3339 homi-

373 3361 460 3415 nis
497 3360 748 3416 animum
776 3358 1001 3427 explere
1035 3360 1317 3425 poterant.
1359 3356 1527 3412 Gadi-

374 3432 495 3486 tani
533 3450 568 3485 a
591 3430 778 3499 Tyriis
815 3428 1028 3483 conditi
1065 3432 1213 3487 sunt,
1252 3429 1398 3483 aliae
1435 3448 1524 3483 co-

375 3504 562 3557 loniae
616 3522 650 3557 a
696 3499 1262 3571 Karthaginiensibus
1322 3500 1381 3553 in
1425 3501 1522 3555 Hi-

375 3574 628 3643 spaniam
651 3572 946 3639 deduetae.
978 3570 1122 3625 Plin.
1142 3571 1210 3625 N.
1235 3570 1303 3624 H.
1331 3571 1432 3639 111,
1463 3576 1518 3627 1:

381 3645 584 3714 „Oram
617 3662 743 3699 eam
780 3644 1097 3698 universam
1135 3643 1371 3712 originis
1393 3644 1524 3698 Poe·

377 3733 570 3771 norum
607 3716 954 3771 existimavit
989 3714 1066 3768 M.
1110 3714 1383 3784 Agrippa.
1457 3715 1523 3769 In

379 3788 698 3842 universam
733 3787 1064 3855 Hispaniam
1089 3784 1166 3839 Μ.
1193 3785 1375 3840 Varro
1400 3804 1524 3855 per·

379 3860 596 3915 venisse
613 3858 849 3913 Hiberos
887 3864 944 3912 et
966 3856 1164 3911 Persas
1203 3862 1262 3911 et
1288 3856 1524 3913 Phoeni-

378 3948 467 3987 ces
508 3931 799 3999 Celtasque
833 3934 892 3983 et
914 3928 1118 3983 Poenos
1155 3929 1386 3983 tradit.“
1433 3929 1525 3984 Se·

376 4019 495 4058 nec.
523 4003 742 4058 Consol.
776 4002 848 4055 ad
878 4000 1038 4055 Helv.
1062 4003 1119 4054 6:
1162 4000 1350 4069 „Tyrii
1370 4001 1522 4055 Afri·

380 4092 504 4130 cam
518 4075 786 4139 incolunt,
797 4071 1325 4141 Poem'Hispaniam.
1335 4072 1360 4100 ‘⁴
1378 4072 1526 4128 Tuta

379 4147 557 4218 igitur
599 4150 682 4200 est
717 4144 878 4200 codd.
917 4144 1222 4198 auctoritas
1267 4160 1370 4198 nec
1405 4150 1524 4199 ten·

381 4218 553 4273 tanda
615 4215 951 4272 coniecturis
1023 4220 1248 4283 uterque
1301 4221 1524 4284 pontus,

381 4296 602 4358 uterque
639 4289 905 4352 Phoebus,
947 4290 1170 4355 uterque
1200 4286 1347 4353 finis.

451 4360 517 4415 V.
558 4363 640 4415 13.
719 4357 1044 4429 „Cupiditas
1091 4357 1238 4411 enim
1293 4358 1352 4413 in
1405 4358 1526 4414 dies

383 4432 585 4488 crescit
623 4449 805 4500 neque
843 4446 1091 4497 unquam
1137 4430 1525 4501 restinguitur,

383 4509 460 4571 et,
505 4503 656 4572 quod
703 4506 788 4557 est
832 4500 1237 4570 turpissimum,
1277 4518 1388 4570 quo
1429 4503 1526 4557 du-

385 4575 481 4640 cit,
524 4574 585 4630 id
617 4590 690 4629 ne
725 4574 934 4629 bonum
961 4570 1188 4642 quidem
1224 4579 1310 4630 est
1342 4575 1530 4629 vere.“

1632 1780 1725 1835 Sic
1778 1782 2081 1837 cohaerent
2136 1799 2279 1852 quae
2333 1786 2659 1851 sequuntur.
2710 1812 2785 1823 --

1630 1852 1941 1924 indulyens]
1990 1853 2357 1925 indulgend03
2406 1854 2501 1923 qui
2548 1853 2785 1923 partici-

1628 1926 2357 2068 023
2394 1926 2783 2052 ..tm

1630 2070 1672 2135 1,
1722 2070 1828 2121 215
1878 2086 1985 2137 sq.:
2056 2070 2185 2137 „Sic
2244 2068 2447 2137 quibus
2508 2068 2787 2123 intumuit

1628 2140 1839 2195 suffusa
1884 2144 2081 2195 venter
2135 2141 2207 2196 ab
2266 2140 2436 2208 unda,
2484 2139 2605 2208 Quo
2651 2140 2783 2209 plus

1626 2216 1759 2266 sunt
1813 2217 1999 2282 potae,
2052 2212 2181 2283 plus
2229 2212 2501 2266 sitiuntur
2547 2212 2784 2281 aquae.“

1626 2284 1699 2338 cf.
1740 2284 1922 2353 Epist.
1974 2284 2045 2347 11,
2086 2286 2139 2349 2,
2184 2285 2302 2338 147.
2362 2312 2429 2323 -
2482 2282 2655 2352 venis]
2710 2283 2787 2339 de

1626 2356 1830 2411 intima
1864 2360 2030 2424 parte
2069 2356 2339 2425 cuiusque
2372 2355 2475 2409 rei.
2527 2355 2640 2409 Cic.
2680 2355 2783 2409 Ca-

1625 2427 1714 2482 til.
1750 2426 1796 2494 1,
1838 2430 1923 2495 13,
1960 2428 2167 2481 31.·—
2220 2426 2345 2483 albo
2390 2426 2635 2497 corpore]
2682 2426 2782 2481 ad-

1626 2499 1893 2553 iectivum
1949 2498 2331 2565 προληπῐικῶς
2389 2498 2654 2568 positum.
2714 2527 2783 2538 —

1630 2570 1933 2712 Prahaten}
1986 2570 2129 2625 Vide
2178 2570 2253 2625 ad
2288 2570 2465 2625 Carm.
2503 2571 2549 2635 1,
2588 2572 2674 2624 26.
2710 2598 2787 2609 -

1626 2642 1905 2697 beatorum
1972 2642 2181 2710 „Recte
2216 2641 2335 2697 sine
2359 2642 2535 2696 dubio
2558 2659 2591 2697 e
2614 2640 2783 2696 eodd.

1626 2719 1915 2797 receptum
1951 2718 2035 2769 est
2051 2714 2362 2798 'beator-m,
2400 2730 2505 2783 pro
2542 2714 2783 2780 bemus,

1625 2803 1782 2911 {¹²:2⁸
1812 2790 2065 2911 {3133
2078 2784 2602 2927 efflatas*
2610 2801 2779 2911 .'..···¹.'1·.

1625 2930 1781 2999 gium
1816 2929 1951 2982 est.“
2006 2928 2335 2983 Meinekius.
2392 2956 2459 2967 —-
2510 2926 2785 2983 dissidas

1620 2999 1789 3071 plebi]
1828 2998 2017 3055 Verba
2052 2999 2363 3070 pugnandi,
2398 2999 2671 3065 certandi,
2709 2999 2781 3053 si·

1626 3071 1785 3127 milia
1820 3088 1919 3125 cur
1957 3090 1991 3127 a
2025 3072 2209 3142 poetis
2246 3088 2411 3140 saepe
2434 3088 2562 3126 cum
2587 3070 2783 3125 dativo

1628 3144 2041 3214 coniungantur
2082 3144 2289 3207 (Garm.
2326 3142 2399 3210 11,
2436 3144 2489 3211 6,
2532 3146 2614 3195 15.
2660 3140 2779 3197 Sat.

1628 3216 1738 3283 1,2,
1764 3216 1848 3268 78.
1878 3214 2041 3270 Ovid.
2070 3215 2207 3269 Met.
2226 3215 2273 3282 1,
2300 3215 2401 3283 19),
2426 3214 2781 3284 intellegitur

1628 3304 1697 3341 ex
1722 3288 1789 3340 iis
1810 3304 1953 3355 quae
1978 3304 2149 3357 supra
2173 3287 2385 3355 scripta
2403 3290 2536 3340 sunt
2554 3286 2626 3339 ad
2648 3303 2701 3339 v.
2728 3286 2783 3341 6.

1630 3358 1699 3413 cf.
1738 3358 1812 3412 ad
1834 3359 2015 3413 Carm.
2037 3359 2081 3425 1,
2109 3362 2159 3425 8,
2186 3360 2270 3412 13.
2295 3386 2365 3397 -
2390 3357 2633 3426 vocibus]
2658 3357 2781 3425 qui·

1627 3429 1731 3485 bus
1754 3431 1998 3499 populus
2015 3430 2301 3485 Prahaten
2326 3434 2386 3483 et
2416 3428 2625 3484 similes
2652 3428 2779 3484 bea·

1627 3505 1714 3556 tos
1750 3502 2056 3571 praedicat.
2096 3502 2165 3556 cf.
2190 3500 2305 3556 Sat.
2326 3501 2371 3566 Ι,
2395 3503 2443 3569 1,
2464 3501 2551 3554 65.
2590 3530 2656 3540 —
2694 3516 2777 3555 re-

1626 3572 1811 3643 ynum]
1850 3573 1922 3628 cf.
1962 3572 2151 3629 Senee.
2188 3572 2413 3642 Thyest.
2452 3572 2581 3625 388:
2623 3570 2781 3639 „Rex

1628 3647 1729 3711 est,
1754 3646 1851 3713 qui
1878 3646 2081 3701 metuit
2101 3644 2265 3713 nihil,
2290 3644 2407 3698 Rex
2440 3648 2543 3711 est,
2562 3644 2661 3713 qui
2686 3661 2778 3698 eu-

1627 3716 1749 3785 piet
1772 3716 1944 3784 nihil;
1982 3716 2137 3771 Mens
2162 3733 2401 3787 regnum
2424 3716 2574 3770 bona
2606 3714 2783 3783 possi·

1628 3788 1742 3854 det,
1780 3787 1901 3842 Hoc
1933 3805 2168 3857 regnum
2205 3787 2315 3841 sibi
2350 3787 2587 3855 quisque
2625 3786 2775 3841 dat.“
2830 3836 2839 3845 .

1632 3888 1697 3898 —
1742 3859 2055 3929 propriam]
2112 3864 2459 3929 perpetuam.
2536 3857 2651 3912 Sat.
2706 3858 2781 3926 11,

1630 3932 1679 3992 s,
1730 3932 1780 3984 5.
1854 3930 2035 3999 Epist.
2088 3931 2132 3999 1,
2182 3933 2267 3999 17,
2319 3932 2369 3983 5.
2443 3929 2517 3997 11,
2567 3930 2620 3996 2,
2660 3931 2779 3985 172.

1631 4030 1697 4041 --
1735 4000 1976 4071 laurum]
2018 4002 2281 4070 quoniam
2320 4002 2490 4055 etiam
2518 4000 2589 4054 de
2627 4001 2781 4071 cupi·

1630 4072 1904 4128 ditatibus
1940 4074 2341 4143 triumphat-ur.
2380 4101 2446 4111 -
2493 4072 2780 4142 irs-storto]

1630 4144 1858 4214 Sapiens
1919 4145 2147 4199 divitias
2223 4144 2495 4200 maximas
2552 4143 2781 4213 placido

1630 4216 1814 4270 animo
1859 4217 2171 4286 praeterire
2222 4221 2280 4271 et
2336 4215 2419 4269 ita
2466 4219 2653 4283 potest
2698 4216 2781 4269 vi-

1630 4288 1780 4355 dere,
1825 4292 1891 4342 ut
1939 4306 2008 4343 ne
2058 4289 2281 4343 oculum
2330 4286 2555 4356 quidem
2602 4290 2783 4341 retor-

1632 4364 1819 4428 queat.
1894 4359 1965 4413 cf.
2006 4360 2116 4414 Cic.
2159 4360 2280 4415 Cat.
2318 4359 2391 4421 11,
2431 4360 2481 4425 1,
2518 4359 2567 4411 2.
2632 4357 2783 4413 Plat.

1631 4432 1701 4485 de
1737 4431 1845 4500 leg.
1884 4430 1983 4495 IX,
2022 4433 2145 4485 854.
2185 4431 2227 4486 C
2280 4428 2409 4501 ,τὰς
2452 4430 2563 4483 τῶν
2596 4431 2789 4485 κακῶν

1630 4504 1911 4562 ξυνουσίας
1964 4503 2139 4573 φεῦγε
2192 4498 2783 4569 sacraemnta!

1635 4602 1700 4613 ——
1739 4573 1976 4644 ammos]
2014 4574 2157 4629 auri.
2236 4574 2351 4629 Sat.
2388 4574 2433 4643 Ι,
2477 4576 2525 4643 1,
2561 4574 2651 4626 44.
