3092 5059
1197 278 1649 345 EDITIONIS
1693 280 1774 344 II.
2620 306 2682 341 xx

277 480 416 543 etc.
542 466 824 542 Levius
894 466 1102 566 quod
1181 466 1432 542 existit
1505 464 1988 565 hyperbaton
2068 465 2675 560 constructionis,

283 590 664 667 sententia
726 592 1180 689 interposita
1239 604 1309 668 et
1345 598 1685 695 pretium
1744 596 1995 669 dicere
2042 596 2393 687 muneris,
2446 590 2681 665 facile

279 712 725 792 defenditur
793 716 1176 792 similibus
1226 717 1454 791 locis:
1523 716 1587 791 Ι.
1641 715 1790 793 Od.
1846 720 1912 815 1,
1970 716 2194 792 3-7,
2242 715 2349 792 II.
2402 715 2553 792 Sat.
2608 717 2675 811 2,

216 916 226 925 ,
281 842 598 915 27-29,
696 840 955 917 Aliam
1023 841 1246 917 huius
1313 844 1544 918 totius
1613 843 1771 918 loci
1824 870 1921 919 ex
1974 843 2413 919 coniectura
2465 842 2679 916 resti-

278 966 646 1041 tutionem
679 965 888 1043 idem
922 968 1040 1041 vir
1081 968 1348 1043 excell.
1401 969 1803 1043 nobiscum
1852 994 1997 1067 per
2047 968 2335 1042 litteras
2381 965 2680 1041 subtilis

283 1090 684 1167 doctrinae
745 1090 1015 1191 plenas
1083 1094 1695 1189 communicavit,
1773 1118 2001 1193 quam
2056 1093 2121 1167 si
2170 1118 2311 1192 per
2362 1117 2534 1167 eum
2586 1091 2680 1166 li-

271 1216 546 1312 cuerit,
613 1216 793 1291 data
865 1219 1270 1294 occasione
1319 1214 1891 1316 vulgabimus.“
2029 1218 2247 1293 Haec
2290 1216 2461 1313 ille3
2532 1240 2681 1314 ego

281 1366 491 1437 vero,
546 1342 614 1416 si
661 1340 846 1418 licet
903 1354 1170 1431 contra
1215 1351 1428 1415 tanta
1478 1342 1797 1416 nomina
1860 1364 2115 1416 meam
2187 1339 2682 1435 interponere

271 1467 760 1560 sententiam,
832 1480 919 1542 ut
983 1465 1279 1541 nullam
1349 1466 1664 1540 omnino
1716 1465 1925 1565 apud
1980 1464 2391 1541 Horatium
2444 1465 2681 1539 inter-

283 1590 756 1690 polationem
805 1603 1111 1689 praeter
1181 1603 1353 1665 octo
1422 1590 1599 1665 illos
1672 1616 1935 1667 versus
2006 1591 2351 1667 decimae
2404 1589 2685 1665 satirae

281 1716 764 1816 praepositos
815 1740 1176 1814 agnosce,
1221 1716 1332 1791 sic
1383 1742 1481 1791 ne
1537 1715 1721 1790 huic
1776 1717 2090 1816 quidem
2142 1714 2685 1791 subtilissimae

283 1841 866 1938 transpositioni
933 1843 1160 1916 faveo
1229 1866 1402 1917 cum
1465 1842 1715 1940 iisque
1783 1842 2037 1939 potius
2090 1840 2314 1937 faci0,
2396 1840 2550 1937 qui,
2617 1841 2682 1916 si

287 1966 476 2065 quid
519 1990 674 2041 non
707 1967 905 2043 bene
955 1967 1324 2064 scriptum
1373 1968 1585 2066 apud
1621 1966 2033 2043 Horatium
2078 1967 2482 2065 reperitur,
2522 1964 2680 2039 cul-

283 2116 466 2191 pam
514 2118 670 2166 non
743 2092 1286 2189 grammaticis,
1353 2118 1506 2166 non
1562 2092 1856 2188 scribis,
1912 2118 2067 2167 non
2122 2090 2408 2200 ineptis,
2455 2091 2679 2166 mise-

284 2220 546 2318 risque
571 2218 970 2295 monachis
1003 2220 1434 2319 iniungunt,
1480 2220 1619 2296 sed
1656 2232 1789 2295 aut
1826 2220 1975 2317 ipsi
2010 2231 2287 2320 poetae
2333 2260 2401 2271 --
2450 2242 2680 2316 quem

283 2342 669 2421 interdum
726 2343 953 2421 etiam
1002 2344 1455 2420 dormitasse
1501 2370 1639 2419 cur
1688 2368 1843 2419 non
1896 2344 2349 2419 credamus?
2402 2382 2501 2395 —-
2550 2354 2683 2417 aut

285 2482 594 2546 nostrae
645 2494 915 2565 parum
971 2483 1224 2545 rectae
1266 2470 1842 2569 intellegentiae
1892 2468 2017 2545 vel
2050 2468 2357 2544 diverso
2413 2468 2511 2543 de
2566 2481 2677 2543 ta-

289 2593 496 2670 libus
555 2595 786 2669 rebus
853 2593 1162 2669 iudicio.
1263 2592 1482 2671 Idem
1546 2595 1895 2671 iudicare
1954 2595 2191 2670 'etiam
2260 2595 2683 2673 Steinerum

286 2718 511 2794 video
564 2744 641 2818 p.
695 2725 742 2794 5
783 2744 898 2818 sq.
957 2724 1072 2795 11.
1131 2723 1224 2793 12
1261 2746 1416 2820 sq.3
1488 2746 1932 2819 quanquam
2008 2744 2205 2820 quae
2272 2720 2481 2795 idem
2558 2719 2683 2793 vir

287 2842 768 2919 doctissimus
803 2843 903 2919 de
931 2844 1389 2940 explicando
1424 2844 1561 2919 illo
1603 2846 1945 2921 carmine
1987 2847 2233 2944 magis
2274 2844 2684 2921 artificiose

287 2994 518 3067 quam
570 2970 738 3044 veri
790 2969 1140 3044 similiter
1190 2969 1470 3065 statuit,
1525 2996 1777 3045 meam
1820 2970 2135 3068 quidem
2188 2970 2681 3067 approbatio-

283 3120 458 3171 nem
495 3118 653 3168 non
687 3093 998 3169 habent.
1055 3092 1184 3169 Sic
1235 3096 1440 3170 enim
1493 3093 1799 3192 scripsit
1847 3120 1923 3195 p.
1952 3100 2028 3169 9:
2084 3096 2681 3191 „sententiarum

285 3244 526 3293 nexus
599 3218 956 3314 ostendit,
1028 3219 1276 3294 verbis
1341 3220 1497 3295 illis
1564 3224 1832 3298 celeres
1864 3221 2113 3325 fuyae
2164 3232 2305 3295 etc.
2356 3245 2512 3293 non
2542 3219 2681 3323 *fu-

285 3366 458 3438 gam
511 3342 760 3439 ipsam
810 3342 948 3417 sed
1016 3343 1280 3440 fugam
1339 3367 1727 3419 marmore
1784 3368 2224 3441 expressam
2278 3342 2681 3418 declarari.

281 3466 557 3566 Itaque
606 3467 746 3543 illa
789 3478 1042 3544 'aetate
1094 3467 1480 3565 Scipionis
1533 3475 1855 3546 maioris
1904 3480 2485 3545 monumentum
2531 3469 2681 3542 Ro-

284 3617 455 3667 mae
519 3592 758 3667 fuisse
823 3605 1098 3689 statuo,
1167 3595 1247 3670 in
1319 3576 1504 3693 quo·
1533 3594 1735 3670 cives
1806 3606 1881 3669 et
1928 3594 2183 3690 ipsum
2234 3593 2685 3693 spectabant

287 3714 552 3793 ducem
625 3719 1028 3816 egregium
1097 3744 1486 3795 marmore
1555 3719 1895 3795 effictum
1953 3715 2054 3818 (v,
2115 3716 2237 3815 14)
2292 3731 2370 3794 et
2416 3742 2538 3794 res
2588 3718 2682 3794 il·

283 3840 432 3917 lius
482 3843 920 3940 praec-laras
973 3844 1136 3919 sive
1186 3866 1573 3919 marmore
1622 3845 1783 3920 sive
1820 3844 2065 3919 aereis
2118 3844 2493 3919 columnis
2548 3846 2681 3935 (cf.

285 3965 677 4075 Lamprid.
742 3966 972 4044 Alex.
1033 3968 1294 4045 Sever.
1361 3996 1423 4044 c.
1489 3964 1616 4067 28)
1678 3982 2318 4069 repraesentatas:
2392 3968 2681 4046 celeres

285 4092 716 4168 Poenorum
787 4119 876 4170 ex
931 4094 1154 4170 Italia
1223 4095 1447 4193 fugas
1520 4094 2139 4194 Hannibalisque
2210 4095 2682 4194 nequiquam

285 4219 798 4294 minitabundi
873 4234 1106 4319 atque
1175 4221 1560 4317 Scipionis
1632 4221 1906 4296 ultoris
1966 4222 2049 4295 in
2111 4221 2460 4295 Africam
2527 4233 2679 4296 tra-

283 4341 692 4418 iectionem
751 4341 850 4441 (v.
911 4341 1072 4443 16);
1137 4346 1493 4421 incendia
1556 4358 1980 4421 castrorum
2033 4346 2546 4422 Hasdrubalis
2608 4357 2683 4421 et

287 4462 659 4565 Syphacis
712 4466 910 4559 (Liv.
964 4472 1084 4569 30,
1139 4472 1210 4546 5.
1265 4474 1332 4549 6.
1409 4470 1615 4545 Flor.
1672 4475 1739 4569 2,
1798 4476 1897 4570 6),
1950 4471 2312 4549 incendia
2360 4472 2675 4547 navium

284 4589 1052 4690 Karthaginiensium
1086 4592 1286 4694 (Liv.
1304 4600 1426 4691 40,
1457 4592 1615 4693 43),
1655 4596 2097 4699 Scipionem
2139 4596 2429 4674 domita
2470 4596 2679 4695 apud
