3092 5059
1015 221 1175 288 LIB.
1211 222 1330 288 ΠΙ.
1377 220 1629 287 GARM.
1674 221 1725 287 I.
1769 220 1847 287 ΙΙ.

2488 218 2605 283 167

616 408 961 487 Sublime
1009 409 1163 484 ritu
1215 407 1492 485 moliar
1543 410 1825 485 atrium
1844 410 1882 482 ‘f

715 533 874 612 Cur
926 533 1130 611 valle
1179 548 1613 632 permutem
1661 532 1945 611 Sabina

812 661 1138 739 Divitias
1190 660 1718 760 operosiores?

1133 980 1514 1067 OARMEN
1575 978 1679 1063 H.

615 1148 1048 1247 Angustam
1100 1149 1345 1221 amice
1390 1142 1839 1245 pauperiem
1893 1143 2053 1242 pati

616 1273 998 1347 Robustus
1053 1272 1215 1346 acri
1264 1270 1536 1345 militia
1580 1294 1772 1369 puer

721 1396 1136 1474 Condiseat
1187 1409 1267 1471 et
1311 1394 1629 1470 Parthos
1682 1393 1981 1467 feroces
2080 1458 2085 1461 .

809 1522 1058 1598 Vexet
1101 1546 1336 1621 eques
1388 1518 1843 1596 metuendus
1894 1517 2111 1591 hasta

559 1702 586 1743 ις
629 1671 1046 1770 Vitamque
1093 1670 1235 1745 sub
1289 1668 1468 1743 divo
1518 1638 1595 1742 et
1644 1664 1964 1766 trepidis
2015 1677 2195 1763 agat

201 1862 452 1931 exotica;
511 1862 597 1917 sic
647 1862 792 1915 enim
843 1860 1252 1930 appellavere!
1296 1889 1369 1901 ——-

201 1933 551 2003 invidendis]
604 1932 673 1987 cf.
722 1932 904 1988 Carm.
953 1932 1025 1999 II,
1077 1934 1160 1999 10,
1209 1934 1260 1985 ’1.
1301 1960 1362 1971 —-

203 2005 434 2075 atrium]
501 2004 717 2075 Magna
777 2008 834 2058 et
892 2003 1186 2073 splendida
1237 2020 1370 2072 pars

208 2076 448 2141 sedium,
490 2094 640 2147 quae
675 2092 852 2145 prope
888 2075 959 2129 sd
995 2075 1222 2129 ianuam
1260 2076 1370 2129 sita

207 2148 520 2217 splendidis
605 2148 876 2202 columnis
949 2145 1370 2215 parietibusque

205 2219 396 2273 ornari
436 2220 664 2275 solebat
699 2218 772 2273 ad
809 2218 1163 2287 excipiendos
1202 2219 1368 2273 clien—

209 2294 306 2359 tes,
365 2292 466 2359 qui
526 2291 604 2346 ad
657 2290 1011 2346 salutandum
1065 2294 1369 2359 patronum

210 2363 595 2417 convenirent.
634 2361 814 2431 Epist.
852 2361 898 2429 I,
933 2362 984 2429 5,
1023 2362 1108 2415 31.
1149 2391 1213 2400 —
1243 2377 1366 2430 per-

208 2439 396 2489 mutem
433 2435 574 2490 vide
611 2433 684 2487 ad
724 2432 903 2487 Carm.
943 2432 987 2501 I,
1029 2435 1116 2501 17,
1154 2434 1207 2487 2.

597 2547 882 2601 Carmen
917 2546 986 2600 11.

279 2644 438 2712 Quod
477 2644 558 2699 ad
591 2642 846 2712 superius
874 2658 1098 2697 carmen
1135 2643 1366 2699 adnota-

213 2718 327 2771 tum
375 2720 481 2785 est,
530 2720 662 2771 arto
714 2713 956 2783 quodam
1000 2715 1224 2769 vinculo
1271 2732 1367 2771 sex

213 2788 455 2843 carmina
515 2787 824 2842 coniuncta
869 2786 1066 2847 teneri.
1125 2786 1185 2840 id
1237 2786 1368 2841 inde

217 2876 428 2927 quoque
461 2860 879 2913 incrementum
914 2858 1172 2912 veritatis
1199 2858 1370 2927 capit,

219 2930 358 2997 quod
405 2930 516 2985 hoc
563 2929 806 2983 alterum
854 2928 1086 2998 proprio
1124 2929 1368 2997 quodam

217 3000 367 3055 aditu
401 3019 520 3056 non
561 3001 834 3069 aperitur,
870 3000 966 3054 sed
992 3018 1030 3055 a
1049 3000 1232 3069 primo
1257 3006 1367 3055 sta-

219 3071 313 3125 tim
350 3090 520 3127 versu
561 3072 848 3126 doctrinas
884 3071 952 3125 de
1003 3072 1369 3141 reciperanda

221 3142 391 3198 salute
425 3144 656 3214 patriae
690 3142 998 3213 producere
1035 3144 1240 3214 pergit.
1277 3142 1394 3199 Ex‘

220 3213 283 3266 iis
335 3232 478 3283 quae
533 3216 721 3285 primo
779 3215 1026 3269 carmine
1059 3216 1368 3339 *proposita

222 3291 342 3339 sunt
375 3288 444 3341 de
483 3286 663 3342 animi
687 3287 1034 3341 continentia
1085 3286 1214 3341 acili
1236 3303 1366 3355 pro-

222 3358 499 3424 gressione
563 3357 826 3425 efficitur,
894 3376 1038 3427 quae
1097 3358 1174 3411 sit
1232 3376 1368 3413 vera

225 3434 529 3497 paupertas.
572 3428 674 3484 Cui
699 3429 925 3498 quidem
957 3430 1366 3485 restituendum

225 3514 332 3553 csse
371 3501 646 3556 honorem
692 3517 803 3569 quo
855 3501 931 3555 sit
979 3500 1170 3571 digna,
1219 3519 1370 3557 nunc

225 3572 588 3642 praecipitur3
651 3590 717 3625 ea
773 3572 924 3627 enim
977 3574 1136 3641 quasi
1195 3574 1367 3641 quod-

230 3638 347 3695 dam
401 3644 717 3700 remedium
767 3648 852 3699 est
906 3644 1162 3699 luxuriae
1207 3645 1366 3699 resti-

230 3712 440 3782 tuitque
500 3717 742 3770 virtutes
800 3732 944 3785 quae
995 3715 1366 3771 immoderato

231 3780 356 3837 luxu
377 3786 632 3854 perditae
656 3790 802 3840 sunt.
841 3786 1197 3856 Paupertatis
1219 3788 1367 3841 enim

231 3862 520 3937 perpetuae
568 3860 796 3913 comites
845 3863 974 3913 sunt
1027 3859 1366 3927 principales

232 3940 528 3991 priscorum
590 3930 972 3984 Romanorum
1040 3930 1363 3985 facultates:

235 3994 520 4066 fortitudm
583 4018 724 4069 quae
801 4001 978 4055 civem
1035 4002 1366 4056 horribilem

237 4067 410 4123 reddit
445 4072 697 4127 hostibus
735 4073 1032 4148 animoque
1075 4078 1248 4143 auget
1293 4074 1367 4127 ad

236 4146 458 4196 mortem
513 4160 618 4213 pro
664 4144 853 4213 patria
898 4144 1213 4199 obeundam
1268 4162 1365 4214 pa-

239 4213 377 4263 rato:
443 4215 620 4269 civilis
677 4215 885 4283 virtus,
948 4233 1090 4285 quae
1151 4233 1367 4271 summa

241 4294 472 4351 quaeque
506 4286 690 4358 gignit
711 4287 974 4355 virosque
1005 4292 1234 4341 aeterno
1269 4288 1365 4342 ho-

241 4364 373 4433 nore·
397 4372 716 4427 summaque
763 4358 1124 4413 veneratione
1165 4359 1366 4429 dignos

244 4419 439 4507 efficit,
464 4426 614 4491 fides,
648 4447 760 4499 qua
795 4430 976 4484 maior
1009 4448 1123 4485 non
1161 4436 1245 4485 est
1267 4448 1363 4485 au-

245 4492 480 4551 xihatnx
515 4501 586 4555 ad
620 4501 1010 4556 continendam
1047 4510 1104 4556 et
1153 4506 1360 4556 susten-

251 4564 462 4622 tandam
515 4571 660 4627 inter
718 4572 967 4629 homines
1023 4574 1364 4629 societatem.

1465 1858 1566 1913 Oui
1612 1858 1967 1927 potissimum
2018 1856 2157 1911 haec
2204 1856 2470 1912 cecinerit
2500 1856 2611 1913 Ho-

1463 1930 1661 1998 ratius,
1700 1929 1759 1983 id
1800 1929 1908 1982 hoc
1944 1945 2165 1997 quoque
2203 1927 2463 1997 carmine,
2484 1948 2537 1984 v.
2560 1930 2610 1982 2.

1467 2002 1550 2067 15,
1594 2006 1791 2071 aperte
1825 2000 2107 2069 proditur.

1532 2071 1600 2127 V.
1643 2076 1687 2127 1.
1739 2078 2029 2142 angustam
2070 2069 2414 2141 pauperiem]
2468 2069 2610 2125 Pau—

1463 2148 1654 2215 pertas
1708 2143 1820 2213 (cui
1872 2144 2051 2198 altera
2094 2142 2277 2196 forma
2318 2142 2615 2211 pauperies

1462 2217 1715 2271 versibus
1751 2215 1931 2285 magis
1969 2214 2261 2269 commoda
2309 2213 2617 2269 substituta

1463 2288 1570 2357 est)
1615 2292 1853 2359 angusta
1896 2290 1981 2340 est
2025 2303 2139 2339 non
2176 2285 2309 2354 quia
2355 2284 2615 2339 molestia

1460 2359 1686 2429 premit,
1724 2358 1821 2413 sed
1873 2358 2005 2427 quia
2040 2375 2111 2411 ne
2148 2357 2400 2412 homines
2436 2357 2496 2411 in
2532 2356 2615 2409 lu-

1459 2430 1682 2485 xuriem
1727 2434 2030 2485 excurrant
2077 2429 2356 2498 prohibet.
2431 2426 2613 2499 Signi-

1460 2501 1664 2557 ficatur
1716 2502 1895 2573 igitur
1946 2501 2054 2555 hoc
2101 2500 2377 2555 adiectivo
2423 2500 2614 2554 vincu-

1461 2574 1597 2643 lum,
1646 2590 1755 2642 quo
1808 2591 1933 2628 cum
1985 2573 2334 2628 continentia
2376 2588 2615 2641 pauper-

1459 2649 1549 2700 tas
1608 2644 1984 2715 coniungitur.
2056 2644 2283 2697 Etenim
2345 2644 2443 2713 qui
2496 2643 2613 2697 ani—

1459 2734 1613 2771 mum
1667 2734 1832 2770 suum
1879 2718 1999 2785 ipse
2042 2720 2342 2784 temperat,
2382 2716 2430 2768 is
2476 2730 2614 2783 pau·

1459 2804 1564 2858 per
1607 2792 1723 2856 est3
1772 2792 1831 2842 et
1876 2788 1972 2856 qui
2017 2804 2235 2856 pauper
2278 2790 2379 2855 est,
2418 2786 2466 2839 is
2501 2802 2615 2839 non

1460 2864 1651 2929 potest
1682 2860 1867 2914 facere
1904 2859 2040 2928 quin
2074 2856 2413 2927 cupiditates
2440 2858 2614 2911 animi

1459 2932 1736 3058 2235&
1750 2930 2101 3056 'oassssfflfiiss
2125 2928 2387 3055 1⁶fi¹²3¹3¹²⁸
2464 2932 2617 3054 2⁰35·

1590 3044 1603 3056 ι
1711 3042 1725 3057 ο
1930 3042 1943 3055 0
2068 3041 2083 3069 2
2197 3040 2209 3063 9
2321 3041 2334 3054 ι
2372 3028 2441 3040 -“
2592 3028 2614 3039 “

1460 3074 1539 3145 ce]
1597 3075 1854 3139 libenter,
1913 3090 2025 3127 non
2080 3088 2265 3143 aegre.
2339 3071 2489 3125 Male
2544 3088 2614 3125 ex

1463 3145 1627 3200 codd.
1680 3144 1935 3198 nonnulli
1990 3144 2313 3198 vocativum
2370 3158 2615 3211 sumpse·

1463 3221 1601 3270 runt
1636 3217 1831 3283 amiei3
1862 3232 2062 3284 nempe
2096 3215 2260 3269 amici
2288 3214 2359 3269 ab
2384 3214 2471 3267 his
2496 3230 2613 3267 car-

1463 3288 1707 3342 minibus
1745 3286 2073 3341 alienissimi
2109 3291 2254 3340 sunt.
2330 3284 2615 3339 Adhorta-

1464 3364 1559 3414 tur
1596 3360 1690 3414 hic
1723 3363 1891 3430 poeta
1935 3359 2178 3427 iuvenes,
2214 3362 2281 3411 ut
2316 3360 2613 3426 pauperta-

1462 3436 1581 3486 tem
1614 3448 1731 3485 non
1766 3430 1933 3484 modo
1970 3447 2083 3483 non
2120 3432 2479 3484 contemnant
2515 3427 2615 3482 sed

1463 3503 1633 3557 etiam
1670 3519 1775 3571 pro
1814 3502 1994 3556 amica
2024 3501 2287 3556 habeant.
2334 3528 2402 3540 —-
2452 3499 2613 3553 robu-

1461 3574 1603 3643 stus]
1667 3591 1773 3643 pro
1828 3573 2132 3643 participio
2180 3572 2287 3627 hoc
2342 3571 2612 3640 positum:

1461 3646 1725 3700 robustus
1760 3645 1967 3700 factus:
2007 3644 2157 3713 quod
2182 3661 2253 3698 ne
2276 3642 2471 3697 durius
2496 3658 2615 3697 esse

1460 3722 1643 3787 putes,
1708 3731 1969 3785 compara
2030 3716 2131 3769 hos
2194 3714 2403 3769 similes
2464 3715 2614 3768 locos

1460 3788 1641 3857 Epod.
1684 3793 1729 3855 1,
1767 3790 1852 3841 35.
1920 3790 2003 3855 16,
2040 3786 2127 3840 34.
2200 3786 2325 3840 Liv.
2362 3784 2430 3854 V,
2471 3787 2523 3853 2,
2559 3786 2613 3839 9.

1461 3861 1561 3914 ubi
1614 3861 1686 3915 ad
1734 3859 1908 3915 verba
1956 3860 2199 3914 consules
2258 3858 2614 3912 dictatoresve

1462 3931 1655 3986 eadem
1713 3930 2043 3985 necessitate
2092 3930 2233 3998 faeti
2290 3929 2614 3997 intellegen-

1461 4003 1596 4057 dum
1632 4006 1732 4057 est.
1780 4030 1848 4042 —
1897 4000 2149 4071 Parthos]
2199 4001 2437 4055 invictos
2474 3998 2614 4054 adeo

1461 4080 1520 4129 et
1560 4074 1945 4128 infestissimos
1982 4072 2200 4127 nomini
2236 4072 2507 4127 Romano.
2545 4098 2613 4109 —

1461 4146 1763 4214 vitamque]
1821 4143 2113 4199 Particula
2176 4158 2275 4213 que
2336 4161 2463 4198 cum
2525 4156 2615 4195 eas

1459 4222 1648 4287 partes
1706 4216 2013 4286 coniungat
2071 4232 2215 4284 quae
2268 4220 2473 4269 natura
2515 4229 2615 4266 sua

1459 4290 1640 4359 magis
1695 4305 1861 4356 quam
1904 4304 2033 4342 casu
2076 4287 2430 4355 copulantur,
2480 4285 2537 4338 h.
2575 4284 2611 4336 1.

1461 4378 1557 4415 eas
1592 4364 1783 4428 partes
1830 4359 2093 4412 militaris
2140 4358 2291 4411 vitae
2339 4355 2614 4427 adiungit,

1462 4431 1665 4500 quibus
1719 4432 1945 4484 iuvenes
2004 4429 2319 4484 desiderata
2377 4444 2615 4498 pauper-

1459 4508 1579 4557 tate
1616 4502 1859 4557 maxime
1894 4501 2243 4555 adsuescunt.
2310 4499 2429 4554 Hae
2465 4498 2613 4553 enim

1461 4574 1753 4629 molestiae
1806 4577 1936 4628 sunt
1985 4589 2125 4641 quas
2177 4571 2349 4628 habet
2390 4570 2615 4638 militia,
