3092 5059
506 230 630 293 602

1415 231 2027 300 EPISTULARUM

607 415 946 492 Alterius
1001 443 1354 494 sermone
1407 445 1660 494 meros
1712 419 2018 495 audiret
2073 420 2425 516 honores,

609 541 1002 618 Gracchus
1053 554 1136 616 ut
1189 543 1310 618 hic
1357 543 1500 638 illi,
1550 545 1755 620 foret
1804 544 1985 620 huic
2034 557 2117 621 ut
2166 547 2461 621 Mucius
2504 546 2669 622 ille.

520 701 572 738 ω
610 665 762 758 Qui
815 667 1066 742 minus
1113 681 1426 767 argutos
1481 685 1707 746 vexat
1750 669 1967 746 furor
2016 672 2157 747 iste
2208 675 2525 767 poetas?

607 789 975 866 Carmina
1031 818 1436 894 compon0‚
1491 794 1617 870 hic
1667 795 1953 892 elegos.

2055 796 2415 873 Mirabile
2458 797 2634 873 visu

611 913 1166 1017 Caelatumque
1223 945 1506 994 novem
1560 920 1800 996 Musis
1870 921 2103 1022 opusl
2210 921 2499 1022 Aspice
2546 924 2895 1018 primum,

613 1040 918 1133 Quanto
965 1067 1138 1118 cum
1193 1045 1420 1143 fastu,
1477 1061 1767 1145 quanto
1824 1047 2221 1124 molimine
2271 1048 2555 1123 circum

609 1165 1062 1263 Spectemus
1117 1196 1436 1246 vacuam
1491 1173 1855 1248 Romanis
1906 1174 2212 1249 vatibus
2265 1171 2579 1248 aedem:

523 1327 576 1369 ss
613 1295 793 1367 Mox
846 1291 1098 1391 etiam,
1147 1293 1210 1368 si
1264 1294 1464 1370 forte
1513 1321 1758 1392 vacas,
1808 1323 2129 1396 sequere
2181 1308 2260 1373 et
2308 1296 2579 1393 procul
2624 1295 2831 1390 audi,

613 1417 822 1509 Quid
875 1417 1071 1493 ferat
1113 1431 1190 1493 et
1241 1443 1481 1517 quare
1533 1419 1681 1495 sibi
1733 1433 1991 1496 nectat
2042 1431 2365 1518 uterque
2420 1444 2813 1495 coronam.

611 1541 1030 1620 Caedimur
1078 1555 1154 1618 et
1201 1543 1524 1620 totidem
1578 1544 1827 1642 plagis
1882 1545 2398 1619 consumimus
2450 1544 2759 1620 hostem

607 1669 853 1744 Lento
911 1667 1289 1745 Samnites
1341 1670 1442 1745 ad
1491 1669 1787 1746 lumina
1836 1670 2089 1768 prima
2140 1669 2424 1746 duello.

605 1793 936 1868 Discedo
991 1793 1320 1870 Alcaeus
1373 1809 1660 1896 puncto
1714 1795 1967 1890 illius3
2023 1795 2157 1872 ille
2203 1822 2376 1871 meo
2431 1797 2661 1894 quis?

510 1951 584 1988 ιω
611 1917 803 2010 Quis
849 1921 1001 1994 nisi
1047 1919 1618 1997 Callimachus?
1672 1921 1738 1995 si
1778 1920 1951 2018 plus
2000 1946 2423 2018 apposcere
2475 1921 2721 2014 visus,

607 2043 736 2119 Fit
785 2044 1290 2121 Mimnermus
1344 2059 1421 2121 et
1471 2046 1732 2146 optivo
1788 2048 2248 2144 cognomine
2301 2045 2597 2123 crescit.

510 2287 781 2348 acumine.
823 2287 903 2342 sic
939 2287 1302 2357 supplevit·,
1308 2289 1504 2356 ,frater
1543 2293 1667 2344 erat

511 2359 721 2414 Romae
759 2359 1000 2413 consulti
1048 2359 1258 2426 rhetor,
1309 2359 1553 2430 [aterque
1587 2361 1665 2415 al-

511 2430 680 2486 terius
723 2429 947 2484 laudum
982 2430 1062 2484 sic
1099 2401 1444 2502 admit-aton]
1482 2437 1549 2486 ut
1588 2433 1665 2488 al·

511 2507 600 2557 ter
643 2502 876 2556 alterius
930 2520 1182 2557 sermone
1217 2520 1402 2558 meros
1439 2503 1665 2558 audiret

509 2575 804 2628 honorea‘
771 2573 804 2602 “
877 2574 944 2628 In
980 2575 1184 2642 quibus
1229 2575 1310 2629 sic
1357 2575 1665 2632 admirator

509 2662 739 2716 prorsus
783 2663 851 2698 ex
883 2645 1106 2700 Horatii
1133 2663 1288 2700 more
1313 2645 1528 2701 dictum
1554 2651 1663 2714 est;

509 2717 579 2772 cf.
601 2717 783 2786 Epist.
804 2716 876 2783 11,
909 2721 950 2782 l,
973 2718 1062 2771 23.
1093 2717 1204 2772 Sat.
1227 2719 1270 2784 Ι,
1296 2721 1378 2787 10,
1403 2721 1485 2771 10.
1520 2718 1663 2773 Nam

509 2807 581 2843 ne
617 2787 760 2842 illud
799 2788 1041 2856 quidem,
1082 2789 1229 2859 qnod
1273 2790 1663 2844 Doederlinius

511 2859 882 2930 excogitavit,
939 2861 1120 2928 frater
1174 2861 1344 2916 semel
1398 2860 1666 2930 positum,

509 2933 598 2986 bis
655 2931 1014 3001 cogitandum
1079 2950 1196 2988 esse
1261 2933 1476 2993 (rhetor
1543 2935 1662 3002 qui-

511 3004 658 3071 dam,
709 3002 848 3056 iuris
897 3004 1137 3058 consulti
1186 3005 1417 3058 alicuius
1465 3006 1663 3072 frater,

511 3075 650 3130 adeo
683 3073 866 3140 frater
901 3077 988 3128 vel
1023 3075 1274 3130 fraterno
1299 3077 1486 3130 animo
1521 3081 1659 3145 erat,

511 3152 578 3200 ut
631 3145 786 3214 cet.),
849 3145 1259 3214 difficultatem,
1315 3165 1424 3217 qua
1479 3150 1663 3202 locum

511 3219 771 3273 laborare
808 3218 1109 3290 intellegis,
1147 3219 1318 3274 tollit.
1395 3219 1664 3274 Meinekii

514 3290 958 3344 emendationem
1044 3291 1348 3344 laudarunt
1439 3291 1664 3346 Miiller

515 3361 720 3415 Keller.
747 3361 966 3432 Epileg.
993 3379 1048 3430 p.
1071 3363 1194 3430 722,
1221 3363 1446 3417 Linker.
1475 3369 1665 3417 autem

512 3450 626 3486 non
663 3433 947 3488 dubitavit
983 3451 1104 3487 eam
1143 3433 1201 3486 ιιι
1238 3439 1458 3488 textum
1496 3451 1661 3503 quem

513 3509 722 3559 vocant
757 3504 1021 3573 recipere.
1077 3533 1143 3544 —--
1199 3522 1368 3566 meros
1413 3505 1663 3576 honores]

514 3577 660 3631 nihil
704 3577 814 3630 nisi
859 3576 1116 3643 honores,
1167 3577 1357 3631 laudes
1399 3577 1666 3646 (compli-

515 3653 739 3712 mente).
777 3677 844 3688 --
885 3647 1184 3717 Gracchus]
1217 3649 1347 3703 Noli
1382 3665 1665 3718 quaerere,

514 3725 702 3773 utrum
723 3719 924 3774 Gaium
940 3718 1340 3789 significaverit
1355 3721 1667 3775 Gracchum

515 3807 588 3844 an
623 3791 940 3858 Tiberinm;
989 3797 1228 3860 uterque
1275 3809 1508 3862 magnus
1543 3810 1667 3846 ora-

514 3867 624 3916 tor.
713 3863 839 3917 Non
891 3863 1072 3933 magis
1127 3867 1214 3917 est
1269 3865 1665 3933 quaerendum,

515 3952 682 4004 quem
751 3933 1001 3988 Mucium
1080 3934 1272 3990 videre
1350 3935 1666 3990 debeamus.

514 4006 690 4061 Mucii
767 4007 916 4060 enim
985 4005 1176 4075 plures
1236 4007 1374 4060 iuris
1435 4007 1667 4062 scientia

513 4078 671 4133 fuere
707 4077 969 4148 insignes.
1017 4105 1086 4118 —·-
1133 4079 1232 4148 qai
1280 4079 1482 4147 minus]
1529 4095 1664 4148 quo·

513 4149 678 4204 modo
715 4149 924 4218 minus;
963 4147 1078 4204 Sat.
1116 4148 1188 4216 11,
1229 4153 1279 4214 3,
1319 4153 1438 4204 311.
1481 4153 1531 4215 7,
1578 4153 1666 4204 96.

517 4251 584 4261 --
611 4221 852 4291 aryutos]
893 4221 1074 4274 Germ.
1111 4190 1207 4288 lv',
1245 4191 1295 4284 6,
1335 4221 1421 4275 25.
1457 4251 1527 4262 —
1564 4223 1664 4276 mi-

513 4293 684 4348 rabile
706 4293 846 4360 visu]
884 4291 996 4347 Ubi
1019 4291 1265 4360 primum
1286 4295 1665 4362 convenimus,

515 4364 622 4419 hac
685 4363 834 4417 inter
889 4379 990 4416 nos
1048 4364 1214 4418 laude
1275 4364 1665 4448 praedicamus

514 4435 852 4504 superbique
893 4435 1198 4489 incedimus
1239 4442 1663 4506 circumspecta·

516 4523 750 4574 musque
805 4506 1000 4560 aedem
1057 4506 1338 4576 Apollinis
1401 4513 1458 4562 et
1522 4525 1665 4576 quae

517 4577 599 4632 ibi
635 4583 721 4634 est
763 4576 1182 4647 bibliothecam,
1231 4583 1519 4647 sperantes
1554 4581 1665 4634 uti-

1760 2307 1869 2358 quc
1906 2293 2127 2343 nostros
2170 2287 2349 2342 libros
2394 2291 2709 2357 nostraque
2752 2289 2897 2342 simu·

1760 2362 1915 2416 lacra
1950 2361 2087 2415 olim
2123 2359 2259 2414 illuc
2296 2359 2596 2414 delatum
2576 2362 2783 2414 1ri.—
2812 2360 2897 2414 cir·

1758 2431 2202 2572 σιιηιερσσιεηιῐισ]
2230 2431 2361 2486 vide
2398 2431 2473 2485 ad
2508 2429 2632 2556 zat.
2662 2432 2708 2500 1,
2692 2433 2794 2557 ,ᾖ
2826 2429 2897 2482 62.

1758 2533 1827 2544 ——
1880 2519 2109 2559 vacuam
2184 2519 2299 2556 lam
2350 2507 2523 2572 paten
2552 2519 2651 2558 em
2718 2521 2751 2558 e
2822 2519 2896 2556 eos

1760 2576 1921 2646 quasi
1977 2578 2410 2644 exspectantem.
2474 2603 2543 2612 --
2618 2571 2894 2640 eadm]

1758 2647 1967 2701 mutuis
2023 2647 2281 2701 laudibus
2338 2649 2622 2700 certamus
2680 2651 2749 2701 ut
2798 2645 2895 2716 gla-

1758 2719 2045 2774 diatorum
2083 2717 2451 2786 (Samnitium.
2525 2717 2657 2771 Liv.
2698 2718 2793 2778 lx.
2826 2717 2896 2780 4⁰,

1762 2792 1853 2860 17)
1908 2807 2014 2860 par
2070 2790 2129 2843 in
2184 2789 2365 2858 epulis
2430 2788 2681 2842 divitum
2744 2787 2895 2842 homi·

1757 2880 1909 2988 natm.
1956 2891 2026 2902 —
2080 2860 2157 2915 ad
2212 2861 2425 2914 lamina
2449 2861 2689 2986 privita]
2742 2875 2895 2985 ιιεὲιὲο

1758 2953 1791 2988 a
1862 2951 1931 2987 ve
1998 2950 2169 3000 eram,
2206 2948 2335 2986 cum
2412 2932 2556 2985 rima
2624 2949 2793 2986 axin

1757 3005 1928 3060 ditur.
1932 2951 2060 3060 ⁸1>cf.
2096 3003 2212 3058 Sat.
2248 3003 2322 3068 11,
2348 2948 2413 3070 ⁷p
2434 3005 2520 3056 33.
2570 3033 2643 3042 —
2688 2998 2893 3074 puncto]

1758 3081 1827 3131 A.
1867 3077 1928 3130 P.
1964 3078 2087 3130 343.
2128 3075 2239 3130 Cic.
2276 3021 2893 3142 fuso.11,2e,¹⁹62.1n

1758 3147 2001 3204 comitiis
2038 3145 2307 3216 suffragia
2343 3146 2553 3200 civium
2586 3147 2813 3217 punctis
2848 3145 2895 3197 in

1758 3220 1953 3276 tabula
2004 3237 2163 3273 cerea
2217 3219 2577 3278 notabantur.
2642 3215 2894 3343 ussfffacile

1760 3309 1881 3347 com
1924 3291 2073 3344 utari
2186 3295 2361 3357 osset,
2472 3293 2574 3344 not
2650 3308 2675 3343 s
2870 3303 2895 3338 s

1760 3309 2090 3446 candidatus
2146 3307 2399 3430 Ιἔῃιιεᾳιιο
2436 3306 2719 3429 qtulisset5
2758 3305 2893 3412 rmagdne

1760 3434 1962 3490 sensim
2007 3433 2243 3496 factum,
2300 3438 2366 3486 ut
2416 3431 2693 3503 suffrag-ia
2748 3431 2893 3486 etiam

1800 3511 1971 3561 uncta
2034 3504 2485 3574 appellarentur3
2560 3505 2743 3558 veluti
2800 3503 2893 3556 Cic.

1808 3578 1948 3632 lanc.
1977 3579 2073 3629 22:
2117 3575 2448 3644 „nonnullas
2471 3543 2667 3630 'tribus
2692 3573 2893 3646 punctis

1760 3667 1937 3720 paene
1992 3617 2234 3702 totidem
2293 3648 2603 3702 tuleruntf‘
2666 3653 2727 3702 et
2784 3661 2891 3700 mox

1761 3721 1921 3775 ibid.:
1975 3714 2237 3789 „questus
2274 3737 2351 3786 es,
2401 3719 2591 3789 plures
2642 3723 2701 3772 te
2744 3723 2891 3772 testes

1761 3793 1970 3848 habere
2022 3793 2091 3846 de
2134 3791 2401 3858 Voltinia,
2448 3806 2620 3858 quam
2670 3795 2805 3859 quot
2846 3787 2893 3838 in

1762 3883 1831 3920 ea
1865 3864 2022 3918 tribu
2058 3867 2271 3932 puncta
2304 3861 2521 3916 tuleris.
2525 3863 2559 3891 “
2620 3861 2733 3916 Cic.
2768 3859 2891 3914 Mur.

1762 3940 1847 3990 34.
1880 3967 1943 3975 —
1968 3933 2348 4003 Callimachus]
2370 3933 2747 3988 Alexandriae
2770 3931 2889 3984 vixit

1762 4007 2081 4062 Ptolemaeo
2126 4005 2495 4074 Philadelpho
2540 4009 2599 4060 et
2634 4005 2723 4059 Eu

1762 4078 2142 4150 regnantibus.
2172 4077 2408 4144 Quintil.
2428 4077 2499 4138 X,
2524 4079 2575 4145 1,
2600 4079 2696 4130 58·
2724 4005 2891 4144 Ἥκω

1760 4116 2889 4348 {lassffssssssgjfflfflssffsslffm’m‘ffi

1788 4313 1825 4347 n
1867 4311 1897 4347 e
1981 4309 2117 4360 rope
2176 4309 2261 4345 ms
2298 4309 2357 4346 se
2482 4307 2710 4346 manum

1760 4365 2021 4420 maehum
2057 4362 2367 4432 appellavit
2400 4361 2469 4432 V,
2512 4365 2557 4422 1,
2596 4363 2681 4416 64.
2740 4359 2883 4412 Prae-

1758 4441 1915 4492 terea
1970 4435 2228 4505 hymnos,
2280 4436 2703 4505 epigrammata,
2750 4429 2883 4500 epics

1757 4508 2007 4563 carmina
2042 4508 2373 4576 composuit.
2456 4503 2543 4561 De
2580 4505 2881 4560 Mimnermo

1756 4581 1887 4636 vide
1922 4579 1995 4635 ad
2030 4577 2213 4649 Epist.
2253 4577 2300 4648 1,
2324 4579 2377 4645 6,
2400 4579 2489 4633 65.
2526 4574 2881 4634 Audaciuim
