3092 5059
461 222 584 287 520

566 407 870 499 Quaere
924 412 1193 508 fugam
1245 409 1520 485 morbi.

1357 221 1975 289 EPISTULARUM

1620 409 1753 484 Vis
1805 421 2015 484 recte
2068 408 2363 484 vivere:
2426 408 2600 505 quis
2654 411 2873 484 non?

405 602 412 610 .
458 564 512 605 ao
566 534 645 611 Si
685 537 927 611 virtus
973 535 1122 611 hoc
1172 560 1326 609 una
1367 547 1622 633 potest
1674 533 1882 629 dare,
1931 533 2149 608 fortis
2205 534 2503 609 omissis

556 660 728 766 Hoc
777 685 922 757 age
967 659 1288 736 deliciis.
1378 661 1759 736 Virtutem
1810 660 2049 734 verba
2101 672 2323 756 putas
2378 672 2456 733 et

561 784 854 860 Lucum
912 784 1160 883 ligna:
1215 811 1399 860 cave
1453 810 1552 860 ne
1603 797 1869 881 portus
1925 797 2254 882 occupet
2300 783 2513 879 alter,

559 908 677 983 Ne
729 909 1191 1009 Cibyratica,
1243 935 1342 986 ne
1389 909 1725 1010 Bithyna
1775 910 2087 1007 negotia
2135 908 2456 1008 perdas3

559 1033 780 1110 Mille
829 1035 1117 1128 talenta
1160 1034 1695 1132 rotundentur,
1750 1035 2073 1110 totidem
2128 1034 2392 1131 altera,
2446 1060 2683 1133 porro
2736 1049 2819 1110 et

460 1189 511 1228 as
563 1158 822 1235 Tertia
872 1160 1284 1236 succedant
1333 1174 1408 1236 et
1461 1185 1661 1260 quae
1712 1187 1889 1260 pars
1946 1160 2277 1260 quadret
2322 1186 2705 1236 acervum.
3031 1247 3032 1256 2

562 1283 870 1361 Scilicet
919 1311 1238 1362 uxorem
1291 1313 1463 1362 cum
1520 1286 1699 1362 dote
1748 1287 2140 1384 fidemque
2190 1300 2269 1362 et
2316 1286 2604 1362 amicos

560 1407 659 1483 Et
709 1434 950 1506 genus
1003 1422 1078 1485 et
1127 1411 1462 1484 formam
1513 1409 1786 1508 regina
1834 1409 2166 1484 Pecunia
2213 1407 2471 1504 donat,

561 1534 680 1610 Ac
734 1535 930 1611 bene
981 1548 1456 1610 nummatum
1513 1536 1845 1612 decorat
1874 1533 2209 1611 Suadela
2244 1532 2689 1634 Venusque.

559 1660 968 1757 Mancipiis
1015 1659 1360 1760 locuples
1413 1674 1591 1761 eget
1644 1662 1842 1737 aeris
1896 1658 2452 1759 Cappadocum
2503 1685 2676 1736 rex:

458 1817 511 1856 ιο
559 1784 675 1860 Ne
720 1785 970 1861 ‘fueris
1014 1784 1143 1860 hic
1192 1799 1297 1859 tu.

1395 1783 1865 1883 Chlamydes
1916 1784 2309 1882 Lucullus,
2362 1799 2450 1861 ut
2501 1787 2738 1884 aiunt,

561 1909 644 1987 Si
691 1924 953 2008 posset
1005 1925 1308 1986 centum
1361 1936 1680 1988 scaenae
1731 1912 2105 2010 praebere
2156 1924 2492 2009 rogatus,

459 2141 620 2195 nulla
656 2141 966 2211 cupiditate
991 2147 1091 2197 aut
1113 2150 1267 2199 metu
1301 2149 1609 2202 tentamur.

463 2213 672 2267 Contra
709 2213 757 2267 si
792 2231 1072 2268 summum
1108 2215 1317 2272 bonum
1343 2219 1402 2272 in
1429 2222 1610 2271 exter-

461 2285 547 2338 nis
603 2284 769 2338 rebus
823 2286 1069 2354 positum
1122 2295 1307 2357 putas,
1370 2288 1611 2371 agedum

462 2373 668 2426 quaere
711 2373 800 2411 res
838 2361 896 2412 et
933 2375 1067 2412 cura
1113 2377 1185 2413 ne
1229 2361 1352 2432 quis
1397 2365 1456 2415 te
1493 2359 1611 2429 opi-

458 2429 564 2482 bus
603 2427 843 2482 vincat.“
937 2429 1216 2486 Externae
1277 2437 1466 2487 autem
1521 2449 1611 2486 res

459 2505 518 2554 et
555 2499 910 2568 cupiditates,
949 2501 1150 2569 quibus
1196 2503 1447 2558 homines
1485 2504 1611 2558 bea-

460 2577 578 2626 tam
629 2570 737 2625 sibi
791 2571 969 2625 vitam
1014 2589 1072 2626 ss
1106 2579 1404 2642 paraturos
1439 2575 1610 2645 vulgo

462 2643 783 2712 opinantur,
821 2649 922 2697 aut
945 2643 1178 2700 divitiae
1203 2652 1333 2701 sunt
1354 2646 1611 2716 (31—48)

458 2718 559 2768 aut
635 2713 874 2768 honores
947 2720 1005 2770 et
1075 2719 1263 2786 gratia
1322 2718 1611 2788 popularis

461 2785 722 2854 (49-55)
747 2791 847 2840 aut
870 2786 1052 2841 victus
1076 2789 1418 2844 lautissimus
1445 2791 1610 2859 (56—

457 2857 554 2927 64)
601 2861 701 2912 aut
751 2875 967 2912 amores
1004 2857 1282 2930 (65—67).
1342 2890 1409 2901 ——
1459 2862 1606 2915 latus

459 2934 560 2983 aut
617 2928 800 2999 renes]
872 2931 1142 2999 πλευρῖτις
1220 2937 1278 2986 et
1351 2939 1608 3004 νεφρῖτις.

458 2999 614 3054 Idem
642 3017 835 3054 versus
872 3005 957 3054 est
993 3001 1108 3056 Sat.
1147 3003 1220 3070 H,
1263 3007 1314 3073 3,
1355 3006 1457 3059 136
1510 3003 1611 3058 ubi

457 3070 601 3126 vide.
632 3101 698 3110 ——
731 3071 986 3127 virtutem
1009 3045 1220 3156 vor-bai
1257 3075 1349 3131 Sic
1375 3076 1612 3131 Schiller

457 3147 680 3197 nostras
731 3145 792 3198 in
848 3145 1094 3200 carmine
1142 3146 1234 3200 dis
1267 3147 1467 3202 Worte
1513 3147 1610 3201 des

458 3215 763 3270 Glaubens.
804 3215 969 3284 „Und
1006 3216 1098 3271 die
1131 3218 1217 3271 Tu
1218 3218 1384 3288 g,end
1420 3220 1500 3274 sie
1535 3220 1611 3274 ist

457 3287 589 3341 kein
625 3288 805 3342 leerer
839 3287 1059 3343 Schall.‘
1046 3288 1078 3318 ‘⁶
1163 3292 1250 3345 Ao
1283 3291 1425 3346 bene
1462 3307 1609 3346 com-

456 3359 684 3428 paravit
740 3359 1014 3429 Cruquius
1085 3361 1344 3416 ultimam
1411 3379 1611 3417 vocem

457 3429 624 3485 Bruti
651 3430 845 3517 apud
857 3430 1020 3486 Dion.
1061 3431 1206 3488 Cass.
1242 3434 1468 3522 XLVII,
1509 3435 1607 3489 49:

459 3507 586 3570 „nai
636 3496 950 3588 ἀναβοήσας
1004 3523 1161 3558 τουτο
1217 3505 1288 3588 δὴ
1342 3505 1404 3559 τὸ
1447 3475 1608 3596 Ηρά-

456 3575 652 3642 κλειον,
703 3565 764 3629 Ω
813 3575 1020 3646 τλῆμον
1073 3571 1251 3646 ἀρετή,
1304 3573 1468 3666 λόγος
1523 3573 1612 3648 αρ’

453 3637 606 3712 ἦσθ’.
653 3645 720 3716 ἐγ
721 3643 764 3700 ὠ
811 3646 882 3700 δέ
925 3663 988 3700 σε
1029 3645 1116 3709 Ὡς
1157 3649 1325 3735 ἔργον
1371 3645 1607 3734 ἤσκουν·

458 3713 528 3770 σὺ
583 3717 635 3770 δ’
681 3665 783 3788 ἄρ’
835 3715 1113 3779 ἐδούλευες
1157 3717 1325 3793 τύχῃ·
1373 3715 1609 3808 παρειαί·

455 3791 586 3843 λεσέ
634 3807 754 3843 τινα
809 3789 918 3843 τῶν
970 3787 1264 3853 συνόντων,
1308 3795 1398 3845 ἵνα
1443 3789 1612 3848 αὐτὸν

455 3855 765 3944 ἀποκτείνῃ.
769 3861 802 3890 “
859 3891 928 3901 -
984 3863 1185 3932 lucum]
1244 3863 1341 3918 sed
1402 3881 1611 3920 numen

456 3936 543 3986 est
578 3933 639 3985 in
676 3931 800 3987 luco
839 3937 896 3988 et
932 3935 1332 4019 sacrilegorum
1360 3953 1470 3990 vox
1507 3941 1609 4004 est,

457 4004 642 4058 lucum
691 4004 835 4058 nihil
879 4022 996 4060 esse
1045 4008 1153 4061 nisi
1190 4009 1360 4078 ligna.
1408 4039 1474 4048 --
1521 4007 1609 4062 Oi-

457 4075 732 4146 byratica]
769 4075 972 4145 Cibyra
1009 4078 1141 4132 urbs
1179 4079 1458 4149 Phrygiae
1491 4097 1609 4134 ma-

455 4165 601 4218 gnae
648 4152 882 4218 propter
931 4148 1274 4206 ferramenta
1311 4151 1610 4205 celebrata.

456 4219 534 4274 Et
557 4219 626 4274 cf.
651 4220 831 4275 Carm-
855 4220 956 4288 111,
975 4224 1026 4285 7,
1047 4225 1097 4276 3.
1138 4251 1204 4262 -
1244 4221 1488 4292 quadret]
1525 4227 1612 4277 est

457 4291 767 4360 absolvere,
813 4291 1098 4362 perficere,
1153 4299 1219 4348 ut
1278 4295 1427 4363 apud
1493 4293 1604 4348 Cic.

460 4360 557 4416 Or.
581 4365 674 4415 68.
713 4364 1108 4432 „quadrandae
1141 4365 1411 4420 orationis
1447 4365 1608 4420 indu·-

457 4433 632 4488 stria“
673 4434 709 4487 i.
745 4452 790 4488 e.
834 4437 1080 4490 oratorio
1117 4455 1350 4492 numero
1387 4455 1608 4506 compo-

457 4503 691 4573 nendae,
717 4507 1136 4562 construendae.
1180 4509 1609 4564 Coniunctivum

457 4580 610 4630 recte
633 4581 865 4632 tuentur
889 4577 1128 4650 Kruger.
1154 4579 1438 4635 Eckstein.
1461 4579 1608 4636 Mul-

1704 2145 1804 2200 ler.
1853 2159 1959 2198 nec
2002 2143 2305 2213 quicquam
2358 2161 2561 2200 causae
2614 2148 2719 2207 est.
2764 2161 2864 2199 cur

1669 2215 2071 2270 indicativum
2124 2215 2363 2284 quadrat
2412 2234 2482 2270 ex
2530 2215 2697 2270 bonis
2746 2217 2865 2286 qui-

1704 2287 1831 2342 dem
1886 2287 2044 2342 codd.
2090 2303 2216 2341 cum
2268 2287 2491 2342 Rittero
2540 2292 2600 2342 et
2638 2287 2865 2343 Kellcro

1707 2358 1949 2429 (Epileg.
1994 2375 2048 2429 p.
2086 2360 2217 2428 621)
2262 2357 2673 2443 praeferamus3
2734 2377 2861 2414 con-

1705 2431 1989 2484 iunctivus
2032 2447 2209 2500 prope
2253 2432 2599 2485 necessarius
2650 2436 2759 2486 est.

1964 2501 1981 2570 ]
2032 2501 2100 2557 cf.
2138 2501 2253 2556 Sat.
2287 2502 2332 2570 1,
2372 2506 2420 2569 1,
2456 2503 2543 2555 32.
2626 2502 2865 2557 Philam.

1704 2574 1775 2628 fr.
1701 2501 1984 2660 fingue,
1990 2567 2277 2660 ,Πρόςεστι
2304 2542 2369 2627 d&
2406 2574 2483 2643 τῷ
2507 2577 2700 2639 πένητι
2742 2570 2866 2628 ‹icm-

1706 2651 1861 2698 στία·
1928 2640 2067 2714 ἀνὴρ
2124 2645 2189 2698 δὲ
2255 2647 2506 2699 πλουτῶν
2558 2640 2666 2700 κᾶν
2720 2642 2869 2716 ἄγαν

1706 2717 2054 2805 Ψευδηγορῇ,
2128 2717 2285 2770 δοκεῖ
2340 2736 2392 2770 re
2464 2711 2696 2789 φραζειν
2758 2724 2869 2776 τοῖς

1704 2804 1998 2842 ακουουσιν
2017 2785 2318 2859 ἀσφαλέςέ·
2349 2737 2560 2843 Contra
2578 2789 2650 2844 de
2670 2791 2867 2844 eadem

1703 2879 1767 2916 re
1809 2860 2058 2944 Theogn.
2106 2862 2212 2914 525
2260 2858 2349 2926 (W
2350 2860 2540 2926 elck)
2594 2861 2867 2946 „Inoni-m

1704 2933 1853 2986 θεῶν
1896 2927 2147 2984 κάλλιστε
2184 2936 2277 2984 καὶ
2326 2934 2678 3018 ἱμεροέντατε
2727 2929 2863 2987 πάν-

1688 3015 1827 3065 των,
1865 3001 1987 3058 Συν
2022 3005 2113 3056 σοὶ
2149 3007 2241 3056 καὶ
2275 3001 2444 3062 κακὸς
2478 2998 2559 3058 ὢν
2590 3009 2861 3076 γίγνομαι

1705 3072 1910 3160 etr-3235
1946 3071 2131 3144 &vvipfl
2174 3105 2241 3114 —
2280 3074 2599 3158 mancipiis]
2638 3093 2866 3132 mancu-

1703 3147 1813 3217 piis
1852 3147 2118 3201 videntur
2167 3145 2453 3216 scripsisse
2487 3149 2737 3218 Augusti
2778 3167 2862 3202 ae·

1702 3221 1839 3273 tate.
1878 3217 1949 3272 cf.
1977 3218 2302 3273 Mommsen.
2326 3219 2501 3273 Acad.
2523 3217 2714 3274 Berol.
2742 3221 2863 3274 Act.

1709 3291 1861 3344 1863.
1898 3307 1952 3360 p.
1976 3291 2108 3359 4603
2146 3289 2355 3431 Keller}
2391 3289 2481 3359 Ep
2482 3290 2614 3344 ile.
2654 3308 2713 3360 Ρ.
2744 3291 2861 3344 621.

1704 3393 1774 3401 -
1800 3331 2194 3431 Cappadocum
2228 3360 2349 3431 rex]
2612 3379 2713 3416 aec
2748 3364 2860 3432 epi-

1702 3434 1853 3488 stula
1896 3433 2249 3499 scriberetur,
2297 3451 2329 3486 r
2440 3432 2573 3488 abat
2620 3433 2683 3488 in
2724 3435 2859 3504 Cap-

1704 3504 1939 3575 padocia
1975 3504 2314 3572 Archelaus3
2301 3449 2439 3558 fid}
2476 3505 2637 3559 cuius
2674 3506 2857 3561 deces-

1703 3593 1827 3631 sore
1864 3575 2057 3631 Cicero
2094 3575 2319 3645 scripsit
2354 3576 2426 3630 ad
2463 3576 2642 3631 Attio.
2672 3578 2854 3644 V1‚1:

1703 3647 1893 3717 „Nihil
1944 3647 2041 3702 illo
2105 3665 2279 3748 regno
2336 3647 2661 3717 spoliatius‚
2716 3619 2853 3703 nihil

1700 3735 1987 3856 {eg-2553?
1988 3720 2158 3846 11ῗὲιῖ
2162 3719 2570 3861 pgsspfflgerff
2642 3721 2851 3846 1553ss

1703 3867 1891 3918 autem
1948 3863 2113 3917 multi
2169 3867 2331 3917 erant
2383 3879 2455 3946 ,⁰¹
2505 3863 2855 3932 Cappadocia

1704 3934 2321 4075 ΒΘῘἾνΪᾎὸῗᾱΝΐέᾖῗσῗξ]
2340 3933 2497 4060 vlllllees·
2508 4005 2693 4076 igitur
2726 4025 2853 4076 pau·

1701 4079 1981 4148 perrimus
2016 4095 2119 4132 rex
2159 4079 2371 4132 malum
2420 4082 2506 4132 est
2544 4080 2853 4148 exemplum

1701 4149 2057 4216 divitiarum3
2109 4167 2281 4218 quare
2316 4148 2409 4204 fac
2456 4148 2693 4220 colligas
2728 4166 2851 4220 opes

1702 4221 1945 4290 Luculli,
1990 4221 2087 4290 qui
2136 4237 2303 4290 quam
2352 4225 2497 4275 esset
2539 4221 2699 4276 dives
2744 4223 2853 4292 ipse

1702 4292 2004 4347 nesciebat.
2027 4321 2100 4331 —
2123 4291 2367 4361 scaenae]
2412 4297 2477 4346 ut
2511 4309 2723 4363 pompa
2760 4293 2847 4346 ali-

1706 4381 1816 4434 qua
1854 4365 1944 4420 vel
1980 4364 2299 4433 triumphus
2337 4369 2617 4434 ageretur.
2656 4395 2721 4407 —
2760 4365 2845 4419 tol-

1702 4436 1852 4506 leret]
1898 4441 2126 4505 praetor
2180 4436 2273 4490 vel
2320 4435 2538 4504 aedilis,
2588 4436 2688 4505 qui
2738 4452 2845 4506 spe-

1702 4509 1921 4563 ctacula
1956 4507 2209 4562 editurus
2256 4511 2390 4562 erat.
2434 4507 2731 4563 -Eoeitis
2766 4507 2845 4560 do-

1702 4577 1845 4648 mus]
1894 4578 2180 4634 Plutarch.
2214 4577 2433 4632 Lucull.
2474 4579 2572 4632 39.

2650 4582 2845 4646 ‚2¹9⁶-
