3092 5059
468 239 595 306 484

1378 237 1886 307 SATIBARUM

476 461 547 500 100
574 423 816 502 Arma
868 426 1065 501 viri?
1166 426 1520 525 Nequam
1571 438 1646 512 et
1699 437 2032 502 cessator
2081 423 2373 517 Davus3
2417 436 2498 499 at
2543 424 2714 520 ipse

570 549 887 627 Subtilis
936 565 1280 628 veterum
1331 551 1562 626 iudex
1612 563 1691 626 et
1739 549 2059 626 callidus
2109 547 2356 626 audis.

566 675 689 751 Ni]
753 701 922 774 eg0,
975 679 1041 753 si
1096 677 1337 753 ducor
1386 676 1549 751 libo
1603 675 1988 752 fumante:
2039 674 2184 750 tibi
2233 675 2502 772 ingens

568 801 832 878 Virtus
882 818 1114 902 atque
1166 803 1466 877 animus
1520 801 1727 877 cenis
1790 813 2188 898 responsat
2238 799 2564 898 opimis?

570 925 1041 1026 Obsequium
1096 927 1385 1002 ventris
1438 925 1628 1002 mihi
1679 926 2183 1026 perniciosius
2237 937 2350 1002 est
2399 927 2576 1002 cur?

472 1089 545 1129 105
570 1051 825 1149 Tergo
880 1050 1175 1150 plector
1226 1052 1457 1126 enim.
1564 1049 1718 1143 Qui
1771 1063 1854 1126 tu
1906 1050 2354 1149 impunitior
2403 1049 2558 1147 illa,

570 1176 785 1270 Quae
836 1200 1077 1272 parvo
1130 1176 1329 1250 sumi
1377 1189 1792 1274 nequeunt,
1843 1176 2166 1252 obsonia
2215 1178 2522 1273 captas?

476 1341 486 1348 ·
564 1301 865 1402 Nempe
917 1300 1477 1376 inamarescunt
1530 1298 1802 1398 epulae
1853 1300 2018 1376 sine
2065 1300 2218 1377 fine
2266 1301 2574 1399 petitae,

563 1426 959 1526 Inlusique
1008 1426 1245 1526 pedes
1292 1426 1652 1502 vitiosum
1706 1426 1912 1510 ferre
1963 1441 2321 1502 recusant

568 1551 889 1652 Corpus.
956 1553 1082 1628 An
1134 1552 1261 1626 hic
1308 1565 1600 1652 peccat,
1651 1553 1794 1628 sub
1847 1565 2151 1628 noctem
2203 1553 2334 1650 qui
2387 1576 2580 1650 puer
2629 1577 2856 1628 uvam

468 1713 541 1752 uo
564 1677 879 1752 Furtiva
929 1689 1173 1752 mutat
1220 1675 1553 1774 strigili?
1609 1674 1743 1775 qui
1798 1675 2120 1772 praedia
2168 1676 2454 1772 vendit,

563 1802 691 1877 Nil
745 1802 1025 1878 servile
1080 1803 1307 1902 gulae
1355 1827 1634 1896 parens
1689 1801 1970 1878 habet?

2077 1800 2329 1897 Adde,
2387 1799 2598 1900 quod
2650 1801 2858 1876 idem

565 1925 739 2001 Non
802 1926 1071 2002 horam
1118 1941 1369 2003 tecum
1426 1953 1592 2004 esse
1642 1941 1882 2027 potes,
1929 1953 2083 2002 non
2139 1927 2300 2002 otia
2339 1939 2546 2002 recte

563 2047 884 2146 Ponere,
938 2062 1169 2148 teque
1219 2050 1477 2147 ipsum
1519 2051 1712 2126 vitas
1765 2049 2135 2148 fugitivus
2185 2063 2264 2126 et
2315 2076 2511 2147 erro,

471 2274 475 2278 ι
563 2172 733 2249 Iam
785 2174 961 2251 vino
1018 2200 1415 2273 quaerens,
1468 2175 1620 2250 iam
1674 2199 1943 2250 somno
1997 2173 2270 2250 fallere
2321 2199 2622 2272 curam3

466 2331 539 2370 uz.
562 2297 915 2376 Frustra:
947 2326 1126 2375 nam
1148 2325 1401 2376 comes
1421 2312 1587 2374 atra
1600 2301 1881 2400 premit
1896 2299 2392 2398 sequiturque
2419 2298 2858 2398 fugacem.“

562 2423 785 2500 Unde
796 2425 990 2500 mihi
1001 2425 1336 2523 lapidem
1351 2427 1387 2501 Ῥ
1404 2425 1828 2520 „Quorsum
1849 2435 1962 2500 est
1975 2423 2242 2522 opus⁴?“
2256 2424 2486 2502 Unde
2501 2427 2860 2525 sagittas?

461 2665 563 2718 per
610 2649 863 2704 triduum
912 2649 1069 2704 dedit
1118 2650 1480 2718 tabulamque
1527 2649 1612 2719 pi-

464 2725 611 2774 ctam
648 2721 708 2774 in
744 2737 989 2775 nemore·
1008 2721 1220 2776 Dianae
1262 2721 1501 2792 posuit.“
1542 2749 1610 2760 —-

354 2857 361 2864 .
463 2792 725 2859 cessator]
762 2792 998 2860 „quodsi
1035 2811 1137 2863 ego
1174 2794 1299 2848 illas
1324 2793 1489 2846 rudes
1527 2797 1612 2846 ta-

462 2861 639 2916 bellas
679 2881 714 2916 a
738 2863 954 2918 lanistis
989 2865 1303 2934 propositas
1330 2864 1610 2918 admirans

462 2932 631 3002 paulo
688 2933 898 2988 diutius
945 2953 1149 2996 moror,
1195 2936 1388 2991 statim
1436 2952 1611 2989 cessa-

461 3009 555 3058 tor
602 3005 770 3059 audio
818 3011 876 3061 et
918 3008 1237 3077 vituperor;
1295 3011 1358 3061 tu
1415 3012 1611 3062 contra

463 3075 523 3128 in
559 3076 729 3130 simili
763 3095 825 3132 re
848 3095 962 3132 non
986 3079 1185 3133 melior
1216 3079 1515 3133 laudaris.“
1544 3108 1610 3118 -

461 3146 545 3200 m'l
565 3147 687 3216 eqo]
730 3166 970 3217 nequam
996 3151 1179 3205 audio.
1209 3180 1274 3190 ——
1299 3149 1608 3219 responsat]

462 3217 533 3272 cf.
590 3236 758 3288 supra
814 3237 868 3275 v.
923 3223 1008 3276 85.
1072 3252 1136 3261 —
1188 3222 1394 3292 plector
1445 3221 1608 3291 enim]

466 3289 879 3359 „Perniciosum
928 3293 1154 3361 quidem
1192 3299 1294 3360 est,
1331 3311 1462 3348 nam
1494 3298 1610 3352 ‚ter-

462 3379 595 3432 gum
636 3362 927 3431 plectitur:
974 3371 1038 3418 tu
1088 3370 1277 3420 autem
1320 3383 1504 3420 nonne
1531 3365 1610 3418 'in

462 3434 746 3489 stomacho
802 3441 859 3490 et
914 3436 1149 3505 pedibus
1204 3454 1443 3506 poenam
1488 3453 1609 3491 seu-

462 3505 611 3558 tis‘?“
662 3505 733 3560 ef.
783 3507 897 3562 Sat.
935 3507 1007 3575 11,
1045 3510 1097 3576 2,
1134 3511 1200 3560 41
1230 3526 1351 3577 sqq.
1396 3537 1466 3547 ——
1514 3507 1612 3578 qui

458 3576 543 3643 tu]
581 3593 691 3644 quo
728 3578 849 3632 iure
889 3583 969 3633 tu.
1047 3579 1199 3634 Haec
1234 3581 1487 3634 imitatus
1525 3583 1614 3634 est

462 3645 683 3702 Persius
722 3653 773 3709 5,
816 3651 942 3704 129:
1004 3649 1149 3718 „Sed
1186 3653 1233 3705 si
1270 3652 1421 3706 intus
1456 3657 1515 3707 et
1551 3653 1610 3705 in

461 3718 645 3774 iecore
681 3737 849 3792 aegro
892 3722 1210 3777 Nascuntur
1247 3723 1473 3787 domini,
1513 3723 1613 3792 qui

459 3795 522 3844 tu
557 3792 883 3860 impunitior
916 3795 1037 3848 exis
1070 3797 1258 3863 Atque
1293 3795 1403 3857 hic,
1443 3812 1612 3863 quem

462 3859 533 3916 ad
586 3863 833 3934 strigiles
883 3866 1093 3920 scutica
1144 3871 1203 3920 et
1256 3871 1437 3920 metus
1492 3867 1612 3937 egit

462 3933 615 3988 erilis
635 3934 662 3987 ¹?
679 3933 705 3962 ‘⁶
781 3964 847 3974 —
920 3937 1349 4007 inamarescunt]
1424 3937 1608 3992 Schol.

462 4004 654 4074 Cruq.:
728 4007 905 4075 „quia
957 4025 1136 4077 neque
1188 4015 1614 4078 concoquuntur

460 4093 642 4145 neque
685 4077 1069 4149 digeruntur.“
1111 4109 1175 4119 —
1211 4080 1385 4136 inlusi
1423 4081 1608 4151 pedes]

460 4149 559 4216 qui
593 4149 865 4204 vacillant
906 4151 995 4204 vel
1032 4155 1267 4220 propter
1299 4153 1610 4223 podagram

462 4219 553 4274 vel
591 4227 825 4290 propter
862 4222 1036 4278 totius
1075 4224 1325 4293 corporis
1360 4223 1610 4278 imbecil-

457 4289 694 4346 litatem.
740 4291 927 4348 Senee.
965 4295 1147 4364 Epist.
1184 4297 1278 4349 95:
1318 4295 1484 4363 „inde
1516 4295 1608 4362 (ex

458 4361 704 4432 luxuria)
742 4365 948 4430 incerti,
987 4367 1300 4428 labantium
1346 4366 1513 4437 pedes
1553 4370 1610 4420 et

460 4449 675 4502 semper
698 4436 878 4503 qualis
899 4438 957 4490 in
972 4437 1263 4506 ebrietate,
1282 4437 1606 4492 titubati0.“

529 4503 595 4556 V.
637 4507 755 4558 110.
810 4508 1011 4577 mutat]
1058 4508 1191 4567 vide,
1235 4509 1306 4563 ad
1343 4509 1524 4563 Car-m.
1561 4508 1608 4577 Ι,

466 4573 549 4640 17,
576 4577 623 4627 1.
660 4577 872 4631 Acron:
914 4597 1158 4650 „sei-vus,
1196 4581 1292 4648 qui
1328 4580 1609 4650 strigilem

1706 2648 1930 2704 furatur
1965 2654 2024 2704 et
2060 2653 2244 2704 mutat
2267 2649 2326 2703 in
2353 2667 2520 2705 uvam
2557 2650 2614 2720 (i.
2640 2668 2691 2706 e.
2717 2651 2860 2706 eius-

1707 2737 1815 2789 que
1847 2721 2034 2790 pretio
2079 2739 2245 2776 uvam
2283 2721 2390 2776 sibi
2427 2721 2612 2790 emit),
2661 2727 2729 2776 ut
2773 2739 2860 2777 ω-

1705 2792 1915 2858 medat‚
1987 2793 2221 2848 erimine
2280 2793 2537 2848 luxuriae
2598 2799 2862 2856 notatur.

1705 2863 1849 2918 liber
1897 2881 2056 2933 vel-0,
2099 2865 2199 2934 qui
2243 2865 2650 2934 patrimonium
2697 2883 2862 2920 suum

1704 2935 1960 2990 luxuriae
1997 2936 2288 3006 impendit,
2329 2953 2442 2990 non
2475 2937 2656 2992 servit

1703 3023 1806 3061 nee
1842 3008 2158 3062 luxuriosus
2196 3011 2280 3064 est
2293 3007 2356 3062 '?“
2397 3037 2461 3048 ·-
2499 3008 2711 3078 eto-iqui
2757 3009 2862 3064 13⁴.»

1706 3078 1837 3133 cker
1873 3079 2015 3134 Gall.
2034 3079 2097 3134 T.
2119 3079 2189 3134 11.
2209 3098 2265 3150 p.
2285 3081 2377 3133 47:
2419 3079 2562 3148 „Die
2605 3079 2860 3152 strigiles

1707 3150 1841 3204 oder
1877 3149 2211 3206 Schabeisen
2248 3151 2373 3205 sind
2405 3169 2504 3206 aus
2543 3151 2655 3207 den
2695 3152 2862 3220 Gym-

1703 3223 1896 3277 nasien
1932 3223 2196 3278 bekannt.
2263 3223 2326 3276 ln
2361 3223 2471 3277 den
2503 3223 2734 3278 Biidern
2767 3225 2862 3279 be-

1705 3293 1894 3348 diente
1946 3312 2077 3348 man
2143 3294 2261 3348 sich
2327 3294 2506 3359 ihrer,
2565 3313 2664 3349 um
2725 3295 2863 3360 Oel,

1707 3363 1974 3423 Schweiss
2010 3367 2126 3420 und
2163 3365 2394 3421 Unreini
2435 3366 2559 3420 keit
2602 3385 2718 3422 von
2759 3368 2866 3424 der

1703 3435 1859 3491 Haut
1897 3455 1966 3490 zu
2003 3437 2258 3492 sehaben.
2298 3437 2388 3491 Sie
2452 3438 2598 3492 aben
2629 3441 2863 3494 sssmmt-

1703 3508 1817 3562 lich
1853 3509 1976 3564 eine
2013 3509 2296 3579 Hohlung,
2340 3509 2400 3562 in
2441 3510 2686 3564 welcher
2721 3511 2860 3572 sich,

1701 3597 1863 3634 wenn
1899 3580 1979 3634 sie
2011 3581 2150 3635 iiber
2183 3581 2292 3636 den
2325 3580 2550 3650 Korper
2591 3581 2864 3651 strichen,

1704 3651 1988 3714 Schweiss,
2007 3651 2111 3706 Oel
2149 3653 2286 3706 oder
2316 3651 2542 3718 wasser
2567 3655 2862 3709 sammelte

1703 3723 1819 3778 und
1854 3724 1960 3778 wie
1995 3723 2055 3776 in
2103 3724 2259 3778 einer
2293 3723 2477 3778 Rinne
2525 3724 2862 3780 herablief.“

1705 3823 1770 3834 --
1797 3796 1958 3864 gulae
1981 3794 2212 3865 parens]
2243 3794 2535 3850 Sententia
2571 3796 2712 3852 haec
2744 3803 2862 3852 est:

1701 3863 2614 3996 33132220312.353;}{‘’h23ffl¹⁸⁰
2642 3885 2680 3938 ¹³
2687 3875 2863 4009 ‘'m-0⁸⁸3

1703 4009 1926 4079 Ulpian.
1963 4009 2090 4081 Dig.
2130 4009 2281 4080 XXI,
2321 4011 2369 4079 1,
2412 4012 2504 4064 17:
2541 4010 2864 4078 „En-onem

1702 4081 1783 4135 sie
1818 4081 2128 4149 definimus,
2168 4083 2266 4152 qui
2305 4100 2419 4136 nou
2449 4083 2684 4150 quidem
2710 4083 2865 4154 fugit

1701 4151 1799 4206 sed
1852 4151 2177 4222 frequenter
2223 4153 2342 4208 sine
2387 4169 2556 4208 eausa
2612 4159 2862 4225 vagatur

1703 4228 1758 4278 et
1797 4223 2142 4294 temporibus
2203 4225 2262 4278 in
2320 4224 2486 4278 rebus
2539 4226 2862 4295 nugatoriis

1700 4297 2047 4420 gogizumptis
2065 4295 2301 4421 azeriuzi
2319 4295 2732 4436 alium&
2761 4315 2858 4380 ‘re—

1739 4383 1759 4420 1
1790 4407 1803 4420 .
1879 4394 1944 4406 .-.
1985 4381 2064 4423 un
2162 4383 2240 4420 um
2753 4385 2858 4422 im·

1697 4437 1970 4506 pudentia
2001 4439 2156 4498 ,servi
2189 4438 2368 4492 iratus
2417 4438 2682 4494 dominus
2721 4440 2858 4509 lapi·

1699 4509 1824 4563 dem
1871 4510 2110 4578 quaerit,
2157 4527 2267 4578 quo
2313 4510 2526 4564 malum
2569 4511 2854 4566 hominem

1697 4581 1998 4649 percutiat.
2085 4581 2180 4636 Sic
2221 4587 2412 4637 autem
2449 4582 2620 4638 irasci
2667 4589 2728 4640 et
2771 4581 2854 4638 fu·
