3092 5059
307 233 432 298 262

1275 229 1733 296 CARMINUM

619 450 670 491 ευ
707 420 996 496 Doctor
1037 433 1353 519 argutae
1403 417 1685 492 fidicen
1740 415 2081 508 Thaliae,

705 543 1038 639 Phoebe,
1097 543 1230 643 qui
1282 542 1599 620 Xantho
1650 540 1845 617 lavis
1898 567 2125 617 amne
2182 539 2449 635 crinea,

710 670 1054 747 Dauniae
1099 669 1435 747 defende
1482 668 1717 745 decus
1770 665 2178 762 Camenae,

905 794 1136 871 Levis
1188 793 1517 894 Agyieu.

709 944 1082 1046 Spiritum
1132 944 1490 1021 Phoebus
1543 943 1757 1040 mihi,
1812 943 2172 1019 Phoebus
2225 953 2467 1016 artem

623 1103 675 1144 ω
710 1068 1094 1148 Carminis
1145 1095 1585 1168 nomenque
1640 1069 1855 1144 dedit
1904 1080 2199 1166 poetae.

707 1195 1111 1293 Virginum
1168 1195 1463 1291 primae
1515 1195 1891 1296 puerique
1944 1192 2167 1268 claris

914 1319 1270 1397 Patribus
1325 1320 1509 1396 orti:

703 1470 970 1548 Deliae
1021 1471 1259 1548 tutela
1301 1471 1493 1547 deae
1538 1471 1853 1569 fugaces

707 1595 1010 1696 Lyncas
1058 1609 1137 1674 et
1187 1621 1454 1672 cervos
1509 1596 1938 1673 cohibentis
1990 1621 2201 1691 arca,

623 1754 674 1793 ω
711 1720 1078 1798 Lesbium
1123 1734 1422 1798 servate
1475 1721 1756 1823 pedem
1807 1721 2116 1820 meique

904 1845 1219 1922 Pollicis
1270 1846 1526 1943 ictum,

707 1998 884 2074 Rite
923 1995 1267 2074 Latonae
1317 2023 1645 2095 puerum
1700 2009 2079 2092 canentes,

661 2143 671 2152 ·
711 2123 884 2199 Rite
929 2135 1396 2198 crescentem
1455 2124 1632 2199 face
1681 2123 2163 2198 Noctilucam

707 2247 1168 2346 Prosperam
1223 2249 1538 2347 frugum
1588 2247 2075 2346 celeremque
2124 2270 2412 2344 pronos

627 2405 678 2444 ιο
912 2365 1246 2449 V'olvere
1299 2400 1620 2450 menses.

710 2521 971 2624 Nupta
1021 2522 1170 2598 iam
1229 2522 1469 2598 dices:
1521 2525 1689 2621 Ego
1747 2522 1864 2598 dis
1910 2522 2242 2597 amicum

715 2647 1038 2724 Saeculo
1092 2648 1322 2724 festas
1375 2649 1763 2724 referente
1814 2647 2025 2722 luces

307 2869 512 2924 maluit
545 2867 790 2940 Aryivae
823 2888 892 2926 ex
931 2871 1108 2930 codd..
1145 2876 1211 2926 ut
1241 2872 1460 2944 Argiva

307 2939 512 2996 Thalia
575 2945 772 2997 contra
823 2942 1099 2998 Dauniam
1161 2943 1460 2999 Camenam

307 3017 1192 3157 {ffiff‘ssfd‘etffnegss‘fffiymze
1232 3015 1461 3142 im?

309 3173 422 3210 non
467 3154 724 3212 Troadis.
797 3157 868 3212 cf.
919 3159 1082 3212 Hom.
1120 3159 1186 3212 Il.
1225 3159 1298 3227 11,
1336 3161 1460 3213 877.

308 3227 378 3282 In
440 3227 614 3298 Lycia
681 3229 831 3283 enim
893 3231 1114 3286 Patara
1175 3231 1308 3284 urbs
1379 3235 1464 3284 est

309 3298 567 3368 Apollini
622 3317 794 3354 sacra.
877 3302 950 3357 cf.
1012 3301 1194 3357 Carm.
1250 3301 1349 3367 111,
1410 3305 1463 3370 4,

309 3371 377 3424 61
417 3387 538 3440 sqq.
604 3369 690 3425 De
729 3372 900 3427 verbo
948 3373 1124 3428 lavere
1171 3373 1244 3428 ad
1282 3373 1462 3428 Carm.

309 3440 380 3507 11,
414 3443 465 3502 3,
509 3443 592 3494 18.
633 3471 698 3481 -
739 3443 1020 3513 Dauniae]
1057 3444 1129 3498 cf.
1169 3445 1332 3500 Carm
1362 3445 1463 3509 111,

308 3511 396 3578 30,
439 3514 507 3567 10
531 3530 613 3582 sq.
663 3513 770 3569 Est
807 3515 985 3585 igitur
1015 3532 1174 3571 musa
1209 3516 1463 3582 Horatii;

309 3589 438 3638 orat
485 3584 634 3639 enim
677 3591 865 3654 poeta,
912 3591 978 3640 ut
1029 3604 1253 3642 carmen
1301 3604 1463 3642 suum

311 3655 594 3720 saeculare
629 3658 888 3728 Augusto
938 3663 997 3712 et
1030 3657 1298 3713 Romanis
1343 3659 1463 3728 pla-

311 3732 450 3782 ceat.
479 3755 546 3766 —
571 3727 812 3799 Δωρίου]
848 3729 1056 3799 Apollo
1103 3730 1254 3800 apud
1294 3729 1461 3785 Grae-

311 3815 403 3855 cos
451 3793 670 3866 ἀγυιεὺς
719 3801 1129 3870 appellabatur,
1176 3802 1311 3872 quia
1355 3802 1463 3856 viis

310 3869 541 3924 urbanis
578 3872 931 3941 praepositus
969 3877 1108 3928 erat.
1139 3873 1325 3941 Levis,
1359 3873 1464 3926 im-

307 3941 500 3997 berbis
537 3947 624 3997 est
658 3947 893 4014 propter
917 3950 1248 4014 perpetuam
1271 3945 1462 3999 iuven-

309 4017 508 4068 tutem.

383 4083 447 4138 V.
475 4085 560 4138 29.
595 4083 888 4157 Spiritum]
925 4087 1081 4142 Inter
1105 4105 1164 4142 se
1201 4085 1464 4157 opposita

311 4160 442 4210 sunt
465 4155 703 4226 spiritus
739 4161 798 4212 et
821 4173 936 4226 ars,
973 4159 1202 4229 egregio
1229 4158 1461 4213 consilio

311 4226 370 4281 in
407 4229 724 4298 praecipuis
759 4245 952 4284 versus
997 4230 1134 4284 locis
1173 4229 1460 4284 collocata.

315 4297 470 4366 Quae
493 4315 620 4354 cum
645 4300 945 4355 coniuncta
961 4307 1093 4355 sunt
1110 4301 1320 4356 bonum
1341 4300 1461 4356 effi·

313 4369 470 4423 ciunt
491 4375 720 4439 poetam
743 4372 1096 4442 nominisque
1125 4372 1348 4428 landem
1365 4389 1461 4442 pa·

313 4443 459 4494 rant.
476 4443 788 4512 -prt'mae1
809 4443 1024 4499 Chorus
1050 4444 1369 4515 eligebatur
1393 4462 1462 4500 ex

313 4510 596 4567 nobilibus
630 4515 820 4582 pueris
855 4520 913 4571 et
949 4515 1169 4586 puellis,
1203 4515 1464 4585 patrimis

315 4585 374 4635 et
409 4583 702 4640 matrimis.
743 4615 806 4624 —
843 4585 1034 4657 maa]
1079 4587 1213 4657 quia
1261 4587 1461 4643 chorus

1564 2873 1625 2926 in
1660 2872 1839 2927 tutela
1886 2870 2119 2925 deornm
2170 2874 2272 2936 est,
2323 2886 2559 2940 quorum
2598 2871 2720 2925 lau-

1564 2943 1660 2998 des
1708 2944 1874 2998 canit.
1946 2941 2219 3012 Compara
2264 2941 2554 3013 egregium
2600 2957 2721 2996 car·

1564 3033 1695 3070 men
1738 3014 1944 3069 Catulli
1983 3016 2076 3068 34:
2136 3013 2387 3081 „Dianae
2430 3029 2621 3067 sumus
2658 3012 2719 3066 in

1564 3087 1675 3141 fide
1712 3085 1937 3140 Puellae
1972 3090 2031 3140 et
2074 3085 2236 3154 pueri
2269 3085 2508 3155 integri:
2584 3083 2720 3140 Dia-

1566 3176 1695 3285 ffi
1708 3155 2721 3298 ιιΡωῗὲἳῗέ-..ᾎἏΡὲἓέἔᾙὲᾧῖἰὲἰ

1568 3319 1709 3364 cum,
1770 3317 1879 3370 quo
1933 3299 2169 3354 Carmen
2226 3297 2521 3354 Saeculare
2574 3315 2721 3354 com-

1566 3373 1812 3444 positum
1848 3376 1950 3426 est.
1998 3400 2064 3410 —
2114 3370 2337 3441 pollicis
2382 3371 2573 3439 ictum]
2610 3369 2718 3424 Lo·

1572 3443 1767 3514 quitur
1801 3443 1871 3497 de
1906 3441 2169 3497 carminis
2208 3443 2319 3512 ῥυθ
2366 3443 2430 3511 ᾧ,
2467 3441 2564 3510 qui
2596 3441 2717 3511 pol·

1568 3516 1691 3570 licis
1718 3519 1874 3569 motu
1895 3513 2269 3568 indicabatur.
2344 3519 2519 3568 erent.
2534 3513 2715 3566 Maur.

1568 3586 1734 3640 2258:
1776 3586 2097 3654 „adsuetam
2122 3600 2357 3652 moram,
2395 3584 2573 3652 Quam
2594 3584 2713 3653 pol-

1566 3658 1690 3713 licis
1728 3674 1927 3713 sonore
1960 3658 2052 3711 vel
2087 3657 2288 3726 plausu
2322 3657 2484 3725 pedis
2508 3655 2719 3711 Discri-

1566 3730 1800 3797 minare,
1849 3730 1947 3798 qui
1993 3728 2195 3783 docent
2243 3731 2439 3796 artem,
2485 3727 2717 3782 solent.“

1570 3831 1637 3841 —
1664 3801 1789 3870 rite]
1829 3800 1915 3855 bis
1950 3799 2197 3869 positum
2234 3816 2338 3868 per
2372 3799 2721 3868 anaphoram

1567 3876 1802 3942 propter
1854 3888 2117 3941 magnam
2154 3887 2441 3926 sacrorum
2490 3871 2594 3924 rel'
2646 3871 2721 3925 ‘o-

1568 3961 1717 4012 nem‚
1754 3961 1866 4013 qua
1898 3961 1971 3997 ne
2008 3942 2146 4012 quid
2184 3959 2359 4012 prave
2392 3941 2557 3996 fieret
2632 3943 2722 3996 ili·

1566 4019 1767 4086 genter
1800 4013 2109 4070 cavendum
2143 4017 2282 4068 erat.
2320 4011 2391 4068 cf.
2414 4013 2597 4068 Gann.
2622 4009 2720 4082 IV,

1571 4089 1656 4155 15,
1692 4087 1779 4141 28.
1821 4115 1884 4127 -
1923 4085 2070 4170 face]
2115 4085 2343 4140 lumine.
2414 4085 2523 4138 Est
2569 4086 2721 4140 enim

1566 4157 1753 4214 Diana
1804 4175 2115 4227 νυκτιφαης,
2168 4159 2555 4225 νυκτιλαμπης,
2608 4157 2720 4212 No·

1568 4230 1790 4285 ctiluca.
1830 4259 1894 4270 —
1926 4228 2172 4299 frugum]
2206 4228 2291 4282 De
2335 4227 2599 4298 genetivo
2647 4227 2721 4283 cf.

1566 4301 1666 4370 111,
1715 4304 1768 4370 6,
1814 4303 1898 4358 17.
1971 4299 2027 4354 C.
2066 4299 2119 4354 S.
2158 4301 2239 4354 19.
2313 4299 2400 4353 29.
2439 4299 2723 4370 Prospera

1568 4377 1653 4428 est
1686 4375 1925 4444 frugum,
1972 4371 2105 4440 quia
2152 4369 2343 4440 fruges
2388 4371 2577 4425 nutrit
2621 4388 2719 4425 no·

1568 4449 1768 4500 cturno
1802 4461 1931 4498 rore
1975 4446 2033 4498 et
2066 4445 2221 4497 recto
2260 4441 2391 4495 anni
2416 4445 2720 4512 tempesta·

1564 4515 1751 4585 tisque
1778 4515 2031 4570 decursu.
2058 4543 2125 4554 —
2150 4510 2352 4581 nupta]
2376 4511 2555 4567 Grata
2580 4513 2717 4567 olim

1567 4587 1679 4642 erit
1712 4587 1984 4642 festorum
2019 4591 2077 4641 et
2117 4583 2345 4638 honoris
2370 4583 2719 4655 recordati05
