3092 5059
1078 242 1237 308 LIB.
1281 241 1328 307 Ι.
1380 241 1652 308 EPIST.
1695 241 1777 306 X.

2505 239 2628 305 535

327 431 679 508 Deterius
728 430 1037 530 Libycis
1091 430 1247 505 olet
1297 443 1429 505 aut
1476 431 1672 506 nitet
1719 430 1962 505 herba
2013 427 2362 529 lapillis?

242 589 295 629 20
330 557 606 632 Purior
654 559 736 631 in
788 556 975 632 vicis
1026 581 1229 654 aqua
1280 555 1531 630 tendit
1577 581 1936 654 rumpere
1987 553 2408 652 plumbum,

330 682 577 775 Quam
597 706 793 780 quae
813 707 955 777 per
980 707 1307 782 pronum
1341 679 1680 776 trepidat
1707 705 1878 754 cum
1909 705 2302 754 murmure
2323 680 2572 754 rivum
2591 681 2628 753 ?

326 805 623 904 Nempe
674 807 875 881 inter
928 804 1175 880 varias
1226 803 1561 878 nutritur
1613 801 1808 877 silva
1861 803 2276 898 columnae,

330 929 879 1029 Laudaturque
926 929 1219 1024 domus,
1268 929 1543 1026 longos
1597 953 1796 1026 quae
1846 929 2224 1026 prospicit
2265 954 2517 1026 agros.

328 1056 697 1132 Naturam
748 1055 1087 1153 expelles
1130 1055 1371 1147 furca,
1427 1068 1686 1129 tamen
1739 1078 1984 1152 usque
2034 1066 2397 1150 recurret,

244 1213 297 1252 εὖ
330 1180 429 1256 Et
480 1180 685 1256 mala
734 1191 1184 1281 perrumpet
1237 1177 1505 1254 furtim
1561 1177 1874 1254 fastidia
1927 1175 2228 1250 victriX.

330 1303 527 1398 Non,
588 1303 721 1403 qui
772 1301 1092 1380 Sidonio
1149 1300 1616 1376 contendere
1669 1300 1992 1376 callidus
2047 1314 2253 1376 ostro

329 1428 591 1504 Nescit
642 1425 1111 1526 Aquinatem
1162 1427 1509 1528 potantia
1561 1424 1854 1501 vellera
1909 1425 2197 1518 fucum,

336 1553 635 1630 Certius
688 1551 1012 1651 accipiet
1064 1550 1428 1626 damnum
1486 1550 1900 1650 propiusve
1957 1549 2339 1647 medullis,

339 1677 585 1770 Quam
644 1677 776 1777 qui
824 1701 980 1752 non
1034 1675 1316 1776 poterit
1369 1700 1554 1750 vero
1601 1675 2076 1772 distinguere
2127 1675 2434 1750 falsum.

252 1837 305 1878 so
342 1802 589 1895 Quem
643 1829 761 1878 res
814 1801 987 1902 plus
1032 1801 1271 1876 nimio
1328 1800 1814 1876 delectavere
1866 1799 2272 1896 secundae,

335 1931 675 2004 Mutatae
728 1929 1092 2028 quatient.
1199 1925 1281 2004 Si
1334 1927 1520 2027 quid
1569 1927 1972 2024 mirabere,
2027 1952 2270 2022 pones

242 2153 540 2210 tessellatis
590 2157 648 2208 et
690 2153 1072 2208 vermiculatis
1118 2170 1187 2207 ex
1246 2171 1393 2208 mar-

240 2244 396 2280 more
449 2224 775 2293 Numidieo,
838 2225 907 2279 de
962 2243 1073 2294 quo
1132 2223 1264 2279 vide
1320 2225 1393 2280 ad

243 2297 422 2352 Carm.
460 2297 532 2360 H,
574 2298 657 2360 18,
696 2296 745 2352 3.
817 2296 1083 2352 Solebant
1118 2297 1394 2352 luxuriosi

239 2369 492 2424 homines
542 2370 713 2424 etiam
768 2369 1095 2438 pavimenta
1144 2386 1391 2439 unguen-

238 2442 315 2496 tis
362 2439 728 2510 perfundere3
778 2439 909 2494 inde
954 2441 1073 2496 olet.
1122 2469 1191 2480 -
1237 2440 1392 2510 vicis]

240 2513 353 2568 Cic.
400 2512 520 2566 Mil.
566 2515 653 2575 24,
704 2514 789 2566 64.
873 2511 943 2566 ef.
984 2511 1099 2567 Sat.
1138 2511 1183 2580 1,
1220 2511 1269 2577 9,
1314 2511 1393 2567 13.

240 2584 311 2651 11,
352 2585 403 2644 3.
442 2585 563 2640 228.
603 2583 783 2652 Epist.
823 2583 895 2651 11,
939 2587 987 2651 1,
1025 2584 1147 2637 269.
1186 2615 1251 2624 -
1290 2589 1393 2638 tre·

235 2655 419 2725 pidet]
460 2655 639 2710 Carm-
677 2655 751 2724 11,
788 2657 839 2719 B,
887 2656 971 2708 12.

312 2727 377 2781 V.
404 2727 491 2779 22.
557 2727 789 2796 Nempe]
843 2726 997 2781 Inest
1034 2727 1091 2782 in
1129 2727 1238 2782 hoc
1273 2727 1395 2782 loeo

241 2799 457 2853 ironica
516 2799 790 2866 quaedam
853 2799 1264 2869 argumentatio
1326 2798 1396 2853 de

238 2871 591 2940 praestantia
614 2871 761 2924 ruris
798 2870 928 2924 inde
964 2875 1207 2940 sumpta,
1247 2871 1395 2938 quod

242 2943 343 3011 qui
378 2941 545 2996 urbes
578 2942 831 2996 incolunt
856 2943 1223 2997 amoenitates
1248 2943 1397 2996 ruris

242 3013 541 3068 imitantur
594 3030 795 3081 easque
842 3013 1038 3068 domos
1084 3014 1193 3082 ipsi
1238 3031 1397 3083 prae·

243 3085 435 3140 ferunt
462 3102 603 3153 quae
627 3101 721 3138 ma
798 3101 895 3138 um
920 3086 977 3138 in
1000 3102 1167 3156 agros
1187 3086 1399 3140 habent

244 3159 617 3227 prospectum.
711 3101 888 3210 ‘gelren
934 3158 1005 3208 22
1062 3157 1399 3212 describitur

244 3228 579 3284 viridarium
616 3229 675 3282 in
712 3228 987 3297 impluvio
1025 3228 1248 3282 aedium
1285 3230 1397 3283 cin-

248 3304 401 3356 ctum
440 3300 733 3369 peristylio
770 3317 838 3354 ex
864 3300 1137 3354 columnis
1159 3317 1399 3354 marmo-

246 3372 355 3426 reis
382 3372 541 3426 vario
570 3372 757 3426 colore
782 3371 1077 3426 maculatis
1097 3376 1401 3426 exstructo·

248 3444 393 3498 Plin.
417 3443 599 3512 Epist.
622 3442 687 3509 V,
704 3444 763 3496 6:
802 3442 1027 3510 „diaeta
1046 3443 1225 3512 cingit
1248 3461 1401 3498 areo·

248 3517 379 3583 lam,
432 3532 573 3583 quae
623 3517 891 3583 quattuor
936 3515 1179 3584 platanis
1226 3515 1402 3570 inum·

246 3587 462 3642 bratur.
536 3587 691 3641 Inter
736 3585 836 3640 has
889 3602 1204 3641 marmoreo
1242 3586 1401 3640 labro

246 3677 393 3728 aqua
447 3657 695 3712 exundat
746 3658 1239 3726 circumiectasque
1285 3658 1401 3727 pla-

246 3735 409 3786 tanos
430 3733 489 3784 et
524 3729 775 3784 subiecta
798 3729 1043 3798 platanis
1066 3729 1180 3784 leni
1217 3746 1405 3800 asper-

248 3803 381 3873 gine
425 3800 637 3856 fovet.“
715 3800 901 3856 Senes.
952 3801 1211 3856 Controv.
1255 3803 1306 3866 ὃ,
1344 3804 1403 3854 5:

250 3874 444 3942 „Intra
484 3871 739 3927 aedificia
772 3877 963 3927 vestra
998 3872 1177 3928 undas
1218 3879 1275 3926 et
1310 3889 1404 3926 ne·

247 3963 409 4000 mora
452 3943 980 4012 comprehenditis.“
1056 3942 1263 3999 Tibull.
1304 3943 1405 4010 111,

249 4017 301 4085 3,
329 4019 420 4069 15:
462 4021 557 4082 „et
592 4033 821 4070 nemora
845 4015 905 4070 in
930 4016 1189 4071 domibus
1220 4032 1405 4070 sacros

252 4088 537 4143 imitantia
573 4087 779 4142 lucos.“
820 4085 1046 4142 Sueton.
1086 4087 1279 4142 Octav.
1306 4088 1402 4140 92:

250 4163 511 4229 „enatam
524 4159 674 4212 inter
696 4159 983 4213 iuncturas
1003 4159 1254 4228 lapidum
1275 4162 1405 4212 ante

252 4232 481 4288 domum
500 4247 657 4286 suam
676 4230 923 4298 palmam
945 4231 1005 4284 in
1024 4231 1402 4298 compluvium

253 4303 485 4358 deorum
524 4301 823 4357 Penatium
862 4301 1171 4356 transtulit.
1210 4329 1281 4341 —
1314 4317 1403 4356 a·

248 4375 414 4444 pelles
440 4373 625 4443 furca]
658 4391 725 4428 ex
744 4373 1074 4442 proverbio:
1102 4387 1230 4426 cum
1254 4373 1409 4443 igno·

254 4447 427 4500 minia
470 4445 771 4500 exturbare
824 4443 1091 4512 aliquem.
1161 4443 1296 4509 Alii,
1345 4449 1411 4498 ut

256 4517 541 4572 Lehrsius.
578 4533 647 4571 ex
695 4514 975 4569 nonnullis
1025 4515 1183 4570 codd.
1231 4517 1409 4585 expel-

256 4590 356 4644 las.
408 4588 697 4646 Bentleius
758 4587 865 4642 sic:
932 4586 1236 4658 „E'oepellas
1279 4603 1412 4657 per-

1483 2153 1615 2208 inde
1652 2153 1763 2207 erit
1801 2170 1865 2208 ac
1915 2151 2098 2221 possis
2148 2149 2428 2222 expelles-03
2466 2147 2641 2218 expel-

1483 2225 1559 2279 les
1601 2242 1735 2279 vero
1782 2225 1932 2279 idem
1971 2241 2035 2278 ac
2077 2223 2176 2289 vis,
2214 2221 2388 2290 cupis,
2425 2219 2644 2276 conaris

1485 2297 1780 2366 expellere.
1843 2296 1980 2350 Cum
2018 2299 2204 2350 autem
2239 2299 2442 2349 natura
2477 2291 2639 2346 mini-

1486 2385 1575 2422 me
1611 2369 1816 2436 expelli
1865 2367 2064 2436 possit,
2112 2367 2326 2421 frustra
2358 2369 2641 2430 canentum

1487 2445 1620 2494 utra
1659 2440 1775 2494 utri
1819 2440 1988 2494 lectio
2028 2437 2394 2508 praeferenda
2430 2435 2505 2489 sit
2529 2435 2642 2488 iam

1486 2510 1682 2566 tardus
1719 2529 1794 2573 es,
1835 2512 1885 2565 si
1927 2528 2041 2565 non
2085 2509 2264 2579 probe
2308 2505 2642 2577 intellegis.“

1488 2611 1554 2622 -·
1592 2581 1852 2652 fastidia]
1901 2582 2083 2637 Schol.
2129 2582 2333 2650 antiq:
2394 2579 2644 2647 „Natura

1488 2655 1812 2723 sapientior,
1839 2655 2032 2722 paucis
2058 2657 2337 2721 contenta,
2362 2651 2552 2706 vincet
2587 2653 2646 2704 et

1487 2726 1780 2780 damnabit
1833 2725 2182 2780 fastidiosam
2235 2723 2516 2778 luxuriam
2561 2720 2642 2775 di·

1487 2798 1670 2852 vitum
1705 2797 1972 2866 pleraque
2012 2797 2159 2851 male
2203 2793 2642 2865 appetentium.“

1490 2898 1557 2908 —-
1573 2869 1702 2924 Non
1722 2867 1836 2938 qut]
1855 2868 2064 2938 Incipit
2073 2868 2144 2922 ab
2157 2867 2264 2922 hoc
2282 2884 2446 2921 versu
2463 2864 2643 2920 altera

1490 2941 1762 3010 epistulae
1786 2957 1936 3009 pars,
1962 2941 2043 2994 ita
2071 2947 2136 2993 ut
2158 2944 2282 2993 tota
2307 2941 2364 2992 in
2389 2939 2527 2992 duas
2557 2953 2644 2990 ae-

1492 3013 1682 3082 quales
1720 3016 1908 3081 partes
1948 3010 2252 3078 dividatur,
2282 3027 2412 3065 casu
2445 3009 2642 3078 magis,

1490 3089 1556 3139 ut
1577 3082 1818 3150 videtur,
1841 3101 2006 3152 quam
2029 3083 2278 3137 oonsilio.
2305 3081 2446 3136 Ruri
2467 3081 2646 3150 igitur

1490 3156 1616 3213 fieri
1651 3159 1840 3224 potest
1875 3160 1940 3209 ut
1971 3155 2365 3208 convenienter
2410 3157 2647 3207 naturae

1492 3229 1763 3292 vivamus,
1789 3231 1993 3280 natura
2028 3231 2216 3281 autem
2241 3225 2450 3294 ubique
2485 3240 2646 3278 suum

1492 3299 1579 3354 ius
1649 3298 1924 3367 postulat,
1996 3315 2169 3366 quare
2244 3297 2456 3350 rustica
2527 3295 2648 3350 vita

1492 3370 1708 3441 optima
1741 3375 1841 3423 est.
1879 3368 2040 3436 Quod
2077 3373 2140 3422 ut
2179 3375 2334 3422 recte
2355 3367 2644 3436 intellega-

1494 3447 1592 3496 tur
1647 3458 1868 3496 necesse
1922 3446 2009 3495 est
2061 3457 2256 3494 verum
2303 3458 2336 3493 a
2379 3439 2519 3493 falso
2567 3438 2648 3491 di-

1496 3515 1838 3584 stinguatur,
1894 3530 1964 3567 ne
2023 3511 2434 3566 beatitudinem
2485 3527 2650 3578 quae-

1495 3602 1701 3646 ramus,
1752 3583 2079 3638 servitutem
2125 3583 2526 3637 nanciscamur.
2581 3609 2648 3620 --

1495 3653 1744 3726 Sidonio]
1784 3650 1991 3723 Σιδών,
2027 3655 2278 3713 Σιδῶνος
2313 3659 2362 3708 et
2400 3646 2652 3720 Σιδόνος,

1497 3729 1591 3782 lon
1701 3731 1892 3781 tamen
1927 3743 1958 3780 ο
1999 3726 2192 3780 littera
2227 3726 2406 3796 magis
2443 3725 2654 3778 usitata

1497 3801 1556 3854 in
1632 3799 1828 3853 raecis.
1867 3798 2003 3852 Inde
2031 3802 2334 3866 utrumque
2372 3793 2521 3865 apud
2546 3794 2650 3850 La·

1496 3872 1661 3933 tinos,
1705 3869 1968 3924 Sidonius
2018 3876 2076 3923 et
2113 3867 2391 3928 Sidonius.
2437 3866 2654 3937 praefe-

1497 3943 1808 4011 rebantque
1843 3946 2044 4011 poetae
2069 3946 2260 3995 utrum
2285 3943 2430 3995 esset
2467 3939 2651 4008 aptius

1497 4015 1570 4068 ad
1595 4019 1855 4068 metrum.
1894 4013 2072 4082 Epod.
2095 4015 2177 4079 16,
2197 4013 2285 4066 59.
2325 4010 2488 4081 Verg.
2511 4013 2653 4065 Aen.

1497 4085 1594 4154 IV,
1630 4087 1754 4139 545.
1789 4085 1886 4151 XI,
1925 4085 2011 4138 74.
2049 4111 2120 4124 ·-
2157 4082 2487 4152 contendere]
2528 4099 2653 4136 cum

1498 4157 1708 4224 dativo,
1729 4157 1766 4210 i.
1787 4173 1834 4212 e.
1851 4173 2178 4225 comparare
2195 4159 2254 4209 et
2275 4153 2652 4224 comparando

1500 4229 1863 4299 distinguere.
1891 4257 1958 4268 —
1983 4225 2344 4296 Aquinatem]
2373 4226 2659 4294 „Aquina-

1507 4305 1594 4355 tes
1612 4317 1894 4370 purpurae
1913 4299 2119 4354 similes
2135 4303 2266 4353 sunt
2282 4297 2467 4366 Tyriis
2481 4316 2494 4365 ;
2517 4297 2655 4350 mul-

1506 4377 1630 4426 tum
1671 4389 1806 4443 ergo
1845 4371 2093 4440 imperiti
2124 4369 2453 4424 falluntur.“
2491 4372 2657 4423 Acro.

1510 4444 1723 4514 -plus
1745 4442 1939 4512 nimio]
1966 4442 2096 4496 vide
2121 4441 2194 4496 ad
2220 4441 2398 4495 Carm.
2424 4440 2468 4509 1,
2495 4443 2582 4508 33,
2611 4441 2658 4494 1.

1510 4545 1577 4554 -—
1601 4513 1875 4583 quatient]
1913 4513 1984 4568 cf.
2013 4513 2194 4568 Carm.
2213 4512 2315 4580 111,
2333 4515 2386 4580 3,
2409 4514 2460 4565 4.
2483 4542 2550 4552 -
2563 4527 2658 4581 po-

1509 4585 1628 4656 nes]
1667 4585 1909 4656 depones
1948 4589 2006 4639 et
2043 4584 2274 4640 carebis.
2323 4583 2394 4640 cf.
2434 4583 2546 4640 Sat.
2586 4583 2658 4650 11,
