3092 5059
402 227 521 291 152

1287 274 1298 287 .
1365 220 1823 288 CARMINUM

1257 437 1635 524 CARMEN
1696 436 1949 523 XVII.

797 607 954 685 Cur
999 630 1122 681 me
1178 602 1542 703 querellis
1594 602 1986 677 exanimas
2031 600 2227 677 tuis?

795 730 954 806 Nec
1005 730 1122 805 dis
1173 728 1505 805 amicum
1559 739 1671 802 est
1720 751 1863 801 nec
1913 726 2107 800 mihi
2150 738 2223 800 te
2272 724 2484 825 prius

897 853 1160 951 Obire,
1213 834 1640 946 Maecenas,
1695 876 2039 926 mearum

997 978 1318 1057 Grande
1372 978 1608 1054 decus
1663 975 2174 1075 columenque
2225 1000 2501 1051 rerum.

743 1160 769 1199 s
806 1128 903 1225 A,
957 1141 1035 1205 te
1085 1155 1300 1205 meae
1357 1129 1422 1203 si
1475 1140 1775 1226 partem
1828 1125 2127 1203 animae
2176 1125 2379 1223 rapit

797 1254 1178 1331 Maturior
1232 1252 1368 1340 vis,
1426 1249 1614 1349 quid
1665 1274 1929 1324 moror
1980 1248 2243 1345 altera,

898 1378 1060 1454 Nec
1112 1402 1332 1452 carus
1387 1400 1633 1474 aeque
1684 1399 1826 1449 nec
1872 1384 2251 1471 superstes

991 1502 1358 1601 Integer?
1463 1499 1611 1575 Ille
1664 1499 1826 1574 dies
1880 1512 2290 1597 utramque

799 1658 1045 1733 Ducet
1094 1655 1417 1729 ruinam.
1522 1652 1697 1727 Non
1754 1675 1899 1747 ego
1950 1649 2330 1747 perfidum

719 1816 765 1852 ιο
799 1782 981 1857 Dixi
1032 1791 1633 1855 sacramentum:
1685 1776 1989 1871 ibimus,
2043 1775 2346 1871 ibimus,
2422 1810 2441 1832 ·

897 1907 1328 2004 Utcumque
1371 1901 1810 2001 praecedes,
1868 1925 2307 1998 supremum

1001 2030 1339 2129 Carpere
1389 2030 1536 2103 iter
1587 2027 1900 2102 comites
1952 2026 2225 2127 parati.

801 2182 931 2257 Me
983 2207 1125 2256 nec
1173 2179 1628 2259 Chimaerae
1678 2178 1988 2275 spiritus
2039 2178 2315 2275 igneae

801 2306 962 2382 Nec
1013 2306 1077 2379 si
1129 2316 1476 2401 resurgat
1529 2303 2003 2379 centimanus
2056 2300 2267 2399 Gyas

726 2543 1020 2598 Carmen
1055 2541 1230 2597 XVII.

479 2641 615 2694 Cum
646 2639 938 2693 Maecenas
975 2640 1261 2709 perpetuis
1299 2638 1553 2693 febribus

407 2712 691 2766 laboraret
711 2740 780 2749 —
806 2712 875 2765 de
913 2728 1025 2779 qua
1061 2728 1124 2765 re
1147 2710 1362 2764 Plinius
1389 2710 1456 2763 N.
1477 2709 1549 2763 H.

406 2782 527 2851 VH,
566 2785 656 2835 51:
715 2781 1092 2849 „Quibusdam
1145 2786 1421 2851 perpetua
1472 2781 1551 2834 fe·

407 2854 523 2907 bris
561 2858 645 2908 est
681 2854 827 2908 sicut
866 2853 923 2907 C.
962 2852 1288 2908 Maecenati.
1347 2853 1547 2907 Eidem

405 2927 648 2980 triennio
705 2942 964 2995 supremo
1017 2926 1173 2979 nullo
1217 2925 1390 2979 horae
1435 2941 1552 2979 mo·

406 3002 596 3051 mento
635 2996 874 3067 contigit
911 2998 1190 3050 somnus.“
1231 3026 1298 3035 --
1348 2996 1549 3050 sensim

404 3074 566 3123 tanta
601 3070 720 3122 eius
759 3069 1010 3123 animum
1056 3085 1352 3137 occupasse
1396 3068 1551 3121 vide-

407 3146 503 3195 tur
539 3139 791 3204 tristitia,
830 3144 896 3194 ut
930 3158 1056 3193 cum
1091 3144 1228 3194 tunc
1262 3141 1446 3208 ipsum
1483 3156 1553 3193 ex

405 3212 568 3283 gravi
607 3212 820 3281 impetu
859 3211 1246 3277 convaluisset,
1288 3211 1553 3265 restituta

403 3284 724 3337 valetudine
778 3301 891 3338 non
944 3284 1056 3337 iam
1111 3283 1399 3353 gauderet,
1457 3282 1555 3336 sed

404 3373 474 3409 ne
500 3355 757 3409 redeunti
783 3355 984 3409 morbo
1009 3371 1142 3408 mox
1166 3354 1551 3409 succumberet

405 3428 669 3481 continuo
718 3444 928 3497 angore
986 3432 1352 3495 premeretur.
1430 3423 1553 3492 Qua

407 3498 580 3553 animi
619 3497 932 3552 adfectione
959 3498 1096 3567 quid
1119 3498 1337 3551 tristius
1363 3498 1551 3566 potuit

407 3587 525 3623 esse
559 3570 775 3637 optimo
812 3571 1010 3636 amico,
1046 3569 1321 3623 Horatio?
1369 3567 1553 3635 Quare

405 3640 500 3694 hic
543 3640 702 3693 illum
751 3641 1015 3696 admonet
1062 3658 1134 3695 ne
1184 3642 1336 3695 vitae
1397 3657 1551 3709 spem

406 3711 626 3765 abicere
705 3712 870 3781 velit3
942 3713 1174 3782 utrique
1241 3712 1552 3782 longiorem

405 3784 582 3836 vitam
628 3782 818 3837 divino
869 3784 1101 3838 consilio
1147 3800 1264 3837 esse
1309 3783 1551 3837 destina-

405 3860 551 3923 tam3
589 3855 744 3909 cuius
794 3855 876 3909 rei
921 3856 1266 3910 luculentum
1302 3854 1553 3909 testimo·

405 3927 561 3980 nium
615 3933 916 3995 utrumque
969 3927 1260 3996 accepisse,
1311 3927 1553 3981 alterum

403 3999 463 4051 in
491 3999 672 4053 salute
709 4015 778 4052 ex
813 4000 1009 4053 morbo
1045 3999 1324 4065 restituta,
1369 3998 1427 4050 in
1461 4015 1550 4051 ca-

403 4069 522 4139 pite
558 4086 591 4123 a
628 4070 859 4123 cadente
905 4069 1109 4124 arbore
1156 4074 1378 4124 servato
1415 4068 1551 4123 alte-

405 4158 550 4195 rum.
589 4140 800 4207 Quibus
840 4141 1074 4195 deorum
1107 4140 1390 4195 beneficiis
1416 4140 1553 4208 quid

404 4211 558 4266 aliud
619 4212 840 4267 ostendi
895 4212 1002 4265 nisi
1075 4214 1370 4267 coniuncta
1435 4228 1553 4265 esse

405 4284 696 4353 utriusque
733 4284 894 4338 fata?
968 4286 1137 4338 Anno
1171 4284 1394 4337 videtur
1444 4282 1551 4337 hoc

407 4372 632 4409 carmen
689 4372 807 4410 esse
863 4356 1132 4425 scriptum
1189 4354 1383 4409 eodem
1439 4372 1550 4423 quo

403 4426 568 4480 huius
606 4427 739 4481 libri
770 4430 850 4495 13,
889 4426 960 4481 ad
986 4426 1136 4495 quod
1163 4426 1305 4481 vide.
1360 4426 1553 4480 Facile

405 4496 770 4579 intellegitur,
821 4501 1006 4553 totum
1056 4497 1162 4552 hoc
1215 4496 1551 4551 tenerrimae

407 4567 686 4622 amicitiae
714 4568 1098 4623 testimonium
1123 4568 1182 4621 in
1211 4566 1350 4623 duas
1369 4567 1551 4623 dividi

1654 2497 1911 2565 aequales
1936 2499 2143 2565 partes,
2183 2512 2421 2565 quarum
2452 2496 2615 2565 quasi
2642 2512 2804 2565 prae-

1652 2568 1882 2621 nuntius
1918 2572 2003 2621 est
2036 2584 2229 2621 versus
2264 2568 2317 2621 2.

1724 2639 1791 2693 V.
1832 2642 1881 2692 l.
1932 2637 2241 2722 exanimas]
2288 2656 2543 2693 macrore
2592 2637 2806 2693 adficis.

1655 2710 1767 2765 Sat.
1806 2711 1851 2775 1,
1888 2712 1939 2779 4,
1982 2711 2099 2763 127.
2177 2709 2285 2764 Cic.
2332 2728 2437 2780 pro
2473 2709 2591 2763 Mil.
2636 2728 2683 2765 c.
2717 2710 2807 2779 34,

1654 2784 1741 2836 93.
1773 2812 1837 2821 —-
1875 2781 2037 2837 decus
2057 2781 2418 2852 columam]
2446 2782 2641 2837 eadem
2666 2782 2809 2837 haec

1653 2857 1985 2908 ornamenta
2040 2870 2184 2921 quae
2242 2852 2423 2907 Carm.
2463 2852 2509 2922 1,
2556 2857 2600 2915 1,
2639 2854 2689 2906 2.
2736 2882 2807 2894 -—

1650 2931 1863 2993 partem
1920 2922 2160 2994 animae]
2222 2923 2291 2979 cf.
2346 2924 2527 2979 Carm.
2574 2924 2618 2993 1,
2660 2926 2713 2992 3,
2750 2926 2804 2991 8,

1655 2996 1754 3050 ubi
1814 2997 1959 3050 vide.
2024 3024 2096 3035 —
2156 3012 2321 3050 carus
2382 2996 2570 3065 aeque]
2632 3000 2807 3065 atque

1656 3084 1803 3122 nunc
1864 3086 2001 3121 sum.
2084 3065 2206 3134 Quo
2266 3068 2467 3136 verb0,
2536 3067 2673 3135 quid
2732 3068 2811 3121 sit

1656 3138 1864 3208 quidve
1900 3139 2087 3193 valeat
2137 3142 2321 3192 totum
2370 3156 2429 3193 se
2470 3138 2675 3193 debere
2723 3140 2811 3193 ait

1655 3211 1982 3265 Maecenati.
2022 3210 2091 3263 cf.
2126 3208 2307 3279 Epist.
2345 3210 2389 3278 1,
2414 3212 2468 3275 3,
2491 3210 2578 3263 29.
2620 3209 2808 3279 Epod.

1654 3283 1699 3351 I,
1728 3284 1774 3335 5.
1797 3311 1861 3321 —
1888 3283 1966 3350 A]
2002 3281 2098 3349 sic,
2132 3299 2245 3335 non
2280 3282 2355 3335 ah
2390 3282 2709 3335 interiectio
2747 3282 2811 3337 in

1656 3354 1885 3423 optimis
1923 3352 2081 3407 codd.
2110 3354 2319 3421 scripta
2356 3358 2459 3407 est.
2482 3380 2552 3391 —
2584 3353 2809 3422 ibimus,

1654 3426 1876 3495 ibimus]
1900 3425 1961 3478 in
1996 3424 2435 3493 reduplicatione
2470 3420 2809 3491 (ἇναδίπλω-

1658 3495 1759 3567 σες)
1806 3497 1951 3551 mira
1995 3496 2270 3565 quaedam
2321 3497 2405 3551 vis
2454 3496 2601 3549 inest
2637 3494 2809 3551 adfir-

1656 3569 1920 3623 mationis
1958 3572 2016 3621 et
2056 3567 2328 3622 veritatis.
2378 3595 2445 3607 —
2496 3566 2809 3639 utcumque]

1657 3639 1727 3693 ad
1792 3639 2108 3708 exemplum
2164 3638 2477 3709 particulae
2536 3643 2599 3691 ut
2666 3639 2811 3695 haec

1659 3728 1881 3780 quoque
1904 3711 2120 3779 accepit
2144 3711 2413 3780 temporis
2442 3708 2807 3780 significatio·

1656 3800 1811 3836 nem:
1840 3782 2317 3851 quandocumque.
2338 3810 2403 3821 --
2426 3782 2669 3850 carpere]
2690 3781 2809 3836 Sat.

1656 3855 1701 3923 Ι,
1742 3856 1792 3920 5,
1832 3856 1917 3909 95.
1952 3854 2121 3923 Verg.
2162 3854 2363 3924 Georg.
2402 3852 2502 3921 III,
2544 3854 2663 3906 142.
2710 3852 2811 3915 IV,

1657 3928 1780 3980 311.
1820 3955 1887 3965 —
1932 3925 2262 3994 Chimaerae]
2302 3924 2465 3994 „Non
2512 3928 2597 3979 est
2646 3929 2811 3979 tanta

1656 3998 1759 4060 vis,
1799 4014 1942 4065 quae
1978 4014 2067 4051 me
2104 3998 2281 4065 possit
2326 4012 2587 4065 separare
2624 4012 2659 4049 a
2696 3998 2807 4051 ize-‘¹

1654 4068 1719 4122 In
1772 4086 1881 4138 quo
1918 4069 2038 4122 loco
2092 4073 2158 4121 ut
2203 4084 2477 4121 summam
2512 4068 2630 4121 vim
2675 4084 2811 4136 poe-

1656 4141 1765 4195 tice
1823 4139 2184 4208 describeret,
2236 4138 2604 4205 Chimaeram,
2660 4139 2809 4209 igni·

1656 4229 1881 4265 vomum
1935 4216 2265 4278 monstrum,
2312 4215 2371 4265 et
2424 4211 2803 4265 centimanum

1656 4283 1829 4351 Gyan,
1862 4282 2069 4337 Terrae
2106 4286 2163 4337 et
2188 4282 2339 4337 Caeli
2376 4280 2559 4336 filium
2596 4280 2808 4350 (Carm.

1655 4356 1698 4415 Ι,
1721 4356 1809 4423 27,
1829 4356 1913 4408 24.
1952 4354 2051 4420 111,
2072 4357 2122 4422 4,
2144 4354 2253 4423 69),
2290 4353 2502 4407 intulit.
2540 4353 2613 4408 cf.
2634 4354 2806 4425 Verg-

1655 4430 1794 4481 Aen.
1836 4426 1932 4494 VI,
1970 4426 2091 4480 285.
2130 4425 2295 4480 Hom.
2332 4425 2397 4478 11.
2426 4424 2519 4494 VI,
2562 4426 2665 4479 1⁷9
2686 4442 2807 4496 sqq.

1656 4497 1861 4552 Tibull.
1898 4497 2000 4564 111,
2018 4498 2072 4564 4,
2096 4498 2189 4552 86:
2228 4513 2367 4565 „nec
2384 4494 2667 4552 flammam
2690 4498 2807 4551 vol·

1655 4586 1790 4623 vens
1828 4586 1925 4623 ore
1966 4568 2259 4624 Chimaera
2294 4568 2465 4622 fero-‘⁴
2508 4598 2577 4608 —
2626 4582 2807 4623 resm-
