3092 5059
508 209 634 276 554

1386 207 2004 277 EPISTULARUM

524 425 575 466 ω
608 395 1035 472 Introrsum
1087 409 1414 496 turpem,
1466 396 1900 494 speciosum
1949 395 2156 494 pelle
2203 394 2505 472 decora.

609 521 822 617 „Nec
874 521 1161 598 furtum
1206 521 1360 597 feci
1400 548 1547 597 nec
1597 517 1842 619 fugi,“
1895 520 1958 596 si
2009 520 2202 596 mihi
2249 520 2452 597 dicat

610 646 917 742 Servus,
972 645 1285 741 „Habes
1331 647 1686 745 pretium,
1738 645 1924 722 loris
1974 671 2133 722 non
2183 641 2501 742 ureris‚“
2549 647 2694 722 aio.

610 771 832 868 „Non
858 770 1248 848 hominem
1273 769 1592 848 occidi.“
1646 771 1866 869 „Non
1891 797 2160 872 pasces
2181 771 2264 846 in
2298 795 2526 846 cruce
2553 767 2862 846 corvos.“

610 897 847 994 „Sum
904 897 1146 971 bonus
1199 909 1277 972 et
1326 893 1610 995 frugi.“
1681 896 1960 972 Renuit
2013 897 2460 996 negitatque
2513 893 2869 972 Sabellus:

526 1052 579 1094 ω
614 1021 949 1122 „Cautus
1002 1021 1206 1098 enim
1257 1022 1529 1098 metuit
1573 1024 1883 1098 foveam
1932 1022 2160 1119 lupus
2209 1020 2726 1121 accipiterque

612 1148 1015 1248 Suspectus
1066 1147 1386 1246 laqueos
1432 1160 1507 1224 et
1553 1161 1908 1246 opertum
1957 1146 2240 1222 miluus
2291 1147 2633 1223 hamum.

621 1272 973 1351 Oderunt
1020 1297 1347 1372 peccare
1392 1273 1577 1348 boni
1628 1273 1934 1348 virtutis
1988 1297 2292 1368 amore;

611 1399 730 1475 Tu
781 1398 977 1474 nihil
1019 1397 1379 1475 admittes
1428 1398 1507 1472 in
1559 1411 1638 1474 te
1683 1397 2104 1474 formidine
2154 1423 2489 1494 poenae:

614 1523 730 1600 Sit
779 1549 952 1622 spes
1005 1523 1352 1621 fallendi,
1406 1524 1762 1630 miscebis
1813 1549 2032 1600 sacra
2079 1522 2460 1620 profanis;

530 1681 582 1722 ω
615 1649 813 1725 Nam
868 1649 967 1726 de
1010 1648 1227 1724 mille
1270 1649 1495 1724 fabae
1545 1647 1824 1724 modiis
1873 1673 2044 1724 cum
2097 1648 2422 1748 surripis
2472 1673 2735 1742 unum,

614 1776 995 1849 Damnum
1046 1788 1179 1868 est,
1235 1797 1391 1848 non
1444 1772 1763 1867 facinus,
1815 1770 2008 1846 mihi
2059 1785 2284 1872 pacto
2337 1772 2590 1849 lenius
2640 1767 2840 1846 ist0.“

611 1900 751 1975 Vir
778 1900 1047 1993 bonus,
1080 1923 1309 1974 omne
1334 1899 1592 1973 forum
1614 1922 1843 1997 quem
1870 1909 2165 1991 spectat
2191 1913 2270 1974 et
2293 1921 2520 1973 omne
2545 1893 2877 1987 tribunal,

618 2023 1285 2123 Quandocumque
1331 2023 1515 2099 deos
1568 2023 1692 2099 vel
1728 2047 1966 2122 porco
2017 2023 2146 2098 vel
2198 2023 2394 2098 bove
2445 2023 2726 2120 placat,

619 2149 855 2247 „Iane
904 2145 1200 2247 pater,“
1248 2147 1475 2245 clare,
1532 2147 1740 2224 clare
1791 2174 1967 2223 cum
2018 2147 2210 2222 dixit
2271 2143 2694 2244 ,‚Apollo,“

532 2309 585 2348 ω
619 2275 877 2350 Labra
928 2286 1189 2350 movet
1234 2287 1583 2349 metuens
1637 2273 1924 2349 audiri:
1979 2272 2364 2370 „Pulchra
2408 2271 2784 2367 Laverna,

615 2400 733 2476 Da
784 2397 975 2474 mihi
1024 2399 1322 2496 fallere,
1378 2398 1479 2474 da
1527 2399 1726 2474 iusto
1781 2413 2202 2497 sanctoque
2251 2396 2525 2490 videri,

518 2625 757 2696 turpem]
802 2625 919 2681 Sat.
961 2624 1031 2694 11,
1070 2628 1118 2691 1,
1154 2627 1240 2680 66.
1290 2625 1401 2680 Cic.
1438 2625 1510 2679 de
1545 2625 1672 2680 Fin.

517 2698 593 2764 11,
631 2699 719 2760 24,
760 2698 825 2750 ⁷7
840 2719 853 2752 ε
902 2705 997 2765 „ut
1036 2698 1302 2752 vestitum
1340 2698 1419 2752 sio
1454 2701 1671 2752 senten-

516 2771 657 2824 tiam
680 2769 886 2824 habeas
914 2769 1082 2824 aliam
1116 2769 1477 2824 domesticam
1500 2769 1672 2822 aliam

517 2840 823 2908 forensem,
886 2845 951 2894 ut
1004 2841 1063 2894 in
1124 2840 1312 2895 fronte
1364 2840 1668 2895 ostentatio

520 2913 611 2978 sit,
648 2912 799 2966 intus
823 2913 1033 2967 veritas
1066 2913 1432 2967 occultetur.“
1461 2941 1527 2951 —
1551 2927 1671 2966 ure-

517 2983 1021 3122 siffis-3322}
1051 3013 1125 3096 Ξ
1142 2983 1425 3125 Ἇῖἕῑέιαῇ
1466 2982 1676 3110 ἓέἓέιῖὲ

519 3126 775 3181 duriores
812 3131 974 3182 erant
1008 3133 1065 3181 et
1102 3126 1483 3195 simpliciores.
1531 3124 1675 3180 Vide

524 3198 597 3252 ad
636 3198 817 3252 Carm.
856 3198 958 3266 III,
994 3200 1045 3264 6,
1084 3199 1169 3252 38.
1243 3197 1369 3253 Non
1411 3198 1554 3252 bene
1603 3197 1675 3252 ab

522 3269 669 3336 aliis,
706 3270 877 3324 etiam
918 3288 951 3324 a
981 3269 1360 3338 Doederlinio‚
1396 3269 1674 3340 intellegi-

522 3345 618 3394 tur
669 3342 787 3410 ipse
831 3341 1119 3407 Horatius,
1169 3341 1379 3395 diutius
1424 3357 1489 3394 eo
1533 3345 1674 3395 tem-

520 3429 659 3482 pore
694 3413 751 3466 in
784 3411 991 3467 Sabina
1014 3431 1113 3467 sua
1149 3412 1285 3467 villa
1312 3429 1676 3468 commorans.

521 3483 673 3538 Bene
696 3484 1088 3538 Lachmannus
1113 3484 1188 3537 ad
1209 3484 1434 3538 Luci-et.
1459 3501 1513 3553 p.
1542 3484 1676 3537 206:

522 3555 627 3624 „In
662 3555 870 3610 Lucilii
900 3574 1083 3623 versu,
1121 3556 1216 3624 qui
1257 3560 1341 3610 est
1378 3555 1527 3624 apud
1552 3554 1675 3609 Pri-

522 3627 775 3682 scianum
809 3619 867 3696 p⁰.
905 3629 1011 3680 902
1048 3626 1222 3696 Apuli
1269 3631 1399 3680 sunt
1431 3642 1537 3696 pro
1573 3628 1674 3680 im-

522 3699 782 3767 portunis
822 3716 888 3753 ac
910 3698 1310 3768 petulantibus,
1350 3703 1413 3752 ut
1436 3698 1674 3753 Horatio

520 3787 625 3839 pro
666 3770 907 3840 simplici
949 3769 1212 3835 Sabellus,
1260 3787 1385 3824 cum
1422 3769 1562 3824 dicit
1595 3786 1676 3825 re·

520 3841 649 3895 nuit
678 3841 991 3910 neyitutque
1026 3841 1324 3896 Sabeuus.“
1349 3869 1411 3879 ·——
1440 3841 1674 3910 negitat-

522 3911 647 3982 que]
705 3911 796 3966 Sic
842 3912 1262 3982 antiquissimus
1310 3912 1529 3980 mand„
1579 3913 1678 3966 alii

524 4000 637 4038 non
684 3983 827 4037 bene
880 3990 1044 4054 negat
1098 3989 1278 4052 atque.
1336 4013 1401 4023 --
1458 3983 1674 4054 cautus]

525 4056 623 4125 qui
673 4056 858 4109 animo
909 4059 1101 4126 turpes
1150 4060 1299 4120 sunt,
1346 4055 1528 4125 specie
1579 4054 1676 4108 ho·

523 4127 689 4192 nesti,
735 4127 776 4180 ii
820 4127 973 4182 cauti
1024 4128 1309 4182 abstinent
1354 4145 1389 4182 a
1432 4127 1582 4181 mala
1617 4143 1679 4180 re

524 4199 729 4253 timore
765 4215 1006 4267 poenae3
1059 4199 1154 4267 qui
1193 4217 1321 4254 vere
1356 4199 1493 4253 boni
1529 4201 1678 4264 sunt,

525 4269 812 4324 abstineut
894 4288 928 4324 a
1018 4270 1369 4338 turpitudine
1448 4270 1677 4324 virtutis

526 4358 715 4395 amore
752 4341 924 4394 ducti.
952 4371 1019 4380 —-
1043 4342 1265 4409 miluus]
1304 4340 1678 4410 trisyllabum,

526 4416 592 4464 ut
630 4411 810 4479 Epod.
850 4413 936 4479 16,
978 4413 1066 4466 32.
1146 4412 1237 4466 Sic
1282 4431 1475 4467 omnes
1510 4412 1677 4466 Blan-

529 4481 670 4533 dinii
706 4481 864 4535 codd.
901 4483 997 4536 alii
1041 4483 1277 4538 milvius.
1316 4513 1381 4522 -
1418 4489 1484 4536 tu
1516 4481 1679 4553 nonii]

1762 2623 1898 2679 boni
1948 2622 2230 2678 videntur.
2291 2651 2360 2661 -
2410 2634 2582 2676 sacra
2637 2613 2885 2690 profuit]

1765 2695 1836 2750 ef.
1870 2697 1942 2750 A.
1977 2693 2040 2749 P.
2078 2695 2200 2748 397.
2283 2693 2462 2748 earm.
2497 2691 2602 2759 111,
2639 2693 2694 2758 3,
2731 2691 2790 2743 δι
2825 2704 2884 2754 sq
2986 2681 2987 2684 ‘

1767 2797 1833 2807 —
1889 2783 1999 2821 non
2049 2763 2300 2835 facinus]
2359 2764 2504 2819 Nam
2561 2762 2750 2818 omnia
2787 2775 2886 2830 peo-

1767 2842 1893 2894 cata
1944 2843 2074 2892 sunt
2120 2836 2396 2906 aequalia.

1769 2984 1821 3050 Β,
1856 2981 1926 3034 96
1951 2997 2092 3049 sqq„
2135 2997 2252 3034 non
2297 2983 2414 3034 tam
2467 2979 2766 3034 veritatem
2797 2973 2888 3027 eius

1768 3053 2045 3122 spectavit
2074 3069 2242 3120 quam
2267 3067 2524 3106 severum
2551 3050 2611 3103 in
2634 3048 2889 3103 hominum

1769 3123 1934 3180 rebus
1955 3123 2199 3192 fatisque
2217 3140 2396 3176 usum.
2417 3121 2708 3190 Siquidem
2725 3132 2888 3195 vei-uni

1771 3201 1872 3264 est,
1906 3213 2020 3249 non
2054 3195 2236 3264 magis
2285 3210 2465 3263 parvo
2499 3192 2686 3263 spatio
2732 3185 2889 3259 egi-cdl

1769 3268 1940 3322 licere
1975 3266 2285 3321 honestatis
2319 3264 2460 3320 fines
2495 3281 2668 3334 quam
2701 3275 2888 3330 magno,

1769 3344 1958 3394 tamen
1999 3337 2190 3392 eadem
2229 3353 2409 3406 poena
2455 3353 2568 3391 non
2605 3338 2738 3390 sunt
2769 3347 2890 3386 coer·

1770 3411 1930 3464 cendi
1955 3427 2146 3464 omnes
2171 3409 2268 3477 qui
2294 3413 2426 3462 sunt
2451 3407 2678 3478 egressi.
2697 3434 2759 3444 —
2781 3403 2889 3460 Iane

1763 3481 1952 3552 pater]
1987 3480 2100 3536 Sat.
2135 3481 2208 3548 H,
2245 3481 2296 3540 6.
2333 3482 2422 3534 20.
2460 3479 2554 3534 Ad
2588 3474 2889 3532 sententiam

1771 3570 2033 3622 compara
2059 3551 2245 3607 Senec.
2265 3550 2448 3620 Epist.
2475 3552 2560 3613 10,
2581 3552 2638 3604 5:
2682 3551 2890 3618 „quanta
2986 3579 2987 3620 5

1769 3625 2054 3680 dementia
2093 3628 2178 3678 est
2211 3622 2528 3677 hominum!
2577 3618 2890 3689 Turpissima

1770 3701 1903 3752 vota
1939 3697 2046 3750 diis
2081 3697 2462 3749 insusurrant:
2501 3693 2550 3748 si
2585 3693 2712 3762 quis
2735 3689 2888 3745 admo·
2986 3739 2987 3756 1

1769 3769 1918 3822 verit
1965 3785 2173 3827 aurem,
2226 3766 2606 3821 conticescunt
2651 3769 2724 3830 et,
2771 3757 2890 3828 quod

1771 3841 1912 3894 scire
1943 3838 2223 3894 hominem
2245 3838 2464 3905 nolunt,
2487 3837 2593 3890 deo
2631 3830 2884 3910 narrant-‘⁸i
2986 3833 2987 3888 ὲ

1773 3941 1838 3950 —-
1861 3911 2143 3978 Laverna]
2184 3909 2480 3977 „Laverna
2505 3909 2566 3962 in
2587 3907 2684 3960 via
2707 3904 2888 3958 Salam
2986 3913 2987 3924 ¹

1771 3985 1958 4037 lucum
1992 3981 2188 4049 habet3
2229 3985 2316 4035 est
2351 3987 2541 4034 autem
2574 3979 2684 4034 dea
2716 3976 2888 4030 furum.

1773 4060 1830 4109 et
1864 4054 2225 4108 simulacrum
2261 4053 2381 4106 eius
2432 4051 2584 4106 fures
2638 4049 2818 4104 colunt
2846 4047 2888 4095 et
2986 4083 2987 4100 ι

1775 4126 1871 4194 qui
1908 4124 2142 4180 consilia
2177 4141 2278 4178 sua
2312 4123 2514 4178 volunt
2547 4122 2744 4188 Ἀσίης
2785 4133 2885 4194 nani
2986 4119 2987 4140 ³

1771 4214 1963 4266 preces
1987 4197 2104 4250 eius
2131 4212 2259 4250 cum
2283 4195 2510 4249 silentio
2544 4195 2886 4250 exercentur:
2986 4197 2987 4206 ¹

1775 4269 1986 4324 Gomm.
2028 4267 2194 4335 Cruq.
2220 4296 2287 4306 -
2317 4267 2467 4322 iusto
2492 4259 2794 4333 sanctoque]
2825 4262 2886 4311 at·
2986 4317 2987 4332 χ

1773 4340 2066 4394 tractionis
2173 4356 2293 4402 nus,
2325 4343 2390 4392 ut
2413 4337 2529 4392 Sat.
2557 4337 2600 4400 Ι,
2629 4339 2677 4402 1,
2699 4329 2884 4388 19.1.4‚

1774 4413 1862 4467 39.
1883 4411 2042 4465 Ovid.
2117 4415 2191 4466 et.
2214 4409 2366 4477 VIII,
2385 4409 2509 4465 690.
2533 4407 2800 4477 Repertus
2815 4417 2884 4454 au·

1777 4487 1892 4538 tem
1927 4483 2152 4537 dativus
2199 4486 2284 4536 est
2318 4499 2434 4536 non
2475 4481 2656 4536 solum
2695 4477 2754 4532 in
2785 4472 2884 4528 dun-

534 4549 644 4604 Est
698 4568 840 4604 unus
895 4569 965 4607 ex
1018 4553 1089 4608 iis
1142 4553 1239 4623 qui
1295 4559 1489 4625 turpes
1534 4559 1684 4623 sunt,
1780 4555 1884 4610 bus
1921 4553 2082 4610 codd.
2107 4553 2394 4622 Pottierii,
2419 4557 2486 4608 ut
2519 4550 2696 4623 ponit
2725 4542 2886 4614 aliq&

2479 2835 2662 2902 Quam
2709 2831 2887 2886 Stoico·
2986 2855 2987 2882 ς

1765 2927 1890 2964 rum
1929 2909 2244 2963 doctrinam
2295 2925 2423 2962 cum
2459 2907 2687 2962 deridet
2723 2903 2826 2957 Sat.
2853 2901 2888 2966 1,
2986 2911 2987 2968 ζ
