3092 5059
420 242 504 309 44
1399 244 1857 313 CARMINUM

919 432 1084 511 Nec
1137 434 1392 511 tristes
1446 433 1766 533 Hyadas
1817 459 1959 511 nec
2012 435 2305 511 rabiem
2356 434 2559 527 Noti,

637 590 688 631 ιε
727 558 896 652 Quo
947 584 1104 657 non
1152 557 1437 633 arbiter
1487 555 1833 633 Hadriae

920 683 1196 779 Maior,
1250 681 1525 757 tollere
1570 708 1704 759 seu
1754 708 2047 782 ponere
2100 684 2269 759 vult
2318 687 2536 761 freta.

727 809 974 900 Quem
1028 808 1302 883 Mortis
1351 806 1609 881 timuit
1659 806 2009 905 gradum,

927 933 1082 1025 Qui
1126 934 1346 1008 siccis
1401 932 1642 1007 oculis
1701 945 2061 1009 monstra.
2090 937 2452 1031 natantia,

728 1059 879 1153 Qui
929 1058 1128 1133 vidit
1177 1084 1388 1133 mare
1431 1057 1823 1155 turgidum
1876 1070 1951 1133 et

641 1214 693 1255 ιο
925 1183 1268 1259 Infames
1313 1180 1669 1280 scopulos
1726 1182 2343 1259 Acroceraunia?

721 1310 1210 1409 Nequiquam
1263 1306 1450 1383 deus
1497 1307 1826 1383 abscidit
2211 1290 2217 1295 ’

923 1432 1270 1509 Prudens
1326 1458 1610 1509 oceano
1664 1432 2134 1509 dissociabili

727 1560 1025 1656 Terras,
1079 1559 1143 1635 si
1191 1572 1452 1635 tamen
1501 1558 1787 1657 impiae

422 1813 538 1869 Sat.
574 1813 620 1876 1,
647 1812 698 1882 2,
725 1815 809 1867 73.
837 1842 902 1853 -
943 1813 1134 1868 tristes
1153 1812 1414 1884 Hyadas]
1449 1812 1571 1867 Tri·
1640 1814 1854 1867 *mines
1900 1814 2130 1879 adoriri,
2179 1813 2431 1869 homines
2489 1820 2679 1870 autem
2730 1835 2828 1872 au-

421 1885 531 1939 stia
568 1885 753 1939 sidera
783 1889 928 1945 sunt,
965 1886 1097 1954 quia
1122 1886 1337 1941 caelum
1374 1902 1571 1941 occasu

421 1957 703 2011 matutino
765 1960 822 2011 et
881 1960 1011 2011 ortu
1066 1958 1385 2027 vespertino
1443 1973 1571 2011 con-

420 2028 653 2083 tristare
699 2032 758 2082 et
799 2032 1159 2098 tempestates
1201 2030 1403 2084 afferre
1455 2046 1571 2085 cre·

423 2099 703 2155 dabantur
749 2099 939 2170 (Vei-g.
976 2103 1116 2154 Aen.
1155 2100 1225 2168 X,
1263 2100 1420 2170 276);
1469 2118 1573 2171 per

420 2172 728 2242 prolepsim
750 2172 929 2242 igitur
947 2172 1029 2226 sic
1045 2174 1431 2242 appellantur3
1461 2190 1571 2243 quo

421 2260 524 2297 usu
586 2244 808 2311 antiqui
865 2248 1064 2313 poetae
1128 2244 1574 2300 efficacissimum

391 2315 574 2369 ,nacti
629 2320 759 2369 sunt
807 2315 1116 2369 subsidium
1164 2317 1462 2387 gravitatis
1516 2322 1573 2373 et

420 2387 736 2441 brevitatis.
790 2386 1145 2441 Contrarium
1183 2387 1354 2443 h'abes
1391 2406 1571 2443 exem-

419 2458 578 2529 plum
605 2458 782 2513 Carm.
800 2458 844 2525 1,
873 2460 923 2519 7,
954 2460 1036 2525 15,
1073 2459 1169 2512 ubi
1195 2460 1378 2514 Notus
1415 2460 1573 2515 albus

421 2529 756 2656 {fipessthz
781 2529 1110 2655 afllefissctia,
1147 2530 1348 2585 deinde
1388 2531 1571 2587 Carm.

507 2642 522 2668 ν
634 2643 648 2670 2
759 2642 771 2654 ·
898 2641 912 2667 ν
991 2642 1004 2669 2
1079 2643 1090 2655 ·

492 2673 560 2727 V.
584 2675 651 2726 14
692 2672 900 2741 Notus]
941 2674 1112 2728 etiam
1131 2677 1357 2740 Auster,
1389 2673 1571 2728 Garm.

420 2744 521 2812 111,
557 2748 609 2813 3,
654 2748 702 2799 5.
767 2744 999 2799 Certant
1041 2746 1194 2800 venti
1231 2746 1302 2799 de
1335 2746 1572 2816 imperio

419 2818 624 2884 maris;
664 2816 822 2871 Ovid.
863 2816 1031 2871 Trist.
1065 2817 1109 2885 Ι,
1144 2820 1195 2885 2,
1221 2818 1290 2872 26
1331 2817 1572 2886 „Nescit,

421 2888 513 2941 cui
579 2888 804 2942 domino
865 2893 1080 2957 pareat,
1140 2888 1292 2943 unda
1345 2888 1570 2943 maris.“

421 2959 529 3027 Qui
567 2976 784 3029 semper
820 2960 879 3012 in
917 2960 1106 3030 aliquo
1146 2961 1288 3015 mari
1323 2960 1460 3015 flare
1485 2978 1571 3016 so-

421 3031 560 3100 lent,
603 3032 845 3085 victores
896 3048 966 3085 ex
1016 3050 1208 3103 pugna
1257 3031 1571 3087 discessisse

420 3102 700 3158 videntur.
778 3103 870 3157 Sic
904 3102 1084 3157 Notus
1121 3105 1180 3157 in
1222 3103 1571 3173 Hadriatico,

422 3174 571 3243 quod
609 3192 708 3229 suo
745 3174 987 3229 arbitrio
1034 3175 1283 3240 (arbiter)
1319 3176 1474 3229 tollit
1511 3181 1570 3231 et

418 3247 599 3316 ponit,
653 3246 779 3301 aliis
837 3246 932 3315 qui
977 3246 1058 3300 ibi
1113 3246 1328 3301 saevire
1381 3247 1570 3301 conati

420 3322 552 3373 sunt
588 3319 749 3387 quasi
789 3318 1040 3372 devictis.
1107 3318 1244 3372 Cum
1281 3334 1376 3372 seu
1413 3318 1567 3387 (sive)

419 3394 665 3459 ponatur
710 3407 812 3459 pro
870 3390 951 3443 vel
1005 3390 1057 3442 si
1110 3388 1262 3459 (vide
1308 3389 1380 3444 ad
1429 3390 1470 3452 Ι,
1514 3392 1566 3459 2,

421 3464 532 3529 33),
597 3460 764 3516 facile
828 3460 1106 3529 particula
1166 3461 1219 3515 si
1279 3460 1568 3516 reducitur

420 3534 492 3589 ad
530 3533 782 3602 superius
819 3532 1054 3585 verbum
1089 3533 1285 3601 tollere,
1321 3538 1388 3586 ut
1421 3533 1569 3590 hunc

418 3603 723 3659 habeamus
795 3603 1047 3657 ordinem
1118 3603 1170 3657 si
1241 3604 1420 3659 tollere
1489 3606 1571 3661 vel

418 3676 468 3729 si
521 3690 722 3746 ponere
777 3676 919 3739 vult3
977 3674 1416 3731 condicionalem
1471 3696 1566 3731 au-

419 3752 533 3801 tem
587 3746 925 3817 particulam
969 3748 1030 3800 iu
1075 3748 1328 3802 oratione
1376 3748 1565 3816 etiam,

419 3836 532 3873 non
585 3820 642 3872 in
688 3818 939 3873 versibus
993 3819 1170 3873 solnm
1225 3820 1412 3875 omitti
1469 3837 1567 3874 no-

419 3896 540 3944 tum
576 3894 677 3944 est.
732 3889 990 3945 Ceterum
1028 3890 1297 3945 Horatius
1335 3892 1567 3946 Homeri

419 3980 640 4018 versum
699 3961 826 4028 (Od.
875 3961 944 4030 X,
981 3963 1074 4029 22)
1131 3962 1200 4016 de
1249 3964 1421 4017 Aeolo
1483 3963 1566 4017 in-

417 4050 580 4089 verso
607 4033 802 4087 ordine
827 4034 1102 4103 adipsum
1129 4039 1357 4089 ventum
1385 4040 1565 4089 trans·

419 4106 568 4160 tulit.
633 4134 699 4144 —
757 4104 962 4159 Mortis
1013 4104 1268 4176 yradum]
1321 4106 1564 4160 Mortem

418 4177 472 4231 h.
535 4177 571 4230 1.
635 4177 902 4249 δαίμονος
965 4194 1258 4247 personam
1319 4177 1566 4233 induisse

418 4250 600 4319 ipsum
645 4249 982 4303 vocabulum
1025 4249 1238 4320 yradus
1293 4248 1563 4315 ostendit;

419 4321 487 4375 cf.
527 4338 578 4375 v.
617 4320 704 4373 33.
751 4320 795 4389 1,
835 4322 889 4389 4,
931 4322 1010 4375 13.
1085 4321 1245 4375 Hom.
1283 4320 1348 4374 11.
1389 4320 1564 4390 XVII,

417 4395 538 4445 202.
613 4392 762 4447 Male
816 4391 995 4463 igitur
1047 4392 1150 4447 alii
1203 4391 1436 4461 yradum
1491 4392 1566 4446 ad

417 4462 860 4534 mortem,{viam7
873 4464 1169 4535 eud-Orcum
1207 4464 1242 4517 i.
1281 4480 1326 4517 c.
1365 4464 1563 4518 mortis

416 4552 606 4605 genus.
643 4534 866 4605 Quanto
891 4536 1071 4609 magis
1111 4535 1210 4589 illa
1236 4535 1380 4589 ratio
1406 4535 1565 4590 decet

415 4613 657 4677 poetam,
695 4624 805 4679 qua
835 4606 987 4661 Mors
1024 4607 1216 4661 hostili
1250 4606 1430 4677 gradu
1466 4607 1562 4661 ho-

1676 1884 1873 1941 dacter
1930 1886 2189 1941 resistere
2251 1886 2530 1942 dicuntur.
2602 1886 2830 1943 Gradus

1676 1958 1826 2013 enim
1861 1957 2197 2013 vocabulum
2242 1964 2527 2028 sumptum
2576 1965 2661 2014 est
2698 1978 2729 2013 e
2764 1978 2829 2016 re

1674 2029 1937 2099 militari3
1972 2030 2053 2085 sic
2088 2030 2251 2084 docet
2273 2028 2538 2101 Vegetius
2577 2031 2646 2085 de
2672 2048 2720 2084 r.
2750 2050 2825 2086 m.

1678 2102 1727 2169 1,
1753 2103 1813 2155 9:
1854 2102 2123 2171 „militari
2159 2119 2291 2172 ergo
2328 2102 2507 2172 qradu
2526 2103 2631 2156 XX
2666 2104 2831 2159 milia

1674 2189 1938 2242 passuum
1998 2173 2154 2227 horis
2221 2174 2467 2242 quinque
2528 2174 2831 2231 dumtaxat

1677 2245 1904 2299 aestivis
1948 2243 2288 2299 conficienda
2334 2249 2487 2313 sunt3
2526 2247 2691 2315 pleno
2730 2264 2831 2301 au·

1674 2322 1790 2372 tem
1824 2316 2024 2386 yradu,
2063 2317 2159 2387 qui
2198 2317 2425 2371 citatior
2450 2320 2550 2380 est,
2587 2318 2830 2373 totidem

1675 2387 1827 2442 horis
1872 2388 2057 2442 XXIV
2100 2389 2257 2442 milia
2305 2390 2624 2459 peragenda
2670 2396 2829 2460 sunt3

1676 2460 1943 2529 quicquid
1988 2460 2289 2528 addideris,
2336 2460 2447 2513 iam
2494 2478 2685 2515 cursus
2724 2466 2828 2531 est,

1674 2531 2282 2657 susstinens
2342 2602 2811 2659 Χ.

1724 2622 1801 2657 ιν.
2046 2644 2058 2656 .
2180 2644 2193 2667 ,
2258 2622 2309 2657 ο.
2698 2646 2709 2659 .
2815 2649 2827 2659 .

1678 2644 2082 2745 Sallust.’1ug.
2136 2676 2225 2729 ss.
2284 2703 2351 2716 -
2409 2645 2595 2730 εει-οἰῶ
2628 2674 2827 2747 οααεε]

1674 2746 1961 2801 Bentleius
1999 2746 2236 2801 coniecit
2270 2746 2320 2801 le
2363 2746 2566 2801 endum
2593 2766 2711 2802 esse
2743 2764 2828 2803 re-

1672 2818 1777 2873 ctis
1812 2818 1995 2872 oeulis.
2057 2822 2135 2872 At
2170 2836 2284 2872 non
2346 2823 2515 2887 ortes,
2558 2820 2655 2874 sed
2692 2817 2827 2873 duri

1675 2895 1731 2943 et
1776 2889 2062 2943 temerarii
2109 2888 2361 2945 homines
2409 2890 2825 2959 describuntur,

1676 2978 1914 3030 quorum
1952 2961 2099 3015 oculi
2135 2961 2307 3032 rigidi
2344 2967 2493 3031 sunt,
2535 2963 2823 3032 exsiccati,

1674 3031 1918 3087 lacrimis
1956 3038 2226 3087 carentes.
2266 3033 2338 3087 cf.
2376 3034 2634 3102 Aeschyl.
2674 3034 2829 3104 Sept.

1674 3104 1807 3158 693:
1874 3107 2081 3174 »ξηροῖς
2137 3098 2458 3163 ἀκλαύστοις
2512 3100 2788 3176 ὄμμασιν.

1674 3176 1881 3230 Lucan.
1912 3176 2007 3245 lx,
2030 3178 2195 3231 1044:
2237 3176 2413 3245 „sicco
2439 3176 2651 3232 lumine
2675 3195 2827 3232 cam-

1671 3264 1771 3319 pos
1845 3248 2080 3303 Viderat
2151 3246 2497 3303 Emathios.“
2590 3248 2827 3305 Hieron.

1670 3318 1851 3389 Epist.
1891 3322 1983 3374 26:
2043 3320 2267 3389 „uxoris
2318 3320 2613 3374 interitum
2663 3322 2825 3376 siccis

1672 3392 1846 3445 oculis
1883 3391 2088 3446 videt.“
2138 3421 2203 3430 —
2252 3390 2536 3460 tumidum
2572 3389 2647 3460 et]
2685 3392 2823 3447 Par·

1671 3463 1846 3517 ticula
1885 3468 1936 3517 et
1973 3463 2221 3533 generali
2256 3463 2478 3517 notioni
2526 3464 2827 3532 specialem

1672 3534 1855 3604 addit3
1894 3534 2048 3588 cuius
2085 3552 2215 3588 usus
2246 3534 2357 3588 alia
2393 3535 2649 3604 exempla
2686 3534 2827 3592 haec

1670 3610 1825 3661 suut:
1884 3605 1929 3667 1,
1964 3606 2015 3672 4,
2057 3608 2100 3658 1.
2138 3606 2184 3673 1,
2222 3607 2271 3661 8.
2312 3606 2393 3659 16.
2436 3606 2481 3673 I,
2524 3608 2607 3674 1¹7,
2644 3608 2694 3660 6.
2738 3610 2824 3661 11.

1670 3676 1715 3745 Ῑ,
1753 3680 1840 3744 21,
1880 3678 1964 3731 14.
2001 3677 2047 3745 1,
2080 3678 2167 3745 34,
2208 3678 2289 3730 13.
2330 3676 2401 3745 Π,
2438 3679 2493 3745 2,
2530 3678 2618 3730 21.
2654 3676 2734 3746 11,
2770 3680 2823 3741 6.

1672 3750 1757 3803 21.
1813 3747 1885 3817 Π,
1926 3752 2009 3818 14,
2048 3750 2131 3802 26.
2188 3748 2287 3814 111,
2328 3750 2379 3815 ὅ,
2414 3750 2485 3803 34
2505 3768 2585 3817 sq.
2640 3748 2735 3816 IV,
2772 3752 2825 3818 5,

1671 3822 1741 3875 30
1763 3838 1845 3889 sq.
1882 3820 1979 3887 IV,
2017 3821 2067 3884 6,
2108 3822 2191 3874 15.
2226 3819 2323 3888 IV,
2361 3822 2413 3887 7,
2450 3822 2498 3875 3.
2540 3820 2824 3877 Bentlet‘us

1670 3892 1924 3946 Mueller.
1970 3891 2190 3946 Schiitz.
2230 3892 2497 3946 Eckstein
2543 3908 2613 3945 ex
2662 3892 2823 3948 codd.

1670 3962 1966 4030 turbidum,
2002 3963 2151 4033 quod
2186 3963 2326 4017 ferri
2352 3979 2466 4017 non
2485 3968 2674 4032 potest
2694 3982 2823 4033 pro·

1673 4038 1801 4104 pter
1838 4032 2127 4103 Sophoclis
2165 4035 2267 4089 loc.
2296 4034 2447 4089 laud.
2486 4039 2547 4088 et
2582 4036 2823 4090 similem

1670 4106 1894 4161 Hesiod.
1919 4106 2127 4177 Theog.
2152 4108 2277 4159 131:
2302 4108 2577 4175 „rr-§laycus
2594 4108 2821 4178 οἴδματι.

1670 4179 1861 4232 θῦον.“
1884 4178 2138 4232 Kellerus
2161 4178 2425 4242 incertus,
2448 4183 2640 4233 utrum
2659 4196 2821 4248 prae·-

1669 4250 1861 4313 ferret,
1898 4250 2092 4304 haesit.
2118 4278 2183 4288 --
2223 4250 2653 4321 Acroceraunia]
2692 4268 2820 4319 pro-

1669 4326 1797 4391 pter
1834 4321 2191 4375 altitudinem
2230 4324 2286 4375 et
2317 4319 2618 4375 fulminum
2656 4321 2819 4377 ictus.

1672 4422 1737 4433 —
1776 4391 2137 4476 dissociabili]
2176 4392 2360 4447 activa
2390 4392 2822 4462 significatione,

1668 4464 1741 4517 cf.
1799 4463 2201 4518 illacrimabtlis
2262 4463 2442 4517 Carm.
2496 4462 2569 4533 11,
2620 4466 2703 4529 14,
2756 4468 2789 4521 6
2808 4484 2823 4534 3

1663 4534 2020 4604 penetrabilis
2057 4534 2219 4589 Ovid.
2262 4534 2398 4589 Met.
2427 4533 2496 4602 V,
2524 4536 2610 4589 67.
2652 4536 2822 4606 Verg.

1668 4610 1807 4661 Aen.
1846 4606 1915 4674 X,
1952 4606 2075 4659 481.
2116 4636 2179 4645 —
2218 4606 2424 4675 impiae
2466 4606 2819 4679 han-siliunt]
