3092 5059
395 284 480 321 ιιι
1196 254 1318 322 EX
1368 252 1977 323 PRAEFATIONE

389 445 704 521 Zamam
777 440 1054 519 Africa
1119 442 1212 519 in*
1259 440 1573 519 Italiam
1640 440 2117 520 redeuntem.
2195 480 2293 495 —
2364 440 2537 519 Tali
2599 466 2787 519 vero

389 570 687 645 honore
755 566 926 667 quis
977 565 1292 665 dignior
1341 567 1759 665 Scipione?
1826 592 2059 668 quem
2108 566 2400 643 Ennius
2446 568 2559 645 sio
2602 566 2793 645 affa-

389 708 547 771 tur:
603 694 1040 790 „Quantam
1073 704 1398 769 statuam
1438 693 1673 771 faciet
1705 692 2041 793 populus
2082 694 2495 790 Romanus,
2547 718 2787 792 quan-

386 832 542 895 tam
612 819 1072 913 columnam,
1145 842 1346 917 quae
1397 844 1520 894 res
1572 830 1739 897 tuas
1791 830 2045 917 gestas
2092 814 2561 918 loquatur?“
2623 817 2791 894 Ho-

389 946 570 1022 ratii
618 945 852 1044 igitur
901 943 1262 1043 aequales
1315 944 1449 1043 qui
1501 942 1643 1021 illa
1692 956 2114 1021 castrorum
2150 944 2625 1043 naviumque
2670 944 2789 1019 in·-

390 1070 665 1147 eendia
713 1096 1100 1146 marmore
1149 1094 1512 1170 expressa
1562 1068 1961 1166 vidissent,
2012 1070 2365 1166 profecto
2421 1094 2595 1145 eum
2648 1067 2789 1143 hos

386 1220 658 1271 versus
701 1194 1068 1293 legebant
1127 1220 1286 1271 non
1350 1206 1731 1291 poterant,
1782 1206 1865 1270 ut
1928 1192 2284 1269 nonnulli
2332 1193 2789 1294 interpretes

389 1322 656 1419 nostri,
730 1320 828 1395 de
897 1320 1212 1397 incensa
1259 1347 1308 1396 a
1361 1318 1725 1416 Scipione
1774 1319 2079 1395 minore
2126 1316 2617 1417 Karthagine
2662 1344 2789 1393 eo-

387 1441 710 1543 gitare.“
787 1444 1004 1538 Quae
1060 1445 1619 1541 interpretatio,
1674 1444 2083 1521 artificiose
2134 1457 2222 1520 ut
2271 1444 2429 1519 dixi
2480 1445 2791 1541 excogi-

389 1582 566 1666 tata,
637 1569 816 1646 ideo
887 1596 1044 1646 non
1091 1570 1376 1670 poterit
1423 1570 1771 1666 probari,
1844 1570 2065 1670 quod
2110 1595 2251 1647 nee
2303 1581 2597 1647 statuae
2647 1594 2794 1647 nee

389 1694 922 1771 columnarum
977 1696 1058 1771 in
1096 1696 1267 1793 ipso
1317 1696 1655 1773 carmine
1696 1695 1857 1771 ulla
1888 1696 2296 1795 reperitur,
2336 1722 2435 1771 ne
2474 1696 2797 1773 minima

389 1816 703 1918 quidem
757 1821 1250 1919 significatio:
1322 1823 1559 1897 immo
1606 1834 1809 1897 totus
1863 1820 2079 1895 loeus
2132 1820 2231 1897 de
2278 1820 2793 1897 marmoribus

393 1958 470 2021 et
521 1945 761 2021 titulis
814 1948 1068 2043 primo
1131 1949 1238 2025 ita
1299 1962 1414 2025 est
1462 1947 1871 2047 generalis,
1928 1960 2013 2021 ut
2079 1947 2177 2023 de
2222 1947 2580 2022 omnibus
2633 1974 2792 2022 ma·-

391 2070 568 2167 gnis
631 2071 814 2149 viris
870 2098 1028 2147 non
1093 2074 1334 2174 possit
1400 2100 1557 2149 non
1605 2071 1987 2171 intellegi,
2039 2072 2323 2149 deinde
2386 2098 2521 2149 suo
2576 2098 2793 2148 more

392 2206 620 2293 poeta
657 2197 755 2272 ad
798 2198 1242 2295 generalem
1277 2198 1731 2275 sententiam
1774 2196 2329 2275 inlustrandam
2372 2199 2651 2273 sensim
2690 2197 2793 2273 ad

397 2320 826 2418 exemplum
891 2322 1308 2419 delabitur3
1375 2349 1540 2412 nee,
1603 2334 1813 2422 put0‚
1867 2323 2015 2423 ipsi
2066 2322 2395 2399 Romani
2442 2334 2787 2418 statuam,

395 2469 593 2543 quae
641 2447 933 2523 Romae
1001 2443 1256 2545 fuit*),
1327 2446 1476 2523 hoe
1532 2448 1871 2523 carmine
1942 2446 2399 2544 descriptam
2460 2460 2535 2523 et
2584 2470 2791 2524 eom-

393 2583 742 2666 paratam
769 2571 1313 2671 repperissent.
1358 2571 1631 2669 Itaque
1675 2571 1777 2647 ad
1814 2571 2191 2647 eiusmodi
2219 2572 2609 2647 fictionem
2635 2598 2793 2647 non

395 2695 606 2793 prius
658 2696 924 2773 lieebit
967 2697 1417 2793 confugere,
1475 2720 1708 2795 quam
1756 2722 1956 2797 quae
2010 2697 2089 2771 in
2142 2722 2235 2772 eo
2290 2696 2630 2772 carmine
2676 2698 2793 2771 in-

391 2832 568 2895 sunt
623 2819 1117 2897 difficultates
1165 2846 1322 2895 non
1369 2834 1732 2918 poterunt
1782 2822 2127 2920 superari
2172 2822 2473 2898 ratione
2506 2820 2658 2895 alia
2702 2846 2795 2897 ae

391 2946 642 3043 magis
693 2944 1100 3042 probabili.

590 3068 784 3168 Legi
835 3070 1390 3166 Meinekianae,
1461 3096 1617 3169 qua
1684 3070 2023 3147 carmina
2094 3071 2371 3166 omnia,
2440 3080 2519 3145 et
2594 3094 2794 3169 quae

388 3196 946 3294 monostropha
997 3210 1073 3271 et
1149 3220 1348 3296 quae
1409 3193 1815 3296 disti-opha
1882 3206 2061 3273 ante
2120 3195 2629 3291 habebantur,
2710 3195 2791 3271 in

390 3320 743 3421 strophas
812 3333 1361 3419 quaternorum
1425 3346 1784 3397 versuum
1858 3321 2207 3397 dividere
2256 3321 2635 3417 iubemur,
2692 3346 2793 3399 ne

391 3471 594 3521 nunc
649 3444 964 3543 quidem
1017 3446 1421 3522 obsecutus
1471 3471 1667 3521 sum.
1770 3446 1887 3523 De
1938 3471 2091 3545 qua
2150 3446 2327 3545 lege
2379 3446 2568 3545 quid
2620 3472 2791 3524 sen-

393 3570 642 3665 tirem,
691 3570 773 3645 in
825 3570 1434 3649 Horatianorum
1481 3570 1873 3669 particula
1920 3572 2182 3668 altera,
2236 3598 2305 3648 a.
2368 3575 2559 3647 1845
2610 3597 2793 3647 eon-

533 3829 588 3899 *)
629 3828 773 3885 Vide
807 3828 932 3885 Liv.
969 3826 1280 3899 XXXVIII,
1317 3831 1412 3883 56:
1479 3829 1617 3899 „alii
1652 3830 1885 3899 Romae,
1927 3830 2027 3887 alii
2062 3830 2287 3887 Literni
2320 3832 2379 3887 et
2413 3828 2701 3885 mortuum
2736 3832 2797 3883 et

389 3926 693 3997 sepultum.
748 3924 1062 3996 Utrobique
1097 3930 1457 3981 monumenta
1491 3926 1866 3983 ostenduntur
1909 3931 1966 3983 et
2010 3931 2253 3984 statuae:
2302 3943 2433 3981 nam
2479 3928 2539 3981 et
2574 3923 2795 3979 Literni

393 4027 814 4079 monumentum
857 4027 1330 4093 monumentoque
1377 4026 1566 4079 statua
1614 4024 2047 4095 superimposita
2085 4023 2212 4090 fuit,
2252 4040 2419 4093 quam
2460 4025 2796 4091 tempestate

392 4123 665 4178 deieetam
709 4138 888 4191 nuper
932 4121 1174 4177 vidimus
1209 4119 1342 4191 ipsi;
1380 4124 1439 4176 et
1474 4120 1681 4178 Romae
1714 4125 1875 4177 ewa
1916 4124 2141 4191 portam
2172 4118 2449 4189 Capenam
2479 4118 2543 4172 in
2577 4117 2794 4186 Scipio-

392 4233 524 4272 nm
557 4222 896 4273 mommo
921 4222 1034 4274 tres
1065 4222 1284 4273 statuae
1313 4222 1462 4283 sunt,
1499 4234 1733 4289 quarum
1776 4216 1919 4273 duae
1958 4216 2149 4273 Publio·
2182 4220 2237 4273 et
2278 4214 2443 4271 Lucii
2476 4214 2797 4285 Sa'piomm

392 4313 655 4370 dicmen-
689 4330 816 4379 esse,
851 4316 1018 4370 tertia
1045 4319 1241 4385 poetae
1275 4312 1470 4385 Quinti
1503 4311 1739 4369 Ennii.“
1810 4314 2069 4371 Ceterum
2108 4313 2181 4369 de
2226 4313 2333 4369 hoe
2376 4311 2623 4369 earmina
2674 4310 2797 4367 dis-

390 4415 666 4481 putarunt
719 4411 889 4465 etiam
933 4410 1204 4466 Gerberus
1257 4409 1318 4464 in
1375 4410 1681 4480 scriptione
1736 4411 2108 4481 scholiastiea,
2166 4408 2579 4465 Sondershusae
2635 4408 2791 4463 1842.

391 4506 780 4563 Lachmannus
813 4505 873 4560 in
898 4505 1303 4563 Schneidewini
1339 4505 1648 4579 philologO,
1686 4506 1844 4562 Tom.
1872 4508 1916 4562 Ι.
1944 4507 2075 4563 fase.
2104 4510 2153 4561 1.
2178 4523 2233 4576 p.
2265 4504 2369 4559 164
2392 4520 2532 4574 sqq„
2568 4506 2627 4558 et
2661 4522 2789 4561 eon·

391 4608 483 4661 tra
517 4603 668 4661 huno
711 4602 1032 4661 acutissime
1065 4602 1137 4660 F.
1175 4602 1438 4671 Reum,
1475 4604 1805 4669 Bonnensis,
1838 4604 1977 4661 ibid.
2014 4603 2147 4660 fase.
2182 4604 2235 4658 8.
2272 4620 2331 4674 p.
2370 4602 2475 4657 581
2500 4616 2624 4671 sqq.
