3092 5059
374 196 453 259 72
529 236 534 241 -
1332 193 1790 261 CARM1NUM

878 382 1051 457 Non
1108 382 1348 458 Liber
1395 372 1663 481 aeq‘ue,
1718 406 1873 456 non
1926 370 2149 457 acuta

973 508 1056 583 Si
1107 508 1502 603 geminant
1545 507 2025 607 Corybantes
2078 528 2277 598 aera,

779 657 1062 733 Tristes
1116 668 1199 730 ut
1249 656 1433 752 irae,
1491 680 1681 753 quas
1734 679 1987 752 neque
2038 652 2365 727 Noricus

695 816 740 851 ιο
775 784 1127 857 Deterret
1179 781 1378 855 ensis
1427 804 1573 856 nec
1626 804 1841 857 mare
1892 781 2352 875 naufragum

873 908 943 983 N
947 933 1034 982 ec
1087 932 1358 983 saevus
1414 905 1614 1003 ignis
1666 930 1809 979 nec
1860 902 2257 979 tremendo

974 1032 1326 1133 Iuppiter
1374 1030 1544 1129 ipse
1597 1053 1825 1104 ruens
1876 1025 2231 1103 tumultu.

773 1182 1051 1259 Fertur
1101 1178 1600 1256 Prometheus
1652 1177 1941 1253 addere
1986 1175 2321 1276 principi

775 1309 996 1383 Limo
1055 1318 1358 1382 coactus
1411 1303 1871 1403 particulam
1928 1301 2271 1401 undique

697 1465 741 1505 ιε
879 1432 1280 1508 Desectam
1336 1443 1412 1505 et
1463 1430 1715 1505 insani
1766 1428 2013 1503 leonis

977 1558 1162 1631 Vim
1215 1554 1612 1631 stomacho
1665 1553 2110 1655 apposuisse
2165 1563 2450 1626 nostro.

776 1708 950 1784 Irae
1002 1708 1386 1804 Thyesten
1441 1705 1675 1782 exitio
1730 1704 1949 1802 gravi

779 1832 1138 1909 Stravere
1184 1844 1260 1907 et
1309 1830 1481 1905 altis
1535 1830 1857 1905 urbibus
1910 1828 2225 1905 ultimae

371 2126 681 2182 communis
727 2130 812 2177 est
863 2123 1148 2179 vocabulis
1196 2128 1420 2178 metatam
1467 2127 1526 2177 et

371 2198 573 2253 incola.
612 2196 884 2251 Divinum
921 2195 1069 2249 enim
1103 2212 1313 2249 numen
1349 2210 1524 2249 sacer·

377 2271 574 2325 dotum
611 2272 842 2337 pectora
879 2267 1036 2335 quasi
1088 2268 1300 2319 intrare
1337 2282 1404 2320 ac
1439 2265 1524 2319 fu-

372 2358 504 2395 rore
541 2339 776 2409 implere
809 2342 1026 2393 veteres
1065 2338 1380 2392 credebant.
1453 2337 1524 2391 cf.

375 2412 536 2467 ovid.
574 2411 712 2464 Met.
739 2410 813 2471 11,
843 2412 946 2463 641
989 2409 1373 2479 „Incaluitque
1403 2409 1525 2478 deo,

377 2500 543 2553 quem
600 2482 850 2536 clausum
929 2486 1156 2550 pectore
1227 2480 1522 2535 habebat.“

375 2553 660 2609 Plutarch.
718 2554 788 2607 de
843 2570 989 2607 orae.
1038 2552 1149 2607 def.
1195 2570 1251 2622 p.
1289 2554 1410 2605 441.
1460 2568 1523 2605 e:

380 2625 510 2694 „rev
545 2623 684 2679 θεὸν
719 2621 886 2679 αὐτὸν
924 2664 935 2676 .
975 2664 989 2677 .
1029 2664 1042 2677 .
1079 2618 1418 2711 ἐνδυόμενον
1451 2626 1528 2682 εἰς

375 2695 440 2749 τὰ
479 2691 712 2767 σώματα
750 2696 860 2749 τῶν
894 2696 1200 2779 προφητῶν
1233 2698 1525 2767 υποφθέγ·

373 2768 629 2838 γεσθαι.“
674 2798 741 2807 -
795 2768 847 2822 si
893 2767 1195 2837 gemmant]
1247 2767 1312 2820 In
1350 2766 1526 2821 omni·

377 2841 482 2894 bus
517 2839 678 2894 libris
725 2840 996 2907 scriptum
1039 2843 1122 2893 est
1167 2839 1261 2903 sic,
1309 2839 1404 2893 sed
1439 2855 1525 2892 re·

378 2912 498 2981 cepi
537 2911 884 3036 ingeniSosatnei
915 2910 1148 3036 ¹Peitntleit
1188 2910 1526 3035 enxizendatio-

377 3000 502 3037 nem
568 3000 637 3037 st.
749 3000 818 3035 en
877 2998 998 3035 nia
1063 2998 1172 3036 es:
1239 3000 1364 3036 ion

379 3055 523 3122 bele,
581 3072 692 3108 non
752 3052 1024 3119 Phoebus,
1083 3071 1198 3109 non
1259 3053 1526 3119 Bacchus,

379 3144 492 3181 non
520 3126 860 3193 Corybantes
899 3125 946 3178 si
983 3128 1148 3179 acuta
1185 3142 1319 3179 aera
1354 3124 1526 3195 gemi-

375 3202 534 3266 nant,
593 3215 770 3267 aeque
825 3196 1088 3265 quatiunt
1143 3202 1404 3263 mentem,
1461 3199 1528 3250 ut

375 3270 566 3324 tristes
614 3270 734 3323 irae
775 3269 1054 3336 quatiunt.
1134 3269 1326 3321 Simile
1361 3268 1528 3336 plane

378 3340 643 3409 loquendi
681 3356 853 3411 genus
889 3345 978 3393 est
1015 3339 1194 3393 Carm.
1233 3339 1305 3405 ΙΙ,
1346 3341 1429 3406 17,
1458 3339 1526 3393 13

377 3430 497 3481 sqq.
537 3412 638 3480 111,
665 3414 752 3475 21,
773 3412 839 3463 21
871 3428 950 3479 sq.
985 3410 1361 3480 Peerlkampii
1398 3428 1526 3465 con-

380 3484 650 3538 iacturam
675 3500 786 3537 non
810 3484 863 3536 si
899 3486 1064 3536 acuta
1101 3482 1374 3536 refutavit
1395 3482 1528 3537 Mei·

379 3556 592 3622 nekius,
642 3555 766 3624 qui:
821 3554 1278 3621 „monosyllabas,
1325 3554 1525 3623 inquit,

379 3644 570 3767 {33
589 3630 820 3750 {W}
859 3626 1528 3767 ‘’5⁰33m323st1‘10sstfi’33

380 3770 440 3822 in
477 3736 683 3837 lyricis,
701 3714 986 3837 nunqualm
1015 3736 1218 3823 elisit.“
1254 3798 1319 3808 —
1359 3768 1526 3837 Gory-

379 3840 587 3910 bantes]
615 3839 929 3895 sacerdotes
951 3840 1196 3909 Cybeles,
1233 3840 1404 3893 etiam
1425 3838 1525 3894 Cu-

383 3916 528 3966 retes
565 3912 854 3981 appellati,
903 3911 998 3980 qui
1045 3912 1105 3965 in
1155 3912 1328 3965 sacris
1363 3928 1528 3965 aerea

382 3983 635 4052 cymbala
653 3983 940 4053 pulsantes
961 3984 1175 4037 animos
1188 3981 1380 4037 furore
1395 3999 1530 4051 quo-

379 4056 512 4109 dam
536 4056 731 4109 insano
756 4054 1082 4124 implebant.
1123 4055 1193 4109 cf.
1222 4053 1366 4108 Plat.
1407 4053 1524 4107 Ion.

379 4145 434 4197 p.
457 4126 563 4181 533
581 4144 630 4181 e.
667 4128 810 4180 Stat.
837 4126 1012 4180 Theb.
1029 4125 1124 4194 IV,
1149 4126 1280 4179 782:
1313 4125 1526 4194 „qualis

384 4198 722 4265 Berecyntia
765 4202 964 4265 mater,
1001 4196 1149 4251 Dum
1199 4196 1350 4251 eirca
1398 4214 1526 4266 par-

381 4286 516 4323 vum
556 4269 713 4323 iubet
749 4268 1030 4323 exsultare
1066 4267 1374 4323 Tonantem
1425 4268 1526 4321 Cu-

378 4346 529 4395 retas
577 4340 850 4410 trepidos:
905 4339 992 4393 illi
1043 4339 1318 4393 certantia
1365 4340 1525 4409 plau-

381 4412 524 4466 dunt
565 4410 644 4465 Or
690 4412 740 4465 ‘a
775 4411 872 4465 sed
909 4411 1124 4480 magnis
1173 4416 1396 4465 resonat
1431 4428 1526 4466 va·

379 4483 595 4553 gitibus
659 4481 782 4537 de.“
823 4510 889 4521 --
933 4482 1176 4537 Noricus
1211 4482 1378 4567 ensis]
1415 4482 1523 4538 fer-

1630 2122 1963 2191 habebatur,
2009 2141 2113 2193 pro
2162 2125 2359 2194 quovis
2408 2124 2521 2178 alio
2558 2124 2778 2193 poetice

1628 2194 1896 2264 positum.
1932 2194 2114 2264 Epod.
2154 2198 2241 2261 17,
2277 2199 2364 2251 71.
2440 2194 2603 2250 Ovid.
2642 2194 2775 2248 Met.

1630 2266 1785 2334 XIV,
1835 2266 1957 2319 712.
2003 2296 2075 2305 —
2119 2268 2387 2323 tranando
2436 2266 2604 2337 Iupp.
2656 2266 2777 2335 ipse

1628 2352 1794 2391 ruem
1828 2338 2089 2409 tumultu]
2126 2339 2163 2391 i.
2200 2356 2249 2393 e.
2288 2338 2453 2393 ruina
2491 2338 2655 2405 caeli3
2702 2336 2777 2391 cf.

1633 2408 1810 2464 Carm.
1836 2408 1938 2477 111,
1966 2411 2017 2478 3,
2056 2412 2106 2463 7.
2145 2412 2203 2479 83
2240 2411 2338 2465 sed
2372 2413 2496 2464 tota
2532 2406 2776 2464 elocutio

1630 2485 1695 2535 ut
1746 2478 2043 2563 magnifica
2108 2486 2194 2537 est
2256 2482 2340 2537 ita
2396 2480 2778 2551 super-latione

1630 2569 2281 2691 prgpelgoossflgfflhw]
2319 2622 2474 2679 Haec
2496 2622 2567 2678 de
2602 2623 2779 2694 parti·

1630 2696 1771 2750 culis
1816 2695 2064 2765 undique
2121 2696 2396 2766 decerptis
2455 2695 2779 2765 hominique

1630 2766 1837 2821 additis
1875 2767 2069 2821 fabula
2106 2769 2153 2821 si
2194 2785 2307 2821 non
2341 2766 2415 2821 ab
2451 2768 2572 2836 ipso
2598 2766 2777 2821 Hora·

1630 2838 1713 2892 tio
1740 2839 2061 2909 excogitata
2085 2844 2186 2907 est,
2222 2844 2412 2893 tamen
2452 2854 2602 2892 nunc
2626 2837 2779 2907 apud

1631 2909 1850 2964 nullum
1895 2912 2178 2979 reperitur
2215 2910 2489 2965 Graecum
2533 2914 2777 2978 poetam.

1429 2980 1526 3051 Cy-
1632 2980 1907 3051 Compara
1930 2987 2119 3037 tamen
2142 2982 2431 3037 claudian.
2455 2982 2525 3036 de
2543 2981 2622 3035 IV
2638 2982 2778 3036 Con-

1632 3054 1734 3106 sul.
1756 3052 1965 3107 Honor.
1986 3072 2040 3106 v.
2054 3055 2183 3108 228:
2210 3054 2385 3122 „Cum
2406 3052 2673 3108 conderet
2690 3070 2779 3107 ar-

1632 3129 1723 3177 tus
1743 3122 1977 3179 Nostros
1999 3125 2274 3180 aethereis
2291 3125 2529 3180 miscens
2554 3128 2781 3179 terrena

1631 3194 1996 3250 Prometheus
2024 3196 2308 3251 Sinceram
2331 3198 2512 3266 patris
2534 3200 2781 3251 mentem

1634 3267 1851 3322 furatus
1878 3266 2117 3337 Olympo
2144 3268 2437 3323 Continuit
2466 3267 2781 3323 claustris.“

1630 3339 1847 3409 Lepida
1882 3343 2071 3394 autem
2118 3339 2343 3395 fabulae
2385 3344 2591 3395 natura
2624 3340 2781 3393 miri-

1630 3411 1733 3465 fice
1792 3412 2054 3482 congruit
2110 3430 2235 3467 cum
2288 3412 2463 3466 totius
2522 3412 2783 3466 carminis

1632 3483 1814 3537 ironia
1850 3490 1907 3536 et
1944 3483 2192 3537 oonsilio,
2231 3482 2597 3538 Prometheus
2628 3482 2779 3538 enim

1633 3572 1757 3609 cum
1806 3553 2087 3610 hominem
2136 3554 2349 3625 fingere
2386 3554 2574 3618 vellet,
2626 3555 2782 3623 limo,

1634 3642 1775 3693 quae
1823 3626 2152 3695 principalis
2201 3642 2333 3696 pars
2386 3625 2628 3680 hominis
2678 3630 2783 3693 est,

1632 3696 2017 3766 undecumque
2043 3704 2323 3767 sumptam
2350 3697 2645 3752 materiem
2684 3698 2785 3753 ad·

1631 3768 1795 3823 didit.
1830 3768 2057 3823 Scilicet
2095 3786 2219 3824 cum
2254 3770 2490 3839 singulis
2523 3769 2784 3838 partibus

1632 3840 1705 3894 ad
1740 3856 1941 3909 corpus
1966 3840 2326 3895 formandum
2350 3840 2663 3910 adsumptis
2688 3858 2783 3895 ve-

1632 3916 1837 3965 nerunt
1887 3912 2060 3967 etiam
2108 3912 2445 3982 cupiditates
2483 3918 2653 3981 atque
2692 3930 2783 3967 oc-

1632 3988 1913 4053 cuparunt
1950 3984 2123 4052 sedes,
2175 3984 2235 4038 in
2272 3984 2475 4052 quibus
2522 3982 2785 4037 habitare

1632 4072 1724 4108 eas
1774 4055 2059 4109 sentimus.
2133 4054 2226 4110 Sic
2271 4057 2358 4111 ira
2404 4073 2437 4109 a
2483 4054 2644 4109 leone
2688 4055 2783 4109 de·

1631 4132 1853 4195 sumpta
1900 4126 2246 4181 stomachum
2296 4127 2499 4197 (Carm.
2548 4126 2593 4195 Ι,
2632 4126 2685 4193 6,
2724 4127 2785 4197 6)

1630 4198 1817 4251 sedem
1854 4199 2085 4268 accepit.
2123 4228 2196 4239 —
2240 4204 2291 4253 et
2326 4198 2541 4267 insana]
2590 4202 2639 4252 et
2676 4214 2783 4268 pro

1630 4269 1813 4324 etiam.
1860 4298 1929 4309 -
1984 4270 2271 4343 Thyesten]
2326 4269 2398 4325 of.
2448 4269 2560 4324 cic.
2618 4268 2781 4325 Tusa.

1629 4340 1723 4408 IV,
1764 4342 1849 4406 36,
1890 4340 1954 4394 77
2006 4347 2063 4396 et
2112 4342 2183 4396 ad
2231 4342 2410 4397 Carm.
2449 4341 2493 4409 Ι,
2532 4342 2583 4406 6,
2619 4344 2670 4396 8.
2713 4372 2781 4381 -

1628 4410 1851 4466 ultimae
1888 4418 2077 4468 stetere
2108 4415 2331 4485 causae]
2372 4412 2615 4469 Ultimae
2647 4418 2783 4468 sunt

1629 4484 1703 4537 ab
1742 4484 1865 4553 ipsa
1898 4502 1963 4538 re
1998 4486 2416 4547 remotissimae,
2454 4485 2633 4555 igitur
2664 4486 2784 4555 pri-

380 4571 511 4608 rum
523 4554 810 4622 Noricum,
823 4552 972 4621 quod
981 4553 1523 4622 praestantissimum
1624 4572 1777 4623 mae3
1832 4554 2033 4611 deinde
2096 4560 2243 4611 stare
2295 4556 2576 4624 dicuntur,
2640 4574 2776 4626 quo·
