3092 5059
1123 242 1282 309 LJB.
1325 242 1412 308 11.
1457 241 1647 308 SA'P.
1692 242 1801 308 lv.

2533 246 2659 311 457

358 432 514 509 Sed
563 456 720 507 non
771 456 1004 507 omne
1046 455 1261 507 mare
1309 441 1424 506 est
1474 454 1901 527 generosae
1950 430 2211 507 fertile
2260 443 2536 509 testae:

356 556 658 633 Murice
709 556 1000 632 Baiano
1055 554 1332 631 melior
1380 554 1721 631 Lucrina
1762 555 2077 653 peloris,

359 680 636 759 Ostrea
691 680 1002 778 Circeis,
1053 681 1354 757 Miseno
1411 680 1766 756 oriuntur
1818 678 2090 776 echini,

355 806 794 883 Pectinibus
840 806 1126 904 patulis
1175 807 1408 883 iactat
1457 832 1541 881 se
1592 804 1833 881 molle
1882 805 2321 882 Tarentum.

273 962 324 1003 ⁸⁵
358 932 524 1009 Nec
572 932 719 1007 sibi
769 957 1131 1009 cenarum
1183 932 1434 1032 quivis
1484 944 1775 1009 temere
1818 942 2130 1028 arroget
2180 944 2447 1027 artem,

359 1058 428 1134 N
433 1083 532 1133 on
583 1057 794 1156 prius
851 1071 1110 1134 exacta
1160 1058 1372 1135 tenui
1423 1057 1720 1133 ratione
1772 1081 2160 1157 saporum.

356 1182 428 1259 N
430 1209 519 1260 ec
572 1184 752 1259 satis
803 1196 919 1287 est
971 1208 1151 1259 cara
1198 1184 1448 1285 pisces
1499 1206 1860 1259 averrere
1910 1206 2179 1257 mensa

359 1308 749 1407 Ignarum,
800 1308 1078 1409 quibus
1129 1321 1245 1385 est
1291 1310 1412 1384 ius
1453 1309 1709 1408 aptius
1762 1319 1840 1384 et
1883 1306 2165 1406 quibus
2218 1305 2409 1382 assis

357 1432 808 1532 Languidus
857 1436 940 1509 in
989 1433 1330 1510 cubitum
1380 1435 1536 1510 iam
1588 1459 1674 1510 se
1726 1434 2052 1510 conviva
2100 1442 2449 1529 reponet.

275 1590 330 1629 «o
361 1558 650 1637 Umber
697 1571 778 1635 et
825 1559 1066 1657 iligna
1117 1558 1444 1633 nutritus
1499 1557 1788 1657 glande
1836 1557 2205 1633 rotundas

364 1685 654 1763 Curvat
704 1709 895 1782 aper
941 1684 1200 1763 lances
1255 1708 1563 1759 carnem
1616 1684 1925 1759 vitantis
1972 1684 2337 1759 inertem:

361 1810 561 1886 Nam
597 1809 940 1887 Laurens
995 1809 1242 1885 malus
1295 1822 1428 1903 est,
1475 1807 1668 1883 ulvis
1721 1822 1797 1885 et
1844 1808 2277 1885 harundine
2302 1806 2660 1907 pinguis.

363 1936 613 2012 Vinea
662 1935 1038 2012 submittit
1086 1960 1401 2030 capreas
1451 1960 1610 2011 non
1664 1960 1971 2034 semper
2024 1933 2311 2011 edules,

362 2060 776 2137 Fecundae
824 2062 1112 2161 leporis
1161 2061 1469 2159 sapiens
1513 2061 1931 2136 sectabitur
1980 2084 2261 2134 armos.

275 2219 332 2261 «s
363 2186 710 2263 Piscibus
760 2198 993 2286 atque
1041 2186 1314 2263 avibus
1363 2210 1563 2285 quae
1614 2198 1889 2262 natura
1938 2198 2015 2262 et
2064 2184 2265 2261 foret
2312 2197 2543 2280 aetas,

257 2452 510 2507 earum.“
561 2482 630 2493 -
676 2454 796 2508 albo
845 2452 976 2524 Coo]
1023 2453 1168 2508 Plin.
1220 2453 1290 2507 N.
1343 2453 1412 2508 H.

259 2522 412 2589 XIV,
447 2525 500 2591 8,
539 2526 636 2579 78:
723 2524 857 2593 „Coi
889 2526 1166 2579 marinam
1213 2542 1416 2594 aquam

260 2594 569 2665 largiorem
637 2596 872 2651 miscent
939 2596 1115 2665 (vino)
1183 2614 1218 2651 a
1267 2598 1416 2652 servi

259 2666 418 2720 furto
451 2667 672 2737 origine
695 2673 823 2721 orta
859 2668 940 2723 sic
962 2684 1278 2722 mensuram
1322 2686 1414 2723 ex-

257 2738 488 2807 plentis,
525 2756 670 2808 quae
693 2740 971 2793 translata
1001 2740 1060 2793 in
1085 2739 1276 2793 album
1297 2758 1414 2794 mu-

257 2814 414 2863 stum
425 2810 726 2864 leucocoum
739 2812 1183 2879 appellatur.“·--
1192 2828 1418 2867 nasccn-

259 2886 342 2936 tes
371 2881 558 2950 lunae]
587 2881 730 2936 Plin.
768 2882 835 2937 N.
858 2882 928 2937 Η.
947 2883 1019 2941 ΙΙ.
1039 2884 1134 2936 42:
1167 2882 1416 2950 „Lunari

259 2956 544 3021 potestate
555 2958 871 3007 ostreorum
892 2953 1418 3024 conchyliorumque

261 3028 320 3078 et
333 3024 672 3108 concharum
693 3026 946 3108 omnium
963 3043 1201 3097 corpora
1221 3027 1418 3097 augeri

261 3112 652 3222 2522-223‘2523
653 3098 1162 3224 {2232‘33331053
1167 3097 1419 3241 3333.

261 3238 496 3292 delicias
556 3242 614 3293 et
669 3240 850 3307 cibos,
908 3240 1002 3295 hic
1055 3258 1276 3309 quoque
1330 3243 1418 3297 vel

261 3309 411 3363 falsa
444 3310 534 3363 vel
571 3310 834 3365 omnibus
869 3316 1006 3366 nota
1051 3312 1310 3381 prodens.
1351 3342 1415 3353 -·

255 3371 498 3451 patulis]
537 3382 711 3437 Arist.
737 3382 808 3436 Η.
831 3386 900 3437 A.
936 3382 1032 3451 IV,
1073 3388 1132 3437 4:
1173 3386 1318 3451 „aar
1353 3384 1416 3439 δὲ

261 3448 461 3520 ἄλλων,
507 3450 1018 3539 (ὀστρακοδέρμων)
1055 3452 1122 3508 τὰ
1134 3460 1268 3541 μέν
1303 3458 1420 3510 ἔστι.

261 3524 484 3593 δίθυρα,
520 3523 586 3577 τὰ
625 3524 690 3579 δὲ
725 3532 1016 3597 μονοθυρα
1037 3542 1050 3555 ·
1090 3544 1202 3581 των
1236 3528 1300 3581 δὲ
1339 3528 1417 3581 ‹5ae-

261 3589 454 3663 θόρων
487 3594 554 3648 τὰ
587 3600 700 3668 μέν
735 3598 853 3651 ἔστι
888 3593 1259 3671 ἆνάπτυχα,
1301 3595 1421 3653 οἷον

263 3670 320 3719 οἱ
359 3670 590 3726 κτένες
626 3673 720 3722 καὶ
756 3672 810 3723 ol
842 3663 1013 3742 μύες*
1059 3666 1276 3727 ἅπαντα
1311 3668 1418 3739 γὰρ

261 3735 330 3791 τὰ
365 3740 586 3793 τοιαῦτα
621 3741 697 3829 τῇυ
719 3740 832 3811 μὲν
867 3746 1217 3813 συμπέφυκε,
1251 3744 1318 3817 τῇ
1354 3743 1418 3796 δὲ

261 3810 587 3878 διαλέλυται,
655 3828 796 3865 mon
867 3816 1253 3883 συγκλείεσθαι
1327 3818 1420 3867 καὶ

205 3910 210 3913 -
261 3877 649 3949 &mysos-cest
704 3914 775 3925 —
827 3884 1008 3955 molle]
1043 3886 1113 3941 cf.
1152 3886 1336 3956 Epist.
1375 3886 1416 3949 Ι,

267 3955 321 4021 ’7,
359 3954 445 4007 45.
495 3954 744 4009 Iuvenal.
781 3957 832 4021 6,
874 3958 1004 4011 297:
1054 3961 1418 4025 „coronatum

265 4029 328 4079 et
351 4026 608 4093 petulans
634 4027 1032 4097 madidumque
1059 4030 1418 4085 Tarentum.“

265 4124 340 4135 -·
375 4097 642 4167 averrere]
699 4098 790 4153 Sic
823 4099 1068 4168 plurima
1102 4118 1234 4170 pars
1275 4101 1418 4155 anti-

267 4168 663 4235 quissimorum
711 4170 984 4239 codicum,
1031 4173 1127 4227 alii
1164 4178 1419 4228 avenae.

267 4238 341 4293 cf.
377 4238 548 4294 Mart.
572 4241 643 4308 11,
685 4243 774 4301 37.
819 4244 870 4296 1:
913 4242 1226 4312 „Quicquid
1261 4244 1418 4313 poni-

268 4316 368 4364 tur
409 4312 492 4377 (in
537 4313 753 4382 mensa)
801 4313 934 4369 hinc
976 4320 1034 4369 et
1079 4316 1208 4370 inde
1243 4315 1420 4370 verris

267 4422 282 4437 .
307 4422 320 4435 .
343 4420 356 4434 .
379 4382 533 4438 Haec
569 4400 692 4438 cum
733 4384 962 4439 condita
995 4392 1126 4441 sunt
1161 4386 1421 4441 madente

267 4468 477 4523 mappa
510 4454 837 4511 Traduntur
873 4474 1048 4526 puero
1075 4458 1302 4513 domum
1339 4456 1418 4512 fe-

269 4524 498 4580 rends.“
534 4526 717 4583 Plaut.
752 4526 916 4583 Truc.
943 4528 1015 4596 11,
1041 4532 1092 4593 3,
1120 4533 1178 4585 8:
1215 4528 1419 4599 „Domi

257 4597 540 4669 quicquid
565 4599 736 4655 habet
759 4602 1006 4660 verritur
1037 4602 1192 4663 ffemf‘
1227 4600 1420 4660 Men-a

1508 2457 1698 2508 autem
1736 2458 1821 2507 est
1859 2452 2165 2522 piscatoria
2210 2454 2270 2508 in
2316 2454 2457 2509 foro.
2530 2455 2661 2509 Sen-

1511 2526 1687 2580 tentia
1724 2524 1862 2579 haec
1898 2529 2007 2579 est:
2046 2542 2159 2579 non
2196 2526 2333 2579 satis
2364 2532 2451 2581 est
2472 2544 2663 2581 omnes

1507 2597 1783 2666 pretiosos
1827 2596 2007 2664 pisces
2061 2597 2259 2666 quovis
2306 2598 2503 2667 pretio·
2542 2614 2662 2653 coe-

1509 2668 1694 2731 misse,
1724 2672 1806 2734 ut,
1842 2686 1969 2723 cum
2004 2672 2069 2721 tu
2106 2668 2180 2723 sd
2202 2686 2447 2723 mensem
2487 2670 2665 2739 pisea-

1510 2740 1717 2795 toriam
1760 2740 2003 2803 steteris,
2050 2756 2241 2793 omnes
2284 2740 2464 2809 pisces
2502 2740 2663 2810 quusi

1509 2812 1691 2881 scopis
1716 2811 1935 2866 collecti
1959 2811 2277 2879 videantur,
2302 2812 2400 2866 sed
2436 2813 2665 2867 accedat

1512 2886 1740 2953 oportet
1774 2900 1865 2936 ars
1913 2887 1973 2937 et
2010 2883 2245 2938 scientia
2296 2884 2533 2952 quodvis
2572 2902 2665 2955 ge·

1511 2974 1618 3009 nus
1656 2971 1725 3008 ex
1766 2971 1867 3009 sua
1901 2958 2105 3009 natura
2126 2954 2365 3025 parandi
2402 2960 2461 3009 et
2497 2972 2667 3025 appo-

1513 3026 1707 3091 nendi.
1724 3054 1789 3065 —
1816 3025 2119 3095 lumidus
2182 3026 2397 3080 edendo
2432 3025 2544 3081 iam
2582 3028 2665 3082 fa-

1509 3099 1741 3169 tigatus.
1792 3128 1857 3138 —
1902 3108 2119 3165 reponet
2186 3098 2369 3151 Oarm.
2406 3097 2451 3156 Ι.
2490 3098 2578 3166 27,
2614 3101 2665 3153 9.

1511 3170 1725 3224 Comm.
1752 3169 1945 3237 Cruq.:
1986 3170 2301 3237 „suavitate
2322 3170 2665 3225 condimenti

1509 3240 1595 3296 ad'
1622 3240 1901 3297 edendum
1936 3241 2347 3296 revocabitur.“

1582 3312 1647 3365 V.
1686 3316 1773 3366 41.
1829 3328 2045 3369 carnem
2112 3312 2361 3382 ἐπαΐω]
2430 3312 2665 3366 fatuam.

1512 3384 1771 3439 Praefert
1806 3384 1899 3437 hic
1922 3383 2251 3439 Umbricum
2295 3401 2496 3453 aprum
2522 3383 2667 3437 Lau-

1510 3456 1735 3510 rentino
1776 3455 1845 3509 ab
1884 3455 2009 3508 aliis
2031 3455 2211 3525 magis
2237 3455 2498 3521 laudat03
2535 3472 2665 3509 nam

1511 3526 1725 3583 Statius
1752 3532 1907 3581 certe
1926 3526 2059 3581 Silv.
2082 3526 2180 3595 IV,
2200 3528 2253 3595 6,
2279 3530 2372 3581 12:
2420 3525 2666 3593 „Tuscus

1513 3616 1648 3669 aper
1738 3598 2021 3653 onerosior
2067 3598 2337 3653 Umbro.“
2436 3596 2664 3652 Becker.

1513 3670 1655 3725 Gall.
1744 3709 1758 3723 .
1804 3670 1875 3723 Π.
1926 3688 1980 3739 p.
2036 3670 2135 3723 186
2186 3669 2293 3738 (ed.
2340 3669 2435 3737 1.):
2516 3668 2667 3737 „Der

1511 3742 1665 3796 Eber
1700 3758 1819 3795 war
1852 3740 1913 3795 in
1956 3740 2059 3795 der
2096 3741 2271 3811 Regel
2311 3741 2411 3795 das
2449 3739 2664 3810 Haupt-

1511 3812 1735 3883 gericht
1768 3814 1925 3867 einer
1954 3828 2185 3882 grossen
2222 3828 2375 3879 cena,
2414 3812 2529 3865 und
2564 3811 2667 3867 der

1512 3883 1773 3939 Anstand
1804 3884 2112 3953 verlangte,
2149 3884 2277 3938 dass
2304 3900 2365 3937 er
2388 3900 2531 3954 ganz
2568 3883 2671 3937 auf

1511 3956 1623 4011 den
1658 3954 1825 4010 Tisch
1860 3954 2045 4011 kam.“
2084 3955 2198 4010 Sat.
2236 3954 2309 4023 11,
2346 3958 2397 4017 3,
2436 3956 2561 4008 234.
2591 3954 2661 4019 11,

1513 4030 1568 4097 8,
1588 4030 1639 4083 6.
1661 4056 1727 4067 -
1751 4025 2033 4095 Laurens]
2072 4026 2235 4081 Ovid.
2274 4027 2423 4082 Fast.
2463 4025 2535 4092 11,
2565 4028 2663 4080 23:

1511 4100 1721 4225 azontu
1732 4099 2101 4238 aperfdffida
2092 4099 2259 4239 10ιίἔὲ
2287 4098 2666 4239 Ifafirjgtigtus

1606 4189 1687 4225 us.
1761 4200 1828 4210 —
1892 4187 2025 4225 cmm
2102 4188 2130 4225 e
2250 4186 2367 4225 ons
2512 4186 2563 4223 ie
2624 4188 2667 4223 ι-

1511 4260 1647 4297 vum
1677 4260 1709 4297 e
1735 4247 1939 4296 natura
1968 4246 2251 4310 sumptum
2286 4242 2511 4310 leporis,
2536 4258 2665 4295 nam

1513 4332 1625 4369 non
1656 4319 1743 4368 est
1773 4314 2159 4383 pracynantis.
2209 4313 2329 4367 Alii
2353 4317 2417 4366 ut
2434 4312 2665 4367 Holder.

1515 4386 1723 4440 Keller.
1756 4384 1801 4438 F
1802 4385 1994 4439 ritsch.
2022 4384 2309 4438 Eckstein.
2338 4384 2472 4452 (non
2494 4383 2667 4438 Orell.

1513 4456 1752 4527 Kriiger.
1780 4456 2029 4523 Miiller.)
2051 4454 2289 4523 fecundi,
2314 4454 2411 4509 sed
2448 4455 2665 4509 femini-

1514 4546 1651 4584 num
1686 4546 1861 4598 genus
1898 4532 2091 4582 tuetur
2114 4526 2533 4594 antiquissimus
2576 4544 2664 4581 oo-

1511 4600 1619 4657 dex
1644 4600 1809 4671 Gruq.
1835 4599 1953 4655 Iam
1974 4598 2293 4657 Priscianus
2314 4598 2479 4655 docet
2502 4598 2592 4655 hic
2609 4602 2668 4653 et
2694 4638 2701 4641 -
