3092 5059
507 228 631 294 532

1392 219 2011 289 EPISTULARUM

608 413 1113 511 Praeceptum
1168 406 1529 486 auriculis
1575 407 1724 482 hoc
1770 405 2148 483 instillare
2199 416 2622 479 memento:

610 537 759 633 „Ut
809 549 889 610 tu
943 537 1353 629 fortunam,
1408 535 1518 609 sic
1565 559 1704 608 nos
1755 545 1852 629 te,
1905 531 2149 625 Celae,
2197 521 2610 604 feremus.“

1612 753 1812 764 ——-

1385 893 1836 976 EmsTULA
1900 891 2044 974 IX.

615 1055 1053 1155 Septimius,
1112 1057 1414 1151 Claudi,
1468 1059 1828 1132 nimirum
1884 1054 2265 1152 intellegit
2315 1079 2508 1142 unus

612 1181 897 1274 Quanti
946 1206 1071 1257 me
1123 1182 1405 1258 faciest
1454 1207 1635 1258 nam
1687 1207 1858 1257 cum
1907 1191 2134 1278 rogat
2185 1191 2260 1254 et
2309 1203 2542 1274 prece
2592 1174 2822 1274 cogit,

611 1305 915 1381 Scilicet
964 1318 1049 1381 ut
1100 1307 1238 1381 tibi
1291 1331 1371 1382 se
1424 1305 1746 1381 laudare
1797 1319 1875 1380 et
1927 1303 2234 1379 tradere
2279 1327 2534 1395 coner,

608 1431 944 1528 Dignum
998 1444 1255 1506 mente
1307 1433 1698 1530 domoque
1747 1430 2074 1528 legentis
2128 1429 2450 1502 honesta
2497 1424 2848 1518 Neronis,

552 1587 575 1628 a
614 1555 933 1630 Munere
985 1580 1159 1631 cum
1214 1555 1439 1653 fungi
1492 1554 1880 1654 propioris
1935 1564 2190 1628 censet
2234 1552 2497 1647 amici3

614 1677 823 1770 Quid
872 1679 1158 1775 possim
1212 1678 1425 1754 videt
1473 1705 1564 1755 ac
1612 1679 1842 1754 novit·
1878 1703 2002 1752 me
2051 1676 2354 1753 valdius
2404 1679 2597 1776 ipso.

608 1803 858 1879 Multa
904 1803 1217 1903 quidem
1270 1804 1430 1879 dixi
1487 1830 1624 1878 cur
1673 1817 2075 1879 excusatus
2130 1803 2464 1878 abirem:

614 1927 768 2003 Sed
812 1929 1055 2024 timui,
1109 1955 1283 2004 mea
1333 1955 1431 2004 ne
1482 1929 1794 2003 finxisse
1846 1929 2144 2002 minora
2191 1939 2532 2027 putarer,

510 2161 613 2214 per
648 2144 860 2212 hospiti
898 2145 1163 2199 molestus
1200 2145 1357 2200 sim.“
1386 2175 1453 2184 —
1481 2149 1660 2200 vento·

510 2216 629 2286 sus]
669 2216 1003 2270 inconstans.
1042 2215 1115 2270 cf.
1150 2216 1331 2286 Epist.
1366 2216 1411 2278 1,
1456 2219 1538 2283 19,
1578 2217 1660 2270 37.

515 2317 579 2326 —
607 2286 811 2358 iuveni]
851 2285 1079 2342 Tiberio
1116 2292 1253 2342 tunc
1288 2287 1449 2342 XXII
1487 2305 1661 2343 annos

511 2364 663 2414 nato.
709 2388 775 2398 —
820 2358 1055 2429 cohorti]
1109 2360 1181 2413 cf.
1219 2360 1401 2430 Epist.
1438 2359 1483 2427 Ι,
1520 2359 1572 2427 3,
1612 2363 1661 2413 6.

510 2459 581 2469 -
618 2429 866 2500 subinde]
916 2430 1140 2492 deinde,
1201 2432 1483 2501 protinus,
1534 2448 1662 2486 con·

511 2503 688 2558 tinuo.
750 2501 823 2556 cf.
862 2501 1073 2556 Colum.
1113 2502 1183 2568 11,
1221 2506 1275 2572 4,
1315 2506 1408 2556 11:
1474 2507 1664 2573 „Ager

511 2575 750 2642 primum
787 2577 981 2628 aretur
1023 2574 1224 2630 ultima
1260 2579 1421 2643 parte
1458 2575 1663 2628 mensis

513 2645 773 2715 Augusti,
818 2643 1050 2699 subinde
1086 2646 1401 2715 Septembri
1446 2646 1525 2699 sit
1560 2646 1662 2699 ite-

513 2717 724 2771 ratus.“
776 2746 843 2755 —
887 2715 1007 2785 nos]
1051 2734 1155 2788 ego
1202 2723 1261 2773 et
1305 2734 1495 2772 omnes
1542 2718 1662 2786 qui·

512 2789 747 2843 buecum
780 2788 1038 2842 versaris.

849 2903 1186 2974 Epistula
1221 2903 1315 2958 IX.

586 2999 856 3054 Marcello
901 3001 1102 3055 iuvene
1146 3005 1369 3054 mortuo
1406 2999 1664 3054 Tiberius

516 3069 777 3125 Claudius
811 3072 960 3126 Nero
999 3073 1045 3125 is
1080 3072 1290 3127 Romae
1328 3072 1463 3140 fuit,
1509 3072 1664 3126 cuius

514 3143 703 3211 gratia
758 3144 1002 3197 maxima
1062 3143 1353 3198 commoda
1408 3149 1465 3198 et
1524 3160 1666 3197 sum-

517 3230 666 3267 mam
703 3230 858 3282 spem
896 3213 1073 3270 futuri
1100 3216 1369 3283 temporis
1395 3215 1666 3284 praebere

516 3289 719 3353 posset.
778 3284 961 3352 Quare
1000 3285 1094 3354 qui
1132 3287 1205 3340 ad
1242 3287 1479 3341 honores
1514 3287 1666 3340 viam

517 3356 627 3409 sibi
666 3357 877 3410 vellent
902 3375 1119 3426 parare,
1148 3359 1188 3411 ii
1225 3358 1376 3427 quod
1412 3359 1667 3427 proxime

518 3428 591 3483 ad
638 3428 745 3482 hoc
794 3445 999 3482 novum
1048 3430 1199 3483 sidus
1245 3430 1503 3484 accedere
1553 3435 1666 3482 stu·

517 3499 743 3561 debant,
769 3500 1125 3568 publicarum
1156 3519 1341 3555 rerum
1378 3518 1520 3570 quae
1544 3505 1666 3554 tum

517 3569 629 3624 fuit
671 3573 821 3625 ratio
870 3573 992 3641 ipsa
1038 3572 1189 3626 tulit.
1275 3573 1353 3627 Et
1400 3572 1667 3626 Horatius

518 3659 739 3711 quoque
801 3642 1061 3712 Septimii
1122 3644 1343 3698 iteratis
1392 3643 1666 3712 ,precibus

517 3713 601 3768 ita
637 3715 821 3782 cessit,
870 3721 935 3769 ut
981 3715 1237 3770 iuvenem
1288 3715 1527 3769 amicum
1563 3715 1666 3768 Ne·-

519 3786 645 3840 roni
683 3785 1115 3841 commendaret.
1189 3785 1349 3853 Quod
1396 3805 1507 3854 qua
1544 3791 1667 3840 arte

517 3857 733 3920 fecerit,
774 3875 843 3912 ne
895 3863 995 3911 aut
1031 3857 1288 3927 Septimii
1336 3858 1497 3911 iustis
1542 3873 1666 3926 pre·

518 3929 675 3983 cibus
729 3929 945 3983 deesset
995 3933 1095 3983 aut
1146 3947 1245 3982 sua
1297 3930 1447 3997 apud
1492 3929 1668 3982 Nero·

517 4017 646 4053 nem
706 4001 1045 4056 anctoritate
1105 4004 1437 4070 arroganter
1508 4001 1668 4054 abuti

518 4071 827 4138 videretur,
863 4077 929 4126 tu
967 4071 1090 4141 lege
1123 4078 1180 4126 et
1220 4071 1516 4126 admirare.
1585 4071 1668 4124 De

518 4141 793 4210 Septimio
839 4143 967 4196 vide
1018 4143 1091 4196 ad
1126 4143 1305 4196 Carm.
1331 4142 1405 4210 11,
1430 4145 1481 4209 6,
1513 4143 1560 4210 1,
1598 4143 1668 4196 de

518 4213 740 4268 Nerone
792 4215 1121 4282 praecipuus
1167 4213 1317 4268 locus
1367 4220 1453 4268 est
1486 4212 1668 4268 Taciti

518 4287 669 4337 Anu.
710 4283 799 4352 vl,
838 4287 929 4338 51:
985 4283 1297 4354 „Egregius
1332 4286 1454 4338 vita
1488 4285 1668 4339 fama-

521 4371 647 4422 que,
688 4355 873 4422 quoad
907 4357 1163 4424 privatus
1200 4356 1291 4410 vel
1336 4357 1395 4410 in
1431 4357 1670 4426 imperio

518 4425 624 4478 sub
661 4427 919 4494 Augusto
953 4426 1187 4481 fuerat.“
1250 4427 1405 4481 Inter
1442 4445 1533 4482 eos
1573 4428 1669 4497 qui

520 4493 811 4548 Tiberium
883 4498 941 4550 in
1014 4498 1339 4551 Armeniam
1416 4499 1669 4554 comitati

522 4568 655 4617 sunt
700 4564 999 4635 Septimius
1042 4568 1213 4624 fuisse
1258 4586 1369 4622 non
1418 4570 1668 4636 videtur;

1752 2143 1802 2198 si
1861 2142 2074 2210 fuisset,
2133 2143 2193 2196 in
2249 2141 2494 2211 epistula
2549 2143 2582 2195 3
2635 2157 2768 2196 eum
2813 2155 2896 2192 no-

1753 2215 1970 2270 minare
2015 2213 2281 2268 Horatius
2327 2231 2444 2268 non
2485 2217 2634 2268 esset
2684 2211 2896 2267 oblitus.

1753 2287 1898 2341 Nam
1935 2287 2092 2342 cuius
2128 2285 2210 2340 ibi
2231 2286 2445 2340 mentio
2481 2284 2566 2350 fit,
2603 2283 2794 2338 Titius
2827 2281 2896 2334 di-

1754 2373 1946 2412 versus
1982 2357 2134 2412 haud
2169 2357 2340 2411 dubie
2363 2356 2476 2412 fuit
2498 2356 2573 2411 ab
2607 2355 2744 2422 hoc;
2783 2352 2896 2407 vids

1755 2429 1834 2484 ibi
1871 2429 1942 2483 ad
1965 2445 2018 2480 v.
2039 2430 2090 2482 9.
2140 2427 2498 2498 Quapropter
2533 2427 2806 2482 libentius
2839 2425 2896 2478 iis

1757 2500 2028 2556 assentior
2074 2501 2171 2569 qui
2221 2518 2270 2554 a.
2318 2501 2450 2566 732,
2495 2517 2668 2568 quam
2717 2499 2812 2566 qm’
2855 2513 2896 2550 a.

1757 2574 1861 2625 734
1899 2573 2165 2641 scriptam
2211 2572 2567 2641 suspicantur
2611 2571 2764 2625 hane
2799 2567 2896 2637 epi-

1755 2644 1986 2710 stulam;
2031 2642 2128 2697 sed
2165 2643 2310 2697 nihil
2359 2644 2416 2696 in
2455 2643 2544 2696 his
2587 2641 2760 2697 rebus
2797 2656 2896 2695 cer-

1756 2719 1878 2769 tum
1914 2719 2015 2770 est·

1831 2785 1893 2840 V.
1926 2788 1972 2840 1.
2010 2785 2290 2855 nimirum]
2339 2785 2450 2839 Per
2485 2788 2670 2839 totam
2705 2783 2894 2852 epistu-

1758 2858 1871 2912 lam
1916 2858 2161 2911 urbanus
2218 2855 2450 2924 quidam
2505 2855 2668 2924 lepor
2717 2871 2786 2908 ae
2827 2853 2895 2905 iu-

1758 2929 2014 2984 cunditas
2086 2933 2312 2998 regnat3
2381 2927 2512 2982 inde
2598 2925 2897 2980 lenissimae

1758 3001 1972 3056 ironiae
2007 3001 2068 3054 in
2103 2998 2396 3054 vocabulis
2429 3015 2656 3068 quoque
2687 2995 2896 3050 indicia-

1761 3101 1826 3112 -
1853 3071 2024 3141 unus]
2059 3071 2258 3126 melius
2283 3088 2453 3139 quam
2485 3069 2664 3124 ceteri
2703 3073 2762 3123 et
2795 3068 2897 3135 ipse

1757 3143 1994 3283 m]-
2031 3143 2142 3268 ἐξ..
2181 3143 2265 3268 ἒὲ·
2290 3141 2446 3267 Εἶέἶῐ
2487 3141 2692 3280 {inf}
2708 3142 2896 3278 ,⁵131ss

1760 3293 1882 3340 tum
1919 3285 2026 3340 tibi
2063 3285 2348 3339 hominem
2393 3286 2476 3339 ita
2518 3283 2690 3338 trado
2729 3297 2896 3344 manu,

1764 3362 1828 3412 ut
1865 3357 2039 3418 aiunt,
2075 3357 2135 3409 in
2170 3373 2401 3410 manum
2449 3361 2608 3409 tuam
2653 3355 2820 3408 istam
2851 3355 2896 3404 et

1760 3429 2000 3483 victoria
2035 3433 2092 3481 et
2114 3427 2226 3482 fide
2249 3427 2688 3496 praestantem.“
2727 3425 2836 3479 Sat.
2859 3422 2896 3488 Ι,

1762 3501 1810 3566 9,
1849 3502 1936 3552 4⁷.
1979 3499 2162 3568 Epist.
2202 3498 2245 3567 1,
2289 3500 2372 3562 18,
2415 3499 2500 3552 78.
2530 3525 2595 3536 -
2625 3491 2894 3564 domoque]

1761 3589 1864 3625 usu
1899 3577 1958 3625 et
1997 3570 2410 3625 consuetudine.
2483 3568 2694 3624 Versus
2729 3566 2896 3646 negle-

1760 3643 1984 3712 gentius
2040 3643 2222 3696 factus
2277 3642 2342 3695 in
2385 3641 2628 3710 epistula
2685 3653 2896 3694 serm

1755 3714 2012 3782 propiore
2087 3712 2577 3783 reprehendendus
2639 3728 2758 3766 non
2809 3711 2894 3761 est.

1762 3784 1982 3839 Similes
2027 3789 2158 3838 sunt
2207 3783 2322 3838 Sat.
2365 3783 2408 3842 1,
2445 3783 2497 3844 2,
2533 3785 2622 3836 39.
2699 3782 2745 3850 Ι,
2780 3780 2828 3847 8,
2853 3779 2895 3830 9.

1766 3858 1846 3909 17.
1887 3857 1974 3909 36.
2015 3859 2102 3910 50.
2175 3855 2356 3925 Epist.
2403 3854 2446 3920 1,
2493 3857 2544 3922 5,
2585 3855 2672 3908 27.
2743 3853 2788 3918 I,
2826 3853 2895 3916 16,

1763 3932 1846 3982 20.
1921 3928 2034 3982 Sat.
2073 3927 2118 3994 1,
2154 3927 2205 3994 2,
2243 3929 2329 3981 55.
2376 3926 2448 3994 11,
2485 3927 2536 3986 8,
2579 3927 2662 3980 12.
2735 3923 2894 3992 Epist.

1761 3998 1834 4066 11,
1873 4001 1924 4061 2,
1967 4003 2013 4051 1.
2051 4027 2118 4037 -—
2156 3997 2408 4069 honesta]
2463 4001 2670 4052 neutro
2713 4009 2894 4068 genere

1763 4086 1893 4124 usus
1940 4070 2165 4124 videtur
2211 4087 2322 4138 quo
2359 4069 2540 4138 magis
2579 4068 2784 4123 evadat
2813 4081 2893 4135 ge-

1760 4140 1968 4195 neralis
2025 4141 2320 4206 sententia,
2371 4145 2438 4194 ut
2495 4140 2680 4208 Epist.
2734 4137 2804 4204 11,
2849 4135 2890 4198 2,

1773 4213 1892 4265 179.
1918 4242 1985 4251 -
2015 4212 2279 4281 Neronis]
2318 4211 2510 4281 Ipsum
2547 4227 2756 4265 nomen
2788 4223 2892 4262 cum

1763 4283 1820 4336 vi
1859 4287 1986 4352 post
2020 4301 2329 4353 pronomen
2352 4283 2459 4338 tibi
2495 4282 2764 4346 infertum
2799 4279 2834 4332 i.
2853 4295 2891 4330 e.

1762 4355 2004 4408 hominis
2057 4355 2238 4423 qualis
2291 4359 2374 4408 est
2411 4353 2578 4408 Nero.
2623 4383 2694 4393 —
2729 4347 2888 4428 fanan]

1763 4429 1936 4480 Acro:
1995 4443 2156 4494 „cum
2191 4429 2380 4480 censet
2427 4425 2714 4494 propioris
2749 4421 2886 4476 amiel

1762 4513 1852 4551 me
1887 4495 2049 4567 fungi
2088 4497 2369 4551 munere.“
2399 4525 2466 4535 -
2492 4495 2734 4565 υαὶάἰυσ]
2755 4497 2816 4548 Δ.
2838 4489 2884 4544 Ρ.

1761 4569 1883 4621 321.
1921 4597 1986 4606 -
2033 4569 2173 4637 mea]
2217 4585 2402 4622 meum
2453 4567 2608 4636 apud
2657 4571 2717 4622 te
2761 4566 2888 4621 favo·
