3092 5059
1165 236 1438 345 LlBER·
1513 235 1765 303 CARM.
1808 236 1919 301 VI.

2602 234 2725 297 307

735 420 942 513 Quin
993 421 1144 497 huc
1194 422 1484 518 inanes,
1535 423 1600 498 si
1650 436 1895 520 potes,
1953 421 2187 499 vertis
2238 422 2507 515 minas,

925 548 1020 621 Et
1071 572 1194 621 me
1245 572 1769 624 remorsurum
1818 548 2063 649 petis?

671 702 698 743 u
728 669 925 745 Nam
986 671 1233 770 qualis
1289 685 1419 748 aut
1471 674 1853 749 Molossus
1907 685 2037 749 aut
2085 672 2344 749 fulvus
2391 671 2677 763 Lacon,

928 792 1206 871 Amica
1255 797 1369 873 vis
1421 801 1882 899 pastoribuS,

732 918 989 1017 Agam
1041 946 1182 1018 per
1239 922 1430 999 altas
1483 950 1669 999 aure
1712 922 2017 999 sublata
2066 924 2302 1018 nives,

941 1043 1488 1147 Quaecumque
1538 1047 1911 1146 procedet
1962 1047 2166 1143 fera3

731 1170 848 1248 Tu
902 1198 1074 1247 cum
1125 1172 1466 1249 timenda
1522 1198 1706 1249 voce
1752 1171 2155 1270 complesti
2206 1197 2493 1267 nemus,

653 1329 703 1369 ιο
937 1297 1368 1373 Proiectum
1425 1296 1773 1373 odoraris
1821 1298 2102 1373 cibum.

733 1420 964 1517 Cave,
1022 1446 1244 1499 cave:
1298 1448 1632 1523 namque
1684 1423 1765 1497 in
1818 1421 2063 1497 malos
2106 1422 2572 1521 asperrimus

937 1547 1217 1624 Parata
1267 1546 1455 1623 tollo
1515 1573 1826 1641 cornua,

741 1669 1010 1762 Qualis
1061 1671 1500 1773 Lycambae
1551 1686 1851 1773 spretus
1903 1669 2140 1748 infido
2198 1696 2437 1769 gener

938 1793 1103 1870 Aut
1152 1820 1328 1871 acer
1379 1794 1619 1871 hostis
1672 1794 1993 1893 Bupalo.

333 2014 540 2065 natura
571 2008 754 2065 fidelis
797 2026 865 2064 ac
906 2010 1076 2073 mitis,
1114 2011 1160 2065 si
1207 2028 1319 2080 qua
1361 2010 1484 2066 fera

332 2099 563 2153 gregem
621 2098 911 2208 ἵξῃ-θεοε-
945 2082 1022 2137 sit
1037 2122 1051 2151 ,
1112 2083 1174 2137 in
1233 2082 1484 2138 furorem

336 2159 572 2225 agatur3
700 2170 1010 2208 versarium
1047 2171 1175 2208 cum
1225 2155 1482 2209 venatico

336 2242 402 2280 ac
436 2226 606 2291 malo,
643 2226 742 2296 qui
765 2225 1082 2281 vehementi
1117 2226 1328 2281 latratu
1371 2226 1484 2281 for-

329 2297 632 2352 titudinem
693 2295 918 2366 quidem
988 2298 1287 2367 promittat
1301 2338 1314 2365 ‚
1389 2298 1487 2353 sed

333 2386 459 2423 cum
496 2369 556 2423 in
591 2368 792 2422 silvam
829 2386 862 2423 a
908 2368 1134 2423 domino
1170 2370 1371 2423 missus
1411 2370 1488 2423 sit

330 2440 578 2495 muneris
634 2440 829 2495 statim
887 2440 1252 2495 obliviscatur
1305 2457 1486 2509 neque

331 2511 580 2567 ferarum
638 2512 878 2583 vestigia
937 2512 1034 2567 sed
1080 2513 1318 2582 proiecti
1374 2512 1487 2567 cibi

332 2583 565 2638 odorem
609 2588 899 2651 sequatur,
947 2583 1343 2639 fortitudinem
1391 2602 1486 2639 au-

331 2660 448 2709 tem
483 2655 544 2709 in
573 2655 907 2710 allati-andis
941 2656 1252 2710 viatoribus
1287 2673 1486 2725 expro-

335 2730 471 2781 mat.
528 2724 870 2781 Scholiastae
905 2728 1200 2782 nominant
1239 2728 1488 2783 Cassium

337 2797 618 2867 quendam
655 2796 939 2867 Severum,
984 2800 1318 2855 maledicum
1363 2817 1486 2854 ora·

337 2874 520 2924 torem
557 2869 654 2937 qui
691 2886 739 2923 a.
779 2888 834 2924 u.
874 2872 978 2925 786
1015 2887 1183 2925 senex
1231 2877 1486 2926 mortuus

333 2946 422 2996 est
476 2944 560 3009 et,
616 2958 728 3010 quo
783 2945 1038 3011 tempore
1092 2943 1200 2998 hoc
1261 2960 1488 2998 carmen

335 3012 604 3083 scriptum
659 3016 761 3080 est,
806 3014 1111 3082 pueritiam
1155 3016 1252 3070 vix
1305 3032 1486 3086 egres·

333 3101 427 3138 sus
465 3089 603 3139 erat.
681 3085 818 3139 Orta
855 3085 1096 3141 fortasse
1133 3104 1200 3141 ea
1245 3088 1487 3156 suspicio

236 3188 243 3194 ·
333 3165 418 3211 est
481 3173 549 3210 ex
615 3172 706 3225 ec,
764 3156 914 3225 quod
971 3156 1200 3213 Tacitus
1263 3158 1489 3229 scripsit

335 3228 482 3281 Ann.
523 3227 569 3296 1,
606 3228 700 3282 72:
776 3228 1033 3297 „Primus
1068 3232 1358 3301 Augustus
1397 3246 1485 3284 co-

335 3299 650 3369 gnitionem
685 3299 754 3353 de
789 3299 1016 3355 famosis
1041 3301 1246 3356 libellis
1283 3306 1486 3356 tracta·

335 3370 423 3425 vit
457 3375 764 3425 commotus
803 3370 984 3425 Cassii
1019 3372 1201 3427 Severi
1237 3373 1488 3441 libidine,

335 3459 448 3511 qua
482 3442 635 3496 viros
671 3441 1016 3512 feminasque
1062 3444 1310 3499 illustres
1359 3461 1488 3513 pro-

341 3513 564 3567 cacibus
600 3514 823 3583 scriptis
860 3511 1298 3571 diffamaverat.“
1339 3514 1488 3571 Suet.

341 3584 515 3655 Calig.
557 3600 602 3638 c.
651 3588 744 3639 16:
787 3584 995 3655 „Cassii
1033 3588 1224 3642 Severi
1259 3589 1489 3657 scripta,

341 3657 834 3711 senatusconsultis
890 3657 1104 3713 abolita
1165 3660 1379 3729 requiri
1432 3664 1490 3715 et

339 3744 456 3781 esse
488 3727 549 3780 in
587 3728 845 3783 manibus
891 3728 1247 3799 lectitarique
1283 3732 1489 3801 permi-

335 3799 413 3852 sit
447 3798 798 3869 (Caligula).“
835 3801 956 3855 Alii
986 3803 1056 3857 de
1079 3803 1298 3858 Maevio
1324 3808 1492 3873 poeta

339 3870 691 3941 cogitarunt3
741 3872 812 3926 de
867 3890 978 3941 quo
1014 3874 1142 3929 vide
1177 3875 1356 3945 Epod.
1399 3878 1488 3942 103

340 3942 440 3996 alii
486 3942 558 3996 de
609 3942 804 4012 Bavi0‚
860 3961 1034 4013 aeque
1087 3947 1236 4001 malo
1287 3952 1488 4016 poetas

341 4012 598 4068 Ritterus
666 4013 736 4069 de
790 4014 962 4069 Furio
1022 4015 1290 4072 Bibaculo
1355 4018 1491 4072 iam·

341 4084 652 4155 bograph0‚
686 4085 756 4140 de
791 4103 900 4154 quo
939 4085 1172 4154 Quintil.
1200 4089 1270 4157 X,
1311 4093 1361 4157 1,
1397 4089 1487 4143 96:

339 4156 598 4226 „iambus
635 4174 748 4211 non
792 4175 922 4213 sane
969 4178 1004 4213 a
1037 4159 1306 4215 Romanis
1355 4161 1488 4216 cele·

345 4228 544 4283 bratus
589 4232 676 4283 est
723 4233 785 4282 ut
827 4231 1118 4299 proprium
1166 4248 1324 4301 opus,
1371 4233 1490 4301 qui·

342 4300 582 4354 busdam
629 4300 1022 4371 interpositus3
1073 4304 1230 4357 cuius
1280 4304 1490 4358 acerbi·

338 4375 428 4427 tas
471 4372 532 4425 in
585 4371 824 4435 Catullo,
864 4372 1148 4437 Bibaculo,
1203 4376 1262 4429 in
1313 4376 1490 4429 Hora-

339 4443 424 4498 tio
493 4459 607 4497 non
665 4443 980 4513 reperietur
988 4446 1039 4513 ;“
1096 4446 1274 4501 Tacit.
1345 4449 1490 4501 Ann.

339 4513 436 4583 IV,
487 4516 582 4569 34:
647 4515 931 4584 „carmina
975 4516 1232 4573 Bibaculi
1287 4522 1346 4573 et
1393 4518 1490 4573 Ga·

340 4586 472 4643 tulli
525 4584 736 4641 referta
789 4588 1141 4645 contumeliis
1189 4589 1484 4647 Caesarum

1579 2012 1899 2083 leguntur.“
1973 2010 2116 2066 Vide
2166 2010 2238 2065 ad
2283 2009 2399 2065 Sat·
2438 2010 2483 2075 Ι,
2521 2008 2607 2078 10,
2645 2011 2731 2063 36.

1579 2082 1821 2153 Tempus
1858 2084 2136 2139 incertum
2172 2086 2272 2149 est,
2309 2082 2411 2137 alii
2444 2080 2516 2135 ad
2534 2098 2584 2135 a.
2606 2082 2731 2143 716,

1580 2155 1679 2209 alii
1700 2156 1794 2222 :ad
1830 2174 1879 2210 a.
1918 2158 2024 2209 718
2062 2172 2284 2209 carmen
2320 2153 2677 2208 rettulerunt.

1650 2227 1714 2281 V.
1756 2230 1804 2282 1.
1838 2226 2015 2295 canis]
2064 2232 2269 2281 natura
2312 2224 2622 2295 impudens.
2669 2254 2725 2263 -·

1582 2298 1719 2366 quin
1753 2298 1943 2367 vertis]
1980 2298 2106 2352 Non
2141 2301 2293 2351 recte
2338 2297 2401 2350 in
2449 2294 2732 2349 nonnullis

1581 2369 1756 2437 codd,
1794 2371 1967 2424 etiam
1985 2371 2044 2423 in
2065 2368 2451 2437 antiquissimo
2480 2367 2730 2422 omnium

1580 2441 1798 2507 Bland„
1858 2448 2002 2497 verte
2054 2445 2113 2495 et
2158 2445 2302 2511 pete,
2357 2440 2491 2509 quia
2551 2438 2731 2509 priori

1582 2517 1731 2567 certe
1752 2512 2087 2583 imperativo
2107 2517 2351 2566 metrum
2384 2511 2731 2565 adversatur.

1580 2584 1667 2639 De
1703 2584 2014 2639 indicativo
2051 2584 2123 2639 ef.
2150 2582 2336 2651 Liv.1,
2356 2584 2439 2636 57.
2478 2580 2589 2636 Cic.
2625 2598 2731 2651 pro

1584 2656 1775 2711 Rabir.
1813 2657 1969 2727 perd.
2008 2674 2055 2710 c.
2094 2659 2153 2709 ὃς
2214 2654 2396 2724 „Quin
2432 2653 2733 2709 continetis

1582 2744 1777 2783 vocem
1796 2729 2035 2783 indicem
2055 2727 2330 2781 stultitiae
2347 2730 2565 2780 vestrae
2576 2724 2641 2777 ‘?“
2664 2752 2731 2763 -

1583 2799 1885 2870 Molossus]
1924 2799 1995 2853 cf.
2034 2799 2202 2868 Verg.
2233 2798 2435 2867 Georg.
2470 2796 2570 2862 111,
2606 2796 2736 2850 405.

1583 2870 1750 2940 Soph.
1798 2872 1889 2925 Ai.
1929 2890 1983 2925 v.
2021 2872 2082 2924 8:
2142 2861 2237 2938 „sei
2284 2869 2353 2923 δέ
2407 2869 2458 2953 ‘J’
2508 2868 2731 2951 ἐκφέρςι

1584 2941 1767 3001 Κυνὸς
1802 2948 2084 3008 Λακαίνης
2136 2938 2207 3001 ὥς
2251 2960 2331 3000 τις
2380 2956 2591 3009 ευρινος
2638 2945 2734 3004 βα-

1585 3031 1682 3073 σις.
1728 3044 1802 3054 -
1841 3012 2115 3083 procedet]
2167 3012 2258 3067 Sic
2299 3012 2507 3066 rectius
2564 3027 2733 3080 quam

1584 3086 1735 3155 quod
1789 3088 1935 3140 inest
2003 3085 2065 3139 in
2126 3084 2385 3153 plurimis
2448 3081 2733 3137 codicibus

1574 3156 1883 3227 praecedet:
1966 3156 2073 3211 hoc
2144 3156 2295 3211 enim
2366 3155 2494 3209 vult
2564 3156 2733 3223 poeta

1584 3246 2001 3299 „quaecumque
2058 3227 2181 3282 sera
2236 3243 2466 3298 gregem
2512 3242 2733 3296 agg-res·

2427 3298 2555 3367 Ipsa
2610 3313 2731 3350 sen-

2500 3384 2589 3436 ae,
2646 3384 2731 3421 re·

1583 3318 1715 3355 sura
1771 3302 1972 3355 silvam
2026 3298 2363 3368 relinquet.“

1582 3372 1763 3427 tentia
1804 3372 2020 3441 respuit
2055 3370 2393 3441 particulam
2684 3440 2687 3443 .

1585 3444 1763 3513 quirit
1789 3459 1913 3513 pro.
1949 3472 2021 3483 -—
2060 3441 2289 3511 cornua]
2326 3440 2397 3495 cf.
2466 3458 2605 3495 arm.
2631 3438 2733 3506 ΙΙΙ,

1584 3518 1671 3583 21,
1712 3517 1793 3569 18.
1848 3514 1981 3569 Sum
2022 3518 2145 3568 tum
2181 3531 2251 3568 ex
2286 3512 2531 3583 imagine
2565 3510 2733 3565 tauri.

1587 3616 1652 3627 —-
1682 3586 1991 3657 Lycambae
2038 3585 2408 3640 Archilochus
2434 3588 2602 3653 poeta
2628 3581 2733 3649 Ly·

1583 3658 1845 3725 camben,
1906 3659 2004 3727 qui
2048 3657 2225 3712 filiam
2274 3672 2433 3710 suam
2481 3655 2566 3709 illi
2622 3655 2733 3708 iam

1584 3730 1917 3800 desponsam
1970 3730 2235 3784 daturum
2290 3745 2347 3781 se
2409 3729 2733 3797 negaverat,

1584 3806 1702 3857 tam
1742 3801 2155 3857 contumeliosis
2201 3799 2454 3853 versibus
2499 3799 2733 3852 insecta-

1584 3879 1677 3928 tus
1714 3880 1853 3941 erat‚
1884 3878 1949 3927 ut
1974 3879 2033 3927 et
2060 3888 2215 3927 socer
2246 3877 2306 3925 et
2332 3888 2535 3940 sponsa
2554 3868 2733 3939 aegri·

1584 3945 1797 3999 tudinis
1844 3943 2119 3999 medelam
2167 3944 2367 4012 laqueo
2424 3944 2733 4011 quaereret.

1585 4016 1765 4087 Epist.
1817 4016 1863 4084 Ι,
1913 4018 1997 4084 19,
2036 4018 2123 4069 25.
2162 4015 2234 4069 30
2262 4032 2342 4083 sq.
2384 4044 2450 4053 —
2490 4011 2733 4082 Bupalo]

1585 4087 1729 4143 Plin.
1757 4088 1825 4142 N.
1865 4088 1934 4142 H.
1976 4086 2228 4149 XXXVI,
2266 4090 2325 4140 5:
2364 4084 2649 4155 „Bupalus
2677 4087 2735 4137 et

1585 4160 1824 4214 Athenis
1882 4159 1973 4213 vel
2022 4158 2318 4213 clarissimi
2365 4158 2426 4211 in
2469 4174 2536 4211 ea
2572 4154 2732 4225 (scul-

1582 4231 1778 4302 pendi)
1844 4232 2077 4286 scientia
2144 4230 2301 4285 fuere
2362 4226 2733 4299 Hipponactis

1622 4308 1783 4358 cetae
1821 4308 2021 4370 aetate,
2060 4319 2224 4370 quem
2262 4305 2477 4356 certum
2514 4304 2599 4354 est
2633 4296 2734 4351 LX

1582 4320 1915 4445 ¹&lympiade
1952 4373 2137 4428 fuisse.
2197 4372 2539 4443 Hipponacti
2575 4374 2735 4424 nota-

1584 4446 1714 4501 bilis
1751 4446 1991 4501 foeditas
2037 4445 2223 4499 vultus
2261 4448 2411 4512 erat;
2471 4441 2735 4512 quamob-

1584 4534 1705 4571 rem
1772 4517 2073 4587 imaginem
2140 4517 2259 4570 eius
2316 4515 2543 4571 lascivia
2590 4512 2733 4567 ioco·

1586 4606 1712 4645 rum
1731 4589 1775 4642 ii
1797 4604 2141 4659 proposuere
2161 4587 2465 4643 ridentium
2495 4584 2735 4640 circulis.
