3092 5059
522 184 647 250 592

1404 189 2022 262 EPISTULARUM

622 376 757 451 Vis
808 377 1201 476 complere
1249 379 1467 455 libris
1515 393 1592 457 et
1639 383 1944 458 vatibus
1993 383 2282 460 addere
2333 383 2610 480 calcar,

623 501 732 577 Ut
780 501 1035 577 studio
1089 505 1381 580 maiore
1430 519 1697 606 petant
1749 507 2132 585 Helicona
2185 510 2580 586 virentem.

624 625 873 701 Multa
915 628 1230 727 quidem
1277 630 1503 706 nobis
1555 631 1880 707 facimus
1937 633 2138 709 mala
2189 660 2422 735 saepe
2471 647 2772 733 poetae,
2819 675 2900 686 -

524 783 602 824 220
625 750 723 826 Ut
792 753 1049 829 vineta
1099 767 1406 851 egomet
1456 755 1776 832 caedam
1830 784 2024 854 mea,
2074 797 2174 810 —-
2225 785 2400 834 cum
2443 760 2589 835 tibi
2642 759 2902 834 librum

627 874 976 953 Sollicito
1030 877 1301 956 damus
1354 895 1489 956 aut
1540 882 1784 978 fess03
1837 908 2014 958 cum
2067 883 2470 982 laedimur,
2525 911 2771 960 unum

630 999 713 1078 Si
768 1003 940 1102 quis
992 1007 1419 1081 amicorum
1476 1018 1592 1082 est
1639 1033 1869 1082 ausus
1916 1009 2493 1106 reprehendere
2543 1035 2878 1104 versum,

624 1127 825 1204 Cum
875 1128 1048 1204 loca
1098 1131 1253 1205 iam
1304 1130 1628 1206 recitata
1677 1131 2142 1207 revolvimus
2195 1133 2654 1230 irrevocati3

627 1252 827 1329 Cum
878 1254 1395 1332 lamentamur
1444 1282 1603 1332 non
1658 1282 2035 1358 apparere
2084 1259 2392 1335 labores

520 1413 599 1455 ηε
620 1376 940 1456 Nostros
994 1393 1069 1456 et
1119 1381 1327 1457 tenui
1376 1381 1708 1458 deducta
1749 1397 2109 1483 poemata
2157 1383 2322 1482 fi103

627 1509 824 1587 Cum
875 1533 1271 1608 speramus
1325 1534 1416 1583 eo
1462 1535 1630 1584 rem
1683 1523 2107 1606 venturam,
2163 1524 2250 1585 ut
2299 1511 2528 1587 simul
2581 1525 2818 1610 atque

626 1633 991 1712 Carmina
1042 1633 1392 1709 rescieris
1446 1659 1587 1708 nos
1636 1633 1956 1732 fingere,
2007 1636 2460 1713 commodus
2513 1636 2726 1711 ultro

623 1761 991 1836 Arcessas
1044 1772 1119 1834 et
1170 1783 1401 1857 egere
1452 1772 1666 1836 vetes
1721 1775 1799 1836 et
1849 1762 2187 1839 scribere
2239 1787 2496 1858 cogas.

620 1883 772 1962 Sed
825 1899 1084 1961 tamen
1138 1897 1253 1959 est
1304 1911 1588 1985 operae
1633 1887 1966 1986 pretium
2023 1913 2516 1985 cognoscere,
2565 1885 2832 1986 quales

520 2045 598 2086 ιω
624 2008 1001 2084 Aedituos
1052 2008 1331 2085 habeat
1381 2009 1572 2086 belli
1621 2024 1967 2111 spectata
2017 2011 2384 2112 domique

622 2134 890 2209 Virtus
942 2135 1265 2231 indigno
1322 2161 1478 2209 non
1534 2137 2090 2214 committenda
2137 2151 2438 2234 poetae.

624 2261 906 2338 Gratus
962 2259 1410 2336 Alexandro
1464 2261 1631 2358 regi
1686 2286 1968 2358 magno
2026 2261 2174 2336 fuit
2215 2261 2352 2338 ille

518 2538 772 2607 repperit
796 2537 1042 2608 impende
1067 2543 1237 2607 atque
1263 2537 1404 2593 adeo
1440 2539 1671 2608 recepit,

520 2629 589 2664 ex
616 2609 802 2680 glossa
835 2611 1139 2678 repetitum
1178 2625 1295 2664 esse
1327 2610 1517 2664 sentis.
1578 2611 1670 2664 Ad

519 2681 929 2750 explanandam
972 2681 1306 2736 sententiam
1354 2681 1672 2750 comparari

518 2757 707 2822 potest
740 2752 939 2807 similis
987 2759 1139 2808 certe
1182 2754 1335 2806 locus
1375 2753 1559 2806 Carm.
1597 2753 1668 2817 11,

522 2828 569 2890 1,
615 2827 677 2877 10
714 2825 783 2878 ad
822 2824 1151 2893 Pollionem,
1197 2842 1263 2879 eo
1299 2825 1525 2893 quidem
1562 2824 1671 2878 dis-

518 2897 767 2960 crimine,
825 2903 889 2950 ut
937 2896 1117 2950 Pollio
1172 2895 1246 2951 ad
1296 2895 1669 2958 scribendum,

518 2971 806 3037 August-us
844 2967 915 3021 ad
961 2985 1151 3022 curam
1197 2968 1379 3022 denuo
1428 2967 1668 3022 scriben-

520 3038 671 3092 tibus
732 3039 1161 3108 impendendam
1221 3043 1529 3094 revocetur.
1600 3067 1672 3078 -

517 3125 719 3163 munus
776 3111 1037 3180 Apolline
1096 3111 1347 3180 diynum]
1404 3111 1535 3166 vide
1597 3109 1670 3164 ad

522 3180 699 3234 Carm
748 3181 792 3246 Ι,
826 3185 912 3236 31.
986 3183 1035 3236 Ε
1038 3184 1166 3268 pist.
1212 3182 1255 3244 Ι,
1304 3185 1358 3266 3,
1409 3184 1491 3236 17.
1563 3181 1670 3236 Dio

520 3252 666 3306 Cass.
696 3251 839 3314 LIII,
872 3257 925 3306 1·
966 3252 1062 3322 ,,τὸ
1094 3222 1482 3308 Ἀπολλωνιον
1514 3249 1579 3306 τό
1613 3270 1670 3306 τε

518 3325 583 3377 ἐν
616 3325 692 3394 τῷ
727 3328 985 3410 Παλατίῳ
1035 3330 1126 3378 καὶ
1160 3325 1223 3379 τὸ
1260 3329 1570 3408 τεμένισμα
1605 3323 1668 3378 τὸ

518 3399 645 3462 περὶ
688 3389 819 3448 uoto
864 3390 959 3456 τάς
1000 3414 1059 3450 τε
1102 3391 1393 3464 ἀποθήκας
1435 3399 1546 3450 τῶν
1590 3401 1670 3464 βι-

516 3469 687 3535 βλίων
726 3463 1021 3533 ἐξεπόνησε
1066 3473 1156 3521 καὶ
1200 3487 1267 3521 κα
1274 3471 1545 3536 &foccos-⁶
1528 3468 1563 3498 ‘⁴
1603 3497 1668 3507 —

516 3539 692 3592 multa
742 3539 979 3608 quidem]
1030 3539 1281 3595 Excusat
1332 3543 1670 3610 Augustum,

518 3610 669 3677 quod
688 3610 973 3664 interdum
991 3611 1267 3666 minorem
1288 3629 1477 3665 curam
1500 3627 1669 3680 quam

518 3681 829 3750 exspectari
885 3682 1125 3737 debebat
1176 3683 1557 3752 impendisset,
1611 3687 1671 3736 et

519 3754 739 3822 culpam
791 3753 1011 3808 confert
1064 3755 1124 3808 in
1178 3754 1427 3824 ipsorum
1476 3759 1669 3823 poeta-

516 3841 643 3878 rum
678 3825 991 3880 vanitatem
1034 3831 1094 3879 et
1138 3825 1427 3880 invidiam.
1484 3855 1552 3865 --
1605 3831 1669 3880 ut

454 3921 467 3932 ·
514 3895 721 3965 vineta]
774 3896 1175 3964 „Proverbium
1220 3897 1283 3950 in
1328 3913 1421 3952 eos
1458 3897 1670 3951 dicitur

518 3967 617 4036 qui
670 3967 777 4023 sibi
824 3969 1075 4024 volentes
1120 3969 1379 4023 nocent.“
1456 3968 1667 4023 Comm-

518 4039 685 4106 Cruq.
770 4038 1042 4094 Similiter
1098 4039 1305 4094 Tibull.
1359 4039 1403 4104 Ι,
1460 4041 1512 4107 2,
1571 4041 1665 4094 98:

514 4110 1099 4252 ι’ἓιῖἐὲωῗῗὲᾞέὲε
1124 4111 1342 4250 “1³⁶‘l'22‘
1369 4111 1572 4250 3⁰22?
1595 4137 1668 4238 ξεῖ

517 4250 831 4319 Sat.11‚1‚
876 4254 953 4306 18.
1007 4281 1069 4292 —
1116 4255 1409 4308 irrevocati
1472 4255 1543 4310 ab
1585 4254 1667 4307 hi·

514 4323 821 4377 strionibus
872 4323 977 4378 hoc
1024 4329 1327 4394 sumptum.
1446 4326 1513 4381 ic.
1561 4341 1664 4410 pro

517 4391 668 4446 Sext.
694 4397 781 4456 56,
815 4397 938 4448 120.
979 4395 1407 4462 „Revocabatur
1441 4396 1513 4450 ab
1544 4397 1667 4450 uni-

516 4463 693 4516 versis
730 4463 1059 4534 (Roscius).“
1102 4497 1174 4506 —
1227 4483 1341 4522 non
1374 4467 1666 4537 apparere]

519 4546 633 4585 non
676 4534 929 4605 intellegi
974 4535 1047 4590 ab
1092 4537 1447 4594 audientibus
1484 4555 1666 4608 neque

1763 2542 1915 2592 recte
1951 2538 2254 2593 aestimari.
2283 2567 2350 2578 —
2388 2537 2656 2606 deducta]
2695 2537 2822 2592 vide
2853 2532 2906 2588 ad

1763 2609 1878 2664 Sat.
1935 2609 2007 2677 ΙΙ,
2069 2614 2115 2678 1,
2175 2613 2223 2664 4.
2285 2637 2352 2650 --
2404 2625 2602 2678 operae
2653 2605 2898 2680 pretium]

1762 2681 1893 2735 vide
1929 2682 2002 2735 ad
2042 2681 2156 2736 Sat.
2197 2681 2242 2750 1,
2281 2683 2332 2744 2,
2371 2683 2458 2735 37.
2511 2681 2700 2736 Docet
2734 2683 2901 2750 Augu

1763 2756 1911 2806 stum
1935 2757 2088 2807 recte
2105 2719 2438 2807 dissimilem
2463 2769 2584 2806 esse
2609 2749 2902 2808 Alexandri

1763 2825 1957 2895 magni
2011 2825 2110 2894 qui
2165 2825 2378 2879 malum
2431 2829 2666 2893 poetam
2727 2821 2902 2894 regali-

1762 2901 1854 2950 ter
1909 2900 2301 2951 remuneratus
2353 2896 2457 2950 sit:
2533 2896 2760 2950 scilicet
2815 2909 2904 2946 non
2996 2947 2997 2950 ,

1764 2984 1954 3022 omnes
2005 2967 2206 3038 dignos
2253 2984 2371 3022 esse
2418 2967 2516 3036 qui
2562 2983 2800 3039 magnas
2833 2979 2901 3018 res
2996 2965 2997 2996 ³

1763 3038 1916 3094 domi
1953 3039 2304 3108 militiaeque
2349 3045 2538 3109 gestas
2585 3039 2904 3094 describant.

1765 3137 1832 3150 -
1872 3109 2142 3193 aedituos]
2183 3127 2374 3165 sacrae
2403 3110 2559 3165 aedis
2583 3115 2820 3176 tutores,
2847 3109 2902 3159 ἱε·

1763 3201 1876 3308 dg?
1885 3179 2100 3308 „daege
2112 3177 2804 3323 ςΜΞΙΪκ(15.9οέιιιι(1ξ“1ε.ιιι1ιιιιιι
2832 3197 2904 3305 3:

1762 3325 1950 3380 stodes
1987 3332 2046 3380 et
2081 3329 2454 3380 enarratores.
2483 3355 2551 3365 —
2575 3324 2784 3394 virtus]
2809 3325 2900 3376 Διι·

1761 3397 1930 3466 gusti.
1970 3397 2276 3451 comment.
2304 3395 2498 3465 Cruq..
2539 3396 2810 3467 „dignum
2833 3397 2900 3448 est

1762 3473 1827 3521 ut
1862 3485 2280 3538 cognoscamus,
2327 3467 2452 3538 quis
2503 3473 2806 3537 poetarum
2837 3464 2902 3518 di·

1761 3557 1904 3610 gnus
1925 3540 2000 3594 sit
2027 3539 2271 3594 scribere
2301 3544 2402 3593 tua
2421 3539 2632 3594 factaf‘
2665 3537 2902 3592 -Nffloe

1761 3609 1927 3680 rilus]
1975 3613 2045 3666 A.
2079 3611 2141 3665 Ρ.
2177 3611 2302 3664 357.
2375 3611 2504 3666 Non
2541 3609 2780 3678 Samius,
2823 3605 2899 3660 sed

1765 3681 2018 3750 Iasensis,
2053 3681 2366 3738 Alexandri
2413 3683 2606 3752 magni
2645 3697 2826 3737 comes
2855 3683 2900 3730 et

1761 3753 2042 3809 laudator.
2114 3756 2324 3808 Auson.
2385 3753 2570 3823 Epist.
2621 3757 2711 3817 16,
2761 3755 2792 3807 3
2845 3747 2900 3802 sd

1761 3823 2040 3880 Probum.
2087 3826 2375 3894 „Cumque
2397 3842 2506 3896 ego
2541 3826 2794 3880 imitatus
2817 3822 2900 3876 sim

1761 3897 2050 3952 vesaniam
2086 3895 2348 3958 Choerili,
2396 3901 2461 3951 tu
2505 3897 2767 3996 ignoscas
2805 3909 2900 3947 ms·

1761 3968 2135 4107 fnanimitate
2165 3967 2533 4024 Alexandri!
2571 3967 2896 4032 Peerlkamp.

1787 4039 1858 4094 ad
1897 4041 1944 4092 A
2003 4040 2157 4094 Poet.
2196 4041 2322 4104 357)
2366 4040 2764 4123 corrigendum
2801 4051 2896 4092 esso
2992 4045 2993 4050 ’

1761 4112 1982 4165 censuit
2015 4111 2117 4176 ali,
2155 4127 2322 4180 quam
2367 4111 2752 4166 coniecturam
2793 4123 2896 4179 pro·

1761 4182 1926 4236 bavit
1994 4181 2414 4250 Doederlinius3
2472 4183 2692 4238 scilicet
2749 4181 2896 4236 latine

1761 4252 1876 4307 dici
1911 4253 2078 4308 Plato
2112 4255 2201 4308 illc
2237 4223 2613 4322 Athcoie'ensis,
2663 4269 2774 4309 non
2805 4247 2896 4304 dici

1767 4323 1934 4379 Plato
1969 4325 2075 4380 me.
2145 4323 2230 4378 De
2277 4341 2390 4392 qua
2437 4341 2502 4380 re
2549 4331 2774 4395 praeter
2804 4321 2892 4376 Ho-

1761 4396 1973 4450 ratium
2022 4396 2138 4450 Sat.
2184 4395 2230 4462 1,
2265 4398 2318 4462 2,
2356 4397 2425 4452 55
2476 4413 2742 4466 compara
2781 4393 2888 4448 cor

1761 4467 1870 4520 nel.
1919 4467 2118 4537 Nepot.
2162 4466 2436 4536 Thrasyb·
2495 4471 2555 4522 4=
2633 4469 2888 4538 „Pittacus

1761 4537 1876 4608 ille,
1923 4539 2020 4608 qui
2067 4543 2281 4608 septem
2325 4539 2650 4609 sapientum
2691 4549 2889 4594 numero
