3092 5059
1129 254 1290 319 Lm.
1337 254 1388 321 1.
1433 254 1621 322 sA'r.
1665 255 1775 321 v1.
2534 254 2661 320 393
2726 226 2731 231 ’

277 480 330 519 eo
369 444 482 519 Ex
535 472 621 521 re
673 444 1028 543 praeberi
1079 458 1428 545 sumptus
1481 444 1673 519 mihi
1728 446 2078 523 crederet
2126 446 2324 522 illos.

363 570 542 669 Ipse
593 570 784 645 mihi
838 583 1090 646 custos
1145 570 1849 668 incorruptissimus
1904 595 2169 648 omnes

364 694 672 771 Circum
726 695 1079 771 doctores
1127 692 1414 771 aderat.
1515 694 1725 787 Quid
1776 696 2067 772 multa?
2169 694 2569 793 Pudicum,

363 820 512 913 Qui
561 820 859 920 primus
913 820 1212 895 virtutis
1265 820 1533 916 honos,
1588 821 1924 896 servavit
1974 821 2073 896 ab
2128 822 2336 896 omni

357 944 536 1020 Non
587 944 836 1020 solum
889 944 1118 1039 facte,
1169 968 1441 1020 verum
1481 946 1906 1045 opprobrio
1962 970 2273 1046 quoque
2322 946 2555 1045 turpi,

278 1102 330 1143 ss
368 1070 556 1145 Non.
592 1071 872 1167 timuit,
926 1071 1076 1146 sibi
1126 1095 1224 1146 ne
1273 1071 1464 1146 vitio
1519 1071 1693 1169 quis
1748 1083 2100 1168 verteret,
2160 1071 2348 1146 olim

245 1266 254 1273 .
363 1192 446 1271 Si
491 1218 774 1292 praeco
819 1222 1096 1296 parvas
1152 1208 1301 1292 aut,
1359 1208 1444 1271 ut
1493 1196 1647 1271 fuit
1694 1198 1883 1297 ipse,
1938 1208 2247 1272 coactor

359 1318 754 1395 Mercedes
775 1345 1170 1420 sequerer3
1191 1343 1448 1420 neque
1461 1344 1609 1418 ego
1630 1346 1873 1395 essem
1892 1335 2241 1419 questusz
2271 1334 2349 1397 at
2384 1322 2531 1397 hoc
2558 1350 2762 1400 nunc

361 1443 564 1519 Laus
614 1444 731 1519 illi
781 1443 1107 1519 debetur
1157 1459 1236 1521 et
1285 1471 1329 1520 a
1381 1470 1506 1520 me
1559 1446 1811 1542 gratia
1857 1447 2129 1521 maior.

365 1568 494 1643 Nil
537 1596 664 1644 me
711 1570 1098 1670 paeniteat
1147 1596 1418 1645 sanum
1473 1572 1711 1669 patris
1764 1570 2030 1667 huius3
2084 1596 2332 1671 eoque

279 1730 334 1770 ω
366 1694 564 1791 Non,
620 1708 704 1769 ut
747 1720 1028 1793 magna
1073 1694 1254 1770 dolo
1305 1698 1593 1771 factum
1644 1710 1881 1793 negat
1930 1722 2094 1773 esse
2146 1723 2285 1773 suo
2334 1724 2515 1794 pars

366 1818 594 1911 Quod
643 1844 800 1894 non
851 1819 1228 1916 ingenuos
1281 1819 1563 1894 habeat
1606 1819 2012 1919 clarosque
2066 1835 2445 1920 parentes,

366 1944 494 2020 Sic
545 1970 668 2019 me
721 1944 1161 2021 defendam.
1268 1944 1537 2043 Longe
1594 1970 1764 2021 mea
1818 1945 2205 2045 discrepat
2253 1948 2417 2022 istis

365 2072 459 2146 Et
511 2098 660 2145 vox
711 2087 790 2149 et
831 2072 1061 2148 ratio:
1116 2100 1293 2149 nam
1349 2076 1413 2150 si
1465 2087 1737 2150 natura
1788 2074 2089 2149 iuberet

362 2194 434 2271 A
490 2197 714 2271 certis
758 2198 978 2273 annis
1023 2223 1294 2274 aevum
1347 2224 1695 2275 remeare
1744 2210 2141 2296 peractum

281 2354 332 2395 ms
371 2321 628 2421 Atque
681 2322 872 2399 alios
925 2323 1184 2422 legere
1236 2324 1332 2425 ad
1387 2325 1670 2399 fastum
1728 2347 2251 2423 quoscumque
2302 2336 2659 2423 parentes

367 2445 692 2543 Optaret
743 2448 888 2523 sibi
937 2442 1281 2550 quisque,
1335 2451 1524 2525 meis
1576 2463 1975 2526 cont-entus
2025 2449 2387 2525 honestos

365 2570 732 2649 Fascibus
783 2587 860 2649 et
909 2574 1120 2652 sellis
1171 2574 1459 2652 nollem
1513 2575 1705 2651 mihi
1754 2602 2076 2671 sumere,
2133 2575 2447 2651 demens

361 2696 661 2775 Iudicio
719 2700 955 2805 vulgi,
1011 2726 1236 2776 sanus
1289 2701 1614 2776 fortasse
1667 2714 1821 2795 tue,
1881 2699 2093 2799 quod

365 2824 671 2899 Nollem
726 2851 913 2900 onus
960 2824 1160 2899 haud
1201 2850 1540 2925 unquam
1579 2825 1844 2901 solitus
1880 2838 2191 2924 portare
2230 2824 2657 2900 molestum.

264 2986 338 3024 ιω
361 2950 559 3025 Nam
613 2950 803 3025 mihi
851 2952 1214 3026 continuo
1267 2950 1513 3026 maior
1568 2950 2011 3050 quaerenda
2062 2950 2265 3024 foret
2317 2976 2436 3025 res

365 3075 624 3175 Atque
678 3075 1064 3152 salutandi
1111 3075 1394 3176 plures,
1451 3074 1847 3153 ducendus
1902 3089 1977 3152 et
2025 3102 2219 3151 unus

261 3316 458 3370 melius
494 3317 684 3372 vestiti
720 3318 894 3371 veluti
931 3299 1112 3373 latent
1147 3322 1316 3387 atque
1353 3318 1412 3371 in
1505 3324 1557 3374 et
1592 3317 1759 3387 cellis]
1813 3318 2167 3373 Summorum
2202 3315 2480 3371 honorum
2530 3315 2661 3369 insi·

256 3404 568 3457 paucorum
638 3389 828 3443 oculos
899 3390 1228 3458 incurrunt3
1299 3408 1414 3445 non
1505 3391 1663 3460 gnia3
1706 3390 1924 3444 honesti
1960 3393 2092 3443 sunt
2115 3388 2345 3453 nobiles,
2372 3388 2468 3457 qui
2492 3386 2663 3441 hono·

261 3464 430 3523 recte,
465 3460 686 3529 opinor.
720 3488 788 3501 -
825 3462 996 3529 avita]
1039 3460 1110 3515 cf.
1153 3478 1216 3515 011
1257 3480 1324 3515 ra
1357 3480 1412 3515 v.
1507 3480 1597 3515 res
1630 3478 1849 3531 gessere
1883 3461 1943 3514 in
1970 3478 2033 3515 re
2058 3459 2301 3529 publica.
2338 3458 2481 3513 Plin.
2507 3458 2573 3513 N.
2593 3458 2663 3513 H.

267 3531 350 3584 10.
393 3530 512 3586 Liv.
555 3532 646 3598 lv,
683 3535 736 3599 3,
781 3534 860 3586 12.
896 3560 968 3573 -
1005 3538 1216 3589 coactor
1283 3533 1414 3588 vide
1509 3532 1715 3601 XVIII,
1734 3535 1787 3591 3.
1807 3536 1864 3585 4:
1908 3531 2209 3600 „Honestis
2244 3531 2502 3587 manibus
2538 3530 2663 3597 (im-

261 3620 432 3671 supra
471 3620 526 3671 p.
551 3606 604 3656 2.
644 3632 712 3643 -
749 3610 808 3659 at
845 3602 964 3673 1100]
1005 3603 1250 3673 „Comici
1283 3622 1414 3673 poe-
1507 3605 1826 3673 peratoriis)
1844 3604 2035 3659 omnia
2048 3604 2249 3658 laetius
2268 3602 2663 3673 proveniunt.“

261 3678 356 3728 tae
403 3675 624 3743 antiqui
671 3676 770 3730 hoc
823 3676 1088 3729 dixerunt
1106 3716 1118 3737 ‚
1167 3681 1234 3730 ut
1287 3694 1414 3731 cau-
1515 3706 1577 3715 —
1632 3675 1745 3745 tuo]
1782 3674 2145 3743 Maecenatis,
2194 3675 2292 3745 qui
2340 3675 2461 3743 ipse
2509 3691 2665 3728 sena-

261 3762 384 3801 aam
407 3746 786 3817 designarent,
811 3764 914 3816 pm
939 3747 1082 3815 idea,
1103 3753 1414 3817 propterea,
1509 3748 1719 3802 torium
1784 3748 2039 3801 ordinem
2108 3747 2335 3816 sprevit.
2392 3774 2461 3785 ——
2516 3744 2667 3800 haud

259 3821 326 3871 ut
387 3834 650 3887 graecum
705 3819 798 3887 τῷ.
891 3817 1068 3888 quue
1113 3836 1306 3873 rursus
1355 3820 1416 3873 111
1509 3818 1775 3889 unquam]
1840 3818 1997 3887 „Non
2042 3818 2241 3873 dicunt
2292 3821 2511 3873 veteres
2560 3816 2663 3871 La·

261 3905 424 3942 usum
449 3894 786 3945 revocarunt
819 3890 1120 3959 scriptores
1153 3891 1277 3945 aevi
1302 3893 1413 3945 Au·
1509 3890 1619 3945 tini
1641 3906 1756 3945 non
1780 3890 2089 3959 quicquam,
2130 3906 2240 3944 uon
2270 3904 2519 3957 usquam,
2552 3904 2665 3943 non

260 3960 445 4030 gustei
499 3965 558 4015 et
605 3962 958 4015 recentiores.
1049 3963 1219 4031 Apud
1267 3962 1418 4017 Cice·
1509 3962 1681 4016 uuum
1736 3962 1833 4016 sed
1884 3961 2035 4016 haud
2080 3962 2388 4031 quicquam.
2456 3960 2665 4015 Recen-

263 4048 458 4087 ronem
517 4033 735 4086 nullum
797 4038 982 4087 exstat
1047 4034 1418 4103 exemplum.“
1509 4034 1657 4089 tiore
1710 4033 1935 4087 demum
1978 4037 2231 4102 tempore
2269 4032 2443 4086 Plinii
2478 4032 2665 4101 negle-

263 4102 448 4157 Hand.
484 4104 643 4157 Turs.
669 4104 769 4158 111.
793 4122 850 4173 p.
873 4106 960 4157 92.
1015 4105 1087 4159 cf.
1121 4122 1292 4175 supra
1327 4106 1416 4159 41.
1509 4106 1736 4175 gentior
1774 4104 1999 4161 exstitit
2034 4106 2221 4159 usus.“
2283 4103 2465 4159 Hand.
2503 4104 2666 4157 Ture.

265 4177 352 4229 52.
413 4204 480 4215 -
535 4174 684 4244 dolo]
731 4176 911 4245 culpa,
949 4180 1014 4230 ut
1049 4178 1202 4246 apud
1237 4177 1415 4231 ICtos.
1511 4177 1609 4231 111.
1638 4194 1693 4247 p.
1726 4180 1791 4230 18
1814 4194 1895 4246 sq.
1922 4206 1987 4217 --
2008 4176 2317 4245 solidandi]
2366 4175 2475 4230 Cic.
2507 4175 2667 4229 Fam.

265 4274 332 4287 -
369 4245 446 4301 ad
476 4246 708 4317 fastum]
759 4247 912 4303 Haeo
955 4249 1130 4303 verba
1176 4249 1251 4304 ad
1283 4250 1416 4316 fast.
1511 4249 1611 4317 lx,
1648 4250 1718 4303 20
1752 4247 1873 4303 fin.:
1932 4248 2135 4316 „Mane
2170 4248 2478 4302 salutamus
2514 4246 2668 4301 domi

265 4334 442 4388 quoae.
463 4334 592 4388 par.
613 4336 742 4373 cum
757 4336 872 4373 non
891 4320 1072 4390 magis
1091 4321 1164 4376 ad
1181 4320 1418 4390 optandi
1511 4326 1571 4374 et
1617 4320 1794 4375 bonos
1850 4320 2005 4375 viros
2052 4318 2256 4373 multos
2303 4319 2447 4373 oet.“
2518 4318 2665 4372 Mar·

265 4406 436 4459 quam
475 4390 548 4443 ad
583 4390 808 4461 legendi
851 4390 1090 4447 verbum
1125 4392 1418 4447 referenda
1509 4392 1631 4447 tinl.
1668 4392 1766 4459 IV,
1802 4394 1862 4445 82
1956 4391 2184 4459 „Prima
2232 4391 2537 4445 salutantes
2586 4394 2669 4444 at·

263 4462 396 4527 sint,
433 4460 786 4518 inter-ductus
833 4464 1076 4533 ponendi
1111 4482 1226 4518 non
1269 4468 1418 4519 suut.
1513 4481 1621 4531 que
1686 4464 1867 4518 altera
1935 4462 2189 4517 continet
2251 4462 2443 4517 hora.“
2536 4460 2667 4517 Hie-

266 4533 622 4588 Constructio
668 4535 864 4589 similis
901 4540 988 4589 est
1022 4535 1202 4604 Epod.
1243 4538 1296 4601 2,
1331 4535 1418 4589 37.
1514 4552 1637 4589 1011.
1672 4535 1855 4604 Epist.
1889 4536 1987 4589 43:
2064 4533 2283 4601 „Pudet
2327 4534 2515 4589 (110010
2558 4532 2669 4589 fre-

267 4604 384 4661 Sat.
423 4603 470 4673 1,
506 4606 560 4674 4,
595 4608 648 4661 2.
703 4607 748 4675 1,
789 4608 874 4676 10,
929 4610 1012 4662 16.
1059 4636 1122 4647 -
1171 4608 1420 4675 fascibus
1516 4606 1803 4675 quentiam
1860 4605 2170 4674 salutandi,
2224 4623 2341 4675 qua
2395 4610 2495 4661 aut
2558 4606 2667 4676 ipsi
