3092 5059
1215 222 1376 288 LIB.
1411 222 1464 287 1.
1504 220 1690 289 SAT.
1732 222 1817 288 11.

2592 226 2714 290 357

415 406 813 482 Matronae
863 418 1170 503 praeter
1222 408 1501 483 faciem
1552 407 1661 482 nil
1717 433 2029 483 cernere
2080 410 2350 510 possis,

328 561 381 603 ss
419 530 716 626 Cetera,
771 532 853 607 ni
907 532 1126 611 Catia
1189 544 1323 629 est,
1379 532 1715 608 demissa
1766 547 1975 609 veste
2028 534 2381 631 tegentis.

415 653 500 731 Si
547 655 954 731 interdicta
1008 669 1248 756 petes,
1281 655 1513 749 ⁴vallo
1569 656 2061 753 circumdata,
2119 702 2203 713 -
2264 685 2444 734 nam
2496 672 2571 735 te

413 780 590 856 Hoc
639 781 826 856 facit
873 781 1246 879 insanum,
1309 822 1402 833 —-
1455 782 1743 859 mult-ae
1792 783 1935 858 tibi
1972 798 2131 860 tum
2182 783 2525 861 officient
2570 811 2713 882 res,

418 904 816 1001 Custodes,
869 905 1170 1002 lectica,
1225 906 1645 1002 ciniflones,
1699 909 2101 1004 parasitae,

418 1028 548 1106 Ad
597 1031 794 1106 talos
847 1030 1043 1106 stola
1093 1032 1426 1107 demissa
1479 1047 1557 1109 et
1606 1032 2075 1109 circumdata
2124 1034 2354 1130 palla,

317 1190 391 1229 ιω
417 1156 785 1252 Plurima,
841 1181 1040 1256 quae
1092 1158 1488 1235 invideant
1543 1184 1737 1259 pure
1790 1184 2167 1261 apparere
2206 1161 2349 1236 tibi
2400 1186 2590 1237 rem.

418 1279 708 1376 Altera,
764 1281 873 1357 nil
927 1282 1208 1376 obstat3
1267 1282 1448 1359 Cois
1497 1284 1638 1359 tibi
1687 1309 1932 1380 paene
1986 1284 2251 1361 videre
2306 1304 2421 1361 est

415 1405 524 1483 Ut
571 1404 882 1502 nudam,
937 1432 1035 1483 ne
1087 1432 1308 1483 crure
1359 1406 1589 1503 malo,
1644 1434 1742 1483 ne
1794 1409 1892 1483 sit
1942 1409 2143 1509 pede
2191 1410 2440 1508 turpi3

417 1533 672 1609 Metiri
722 1534 965 1633 possis
1021 1534 1242 1610 oculo
1288 1535 1510 1611 latus.

1616 1537 1743 1612 An
1792 1538 1939 1612 tibi
1992 1538 2230 1613 mavis

415 1658 742 1733 Insidias
789 1658 960 1733 fieri
1012 1660 1498 1760 pretiumque
1550 1660 1868 1738 avellier
1919 1675 2096 1737 ante

317 1768 393 1856 jos
419 1782 669 1875 Quam
725 1808 1057 1859 mercem
1105 1784 1458 1860 ostendi?

1561 1785 1996 1885 ,‚Leporem
2048 1798 2371 1861 venator
2431 1798 2515 1861 ut
2564 1784 2719 1861 alta

417 1906 510 1981 In
563 1908 743 1985 nive
795 1920 1141 2004 sectetur,
1195 1910 1529 2006 positum
1582 1910 1689 1985 sic
1742 1923 2061 2009 tangere
2112 1908 2381 2006 nolit,“

420 2034 700 2111 Cantat
744 2046 819 2108 et
855 2035 1197 2134 apponit,
1256 2035 1522 2131 „Meus
1556 2048 1669 2111 est
1703 2061 1921 2112 amor
1960 2036 2139 2111 huic
2184 2034 2489 2111 similis:
2536 2058 2717 2110 nam

422 2157 880 2235 Transvolat
929 2161 1012 2234 in
1063 2160 1320 2236 medio
1375 2162 1627 2259 posita
1680 2175 1753 2237 et
1804 2161 2179 2259 fugientia
2231 2156 2559 2258 captat.“

417 2282 738 2359 Hiscine
783 2285 1176 2361 versiculis
1230 2310 1490 2387 speras
1542 2287 1687 2362 tibi
1732 2311 1959 2387 posse
2011 2285 2319 2361 dolores

319 2444 398 2483 110
423 2407 686 2507 Atque
739 2420 986 2484 aestus
1030 2433 1406 2508 curasque
1459 2435 1732 2508 graves
1786 2438 1829 2486 e
1879 2424 2193 2510 pectore
2243 2409 2477 2509 pelli?

420 2532 698 2610 Nonne
747 2533 1236 2632 cupidinibus
1282 2548 1567 2612 statuat
1618 2549 1891 2612 natura
1941 2536 2260 2611 modum
2312 2560 2568 2635 quem,

421 2658 630 2752 Quid
683 2660 934 2735 latura
984 2660 1129 2735 sibi
1183 2660 1388 2759 quid·
1425 2662 1524 2737 sit
1576 2661 1910 2737 dolitura
1958 2674 2348 2760 negatum,

421 2783 810 2876 Quaerere
861 2784 1035 2883 plus
1088 2784 1407 2884 prodest
1449 2798 1528 2860 et
1577 2787 1805 2862 inane
1849 2787 2305 2864 abscindere
2356 2785 2627 2863 soldo?

316 3069 397 3123 cit
449 3067 726 3137 insanum]
788 3067 910 3123 Hoc
973 3068 1332 3123 referendum
1399 3068 1472 3123 ad

317 3139 773 3209 praecedentium
860 3141 1180 3195 verborum*
1253 3146 1470 3196 senten-

316 3211 484 3266 tiam:
538 3211 844 3266 interdicta
887 3216 1096 3281 petere.
1145 3241 1212 3251 -
1263 3212 1470 3281 ciniflo-

316 3283 438 3351 nes]
489 3282 826 3351 „Ciniflones
875 3289 933 3338 et
967 3284 1230 3339 cinerarii
1277 3283 1470 3339 eadem

317 3354 1474 3482 {iffifflsstfflffffissfou{stnnffiffssrt‘mssbfz

319 3498 507 3552 cinere
543 3498 1066 3561 calefaciendorum,
1116 3498 1320 3567 quibus
1356 3516 1472 3553 ma-

317 3572 518 3623 tronae
586 3570 820 3639 capillos
887 3570 1228 3639 crispabant.
1317 3569 1472 3625 Dicti

319 3644 509 3695 autem
546 3640 832 3697 ciniflones
870 3642 942 3696 ab
981 3659 1066 3703 eo,
1103 3642 1256 3711 quod
1301 3642 1360 3695 in
1397 3642 1473 3696 ci-

318 3730 512 3767 nerem
556 3712 696 3767 fiant
745 3712 818 3769 ad
873 3712 1086 3768 ferrum
1103 3660 1472 3769 qcalefacien-

320 3783 507 3837 dum.“
545 3786 746 3839 Acron.
787 3814 854 3824 -—·
890 3784 1109 3855 Altera]
1154 3784 1474 3840 Sententiae

317 3854 480 3910 filum
528 3856 833 3925 abruptum
880 3874 948 3911 ex
993 3857 1311 3911 imitatione
1361 3874 1473 3912 ser-

317 3928 499 3981 monis
537 3927 852 3982 cottidiani.
927 3928 1318 3983 Doederlinius
1352 3946 1472 3983 sen-

317 3998 557 4053 tentiam
598 4004 727 4069 apte
764 4000 846 4054 sic
883 4000 1153 4069 explevit:
1243 4000 1474 4070 „Altera

319 4070 610 4138 quominus
659 4088 729 4126 ea:
771 4072 918 4125 omm'
959 4076 1123 4141 parte
1167 4072 1316 4127 cerni
1347 4087 1471 4141 pos-

317 4142 415 4206 sit,
467 4141 548 4195 nil
596 4142 839 4197 obstat.“
901 4172 966 4183 --
1021 4142 1172 4213 Cois]
1229 4143 1300 4199 cf.
1346 4142 1475 4197 Sen.

320 4211 392 4266 de
421 4212 638 4267 .Benef.
696 4212 818 4281 Vn,
868 4215 930 4268 9:
1008 4213 1221 4283 „Video
1267 4215 1472 4269 sericas

319 4286 520 4347 vestes,
571 4285 619 4339 si
665 4292 848 4340 vestes
885 4286 1168 4341 vocandae
1213 4291 1362 4354 sunt,
1413 4286 1472 4339 in

321 4354 524 4423 quibus
577 4357 722 4411 nihil
777 4363 862 4412 est
918 4374 1028 4427 quo
1086 4357 1314 4412 defendi
1373 4362 1475 4413 aut

321 4442 524 4495 corpus
579 4432 679 4483 aut
726 4429 966 4498 denique
1012 4430 1194 4499 pudor
1241 4429 1471 4499 possitf‘

611 4515 690 4554 em
725 4500 975 4571 venator]
1021 4500 1316 4587 Expressit
1359 4501 1473 4589 epi-

320 4587 578 4641 gramma
613 4571 938 4629 Callimachi
990 4574 1084 4627 33:
1144 4570 1474 4643 ,,Ὡγρευιης,

1562 3065 1859 3136 Ἐπίκυδες,
1916 3069 1977 3123 ἐν
1998 3084 2217 3151 ουρεσι
2268 3062 2449 3121 πάντα
2499 3065 2721 3137 λαγωὸν

1565 3142 1727 3212 Διφᾷ
1779 3110 1871 3193 nal
1932 3157 2116 3207 πασης
2172 3145 2322 3211 ἴχνια
2378 3140 2718 3226 δορκαλίδος,

1564 3216 1737 3285 Στίβη
1800 3214 1893 3264 καὶ
1952 3212 2161 3297 νιφετῷ
2225 3216 2584 3283 κεχρημένος·
2659 3204 2725 3277 ἢν

1565 3283 1635 3337 δέ
1664 3303 1743 3343 τις
1764 3289 1920 3350 εἴπη·
1961 3286 2045 3349 Τῆ
2066 3280 2195 3337 τόδε
2226 3286 2480 3351 βέβληται
2503 3289 2716 3368 θηρίον,

1565 3351 1664 3409 οὐκ
1718 3356 1929 3439 ἔλαβεν.
2018 3350 2247 3438 Χοῦμὸς
2300 3355 2436 3423 ἔρως
2494 3350 2721 3421 τοιόςδε,

1562 3421 1631 3479 τά
1666 3426 1778 3497 μὲν
1815 3422 2094 3498 φεύγοντα
2133 3420 2351 3481 διώκειν
2378 3426 2525 3495 Οἶδε,
2564 3425 2632 3479 τὰ
2670 3426 2719 3480 δ’

1566 3499 1628 3553 ἐν
1662 3502 1863 3569 μέσσῳ
1899 3501 2125 3569 κείμενα
2162 3501 2519 3567 παρπέταται.
2524 3497 2557 3526 “
2630 3498 2721 3554 Ex

1567 3587 1677 3638 quo
1715 3570 1870 3625 vides
1906 3570 2043 3639 quid
2080 3571 2157 3625 sit
2179 3569 2444 3639 positum.
2519 3568 2589 3624 cf.
2638 3574 2721 3623 ta-

1565 3659 1695 3697 men
1732 3640 1843 3697 Sat.
1885 3641 1956 3709 11,
1996 3643 2047 3710 2,
2090 3644 2177 3695 23.
2210 3670 2270 3680 —-
2306 3640 2465 3711 pelli]
2504 3640 2723 3724 Optimi
2820 3662 2827 3671 ·

1567 3714 1781 3768 codices
1840 3714 2215 3781 dissentiunt;
2276 3712 2339 3767 in
2396 3712 2520 3766 aliis

1566 3785 1623 3840 in
1668 3784 1792 3839 aliis
1830 3785 1974 3853 toui;
2030 3789 2333 3855 utrumque
2382 3800 2483 3838 sua
2518 3788 2721 3837 natura

1566 3860 1781 3911 rectum
1837 3862 1894 3910 et
1952 3861 2163 3925 aptum.
2248 3855 2394 3910 Pella·
2448 3855 2720 3910 allittera-

1567 3930 1722 3983 tione
1757 3927 1983 3983 videtur
2018 3927 2415 3983 commendari.
2462 3926 2556 3981 Sic
2592 3926 2720 3981 Kel-

1566 4000 1668 4055 ler.
1710 4004 1767 4053 et
1802 3999 2114 4070 Eckstein.;
2152 4000 2272 4055 tous·
2304 3998 2546 4053 Fritsch.
2574 3996 2719 4051 Miil-

1566 4072 1667 4125 ler.
1712 4072 1951 4143 Kriiger
2010 4100 2075 4109 —
2286 4070 2307 4141 ]
2354 4070 2575 4125 Interro
2618 4070 2723 4124 ati-

1567 4161 1701 4198 vum
1752 4144 1811 4197 in
1856 4142 1968 4197 fine
2002 4160 2212 4197 versus.
2288 4141 2371 4196 Cf.
2408 4141 2524 4197 Sat.
2620 4144 2724 4208 „7

1572 4215 1797 4283 104.11,
1822 4215 2018 4276 3,187.
2045 4243 2110 4252 -
2148 4213 2324 4282 coldo]
2360 4212 2445 4267 De
2482 4229 2723 4282 syncope

1566 4286 1697 4340 vide
1757 4286 1829 4340 ad
1890 4285 2070 4341 Carm.
2118 4283 2200 4354 11,
2236 4287 2297 4353 2,
2336 4285 2387 4336 2.
2470 4284 2723 4339 Solidum

1566 4324 2461 4512 {1¹2²{20133'33stu21fiff¹⁰33332
2498 4355 2725 4481 ῗοὲἶῖἕί

1572 4500 1871 4570 quicquam
1909 4516 2027 4555 esse
2069 4500 2177 4553 nisi
2226 4498 2411 4553 nescio
2450 4516 2621 4568 quam
2656 4498 2723 4553 il-

1572 4573 1685 4628 lam
1732 4572 2006 4641 umbram,
2044 4568 2195 4641 quod
2232 4571 2518 4641 appellant
2552 4572 2723 4626 hone·
