3092 5059
1106 266 1267 335 LIB.
1310 266 1397 334 11.
1442 266 1629 335 SAT.
1667 265 1784 333 111.
2519 258 2643 329 451

342 454 603 549 Quid?
657 478 834 529 eum
886 454 1119 531 balba
1166 455 1355 531 feris
1407 478 1702 530 annoso
1754 454 1992 530 verba
2037 451 2322 550 palate,

230 613 320 654 επ
346 578 829 655 Aedificante
878 606 1088 657 casas
1142 580 1279 679 qui
1328 579 1640 655 sanior?
1745 575 1978 654 Adde
2023 602 2377 655 cruorem

344 702 729 781 Stultitiae
752 716 985 805 atque
1010 705 1275 804 ignem
1304 702 1568 803 gladio
1597 716 1961 781 scrutare.
2015 702 2274 799 Mede,
2303 703 2648 801 inquam,

346 826 682 903 Hellade
735 853 1098 926 pereussa
1142 828 1435 905 Marius
1489 854 1667 905 eum
1715 828 2179 928 praecipitat
2225 854 2332 925 se,

344 952 689 1032 Uerritus
734 952 932 1030 fuit?
984 980 1085 1031 an
1132 967 1566 1031 commotae
1605 954 1930 1030 erimine
1981 954 2258 1031 mentis

346 1076 733 1155 Absolves
784 1077 1181 1158 hominem
1234 1093 1311 1157 et
1355 1079 1666 1156 sceleris
1719 1078 2126 1155 damnabis
2175 1080 2532 1173 eundem,

227 1238 321 1278 aso
342 1205 452 1279 Ex
506 1228 727 1281 more
773 1204 1180 1307 imponens
1236 1216 1566 1302 cognata
1617 1202 2000 1280 voeabula
2051 1203 2279 1281 rebus
2297 1203 2335 1277 't‘

344 1328 789 1406 Libertinus
844 1342 1029 1427 erat,
1080 1332 1217 1430 qui
1268 1331 1554 1408 eireum
1608 1330 1950 1431 compita
1999 1330 2246 1405 sieous

344 1453 607 1531 Lautis
659 1481 888 1533 mane
936 1480 1173 1533 senex
1216 1457 1572 1533 manibus
1625 1456 1986 1533 currebat
2030 1468 2126 1551 et,
2183 1453 2515 1552 „Unum,
2560 1496 2642 1507 —

348 1580 555 1673 Quid
577 1594 737 1657 tam
755 1582 1167 1679 magnum?
1202 1580 1498 1659 addens
1516 1626 1618 1637 -
1638 1606 1878 1657 unum
1910 1606 2038 1657 me
2061 1580 2354 1679 surpite
2375 1580 2610 1655 morti
2629 1607 2649 1677 3

344 1704 481 1780 Dis
530 1705 817 1783 etenim
853 1704 1083 1781 facile
1134 1701 1323 1801 est,“
1368 1707 1660 1803 orabat,
1715 1731 1946 1783 sanus
1995 1706 2339 1804 utrisque

230 1862 319 1901 ιω
346 1830 691 1907 Auribus
738 1842 973 1930 atque
1022 1830 1301 1921 oeulis3
1353 1846 1716 1929 mentem,
1769 1831 1919 1907 nisi
1969 1830 2381 1930 litigiosus,

342 1954 751 2052 Exciperet
776 1956 1157 2053 dominus,
1185 1981 1360 2031 oum
1384 1956 1780 2033 venderet.
1831 1955 2012 2031 Hoe
2035 1979 2348 2054 quoque
2375 1953 2652 2052 vulgus

348 2079 824 2181 Chrysippus
866 2082 1091 2179 ponit
1139 2079 1475 2157 fecunda
1524 2080 1610 2155 in
1659 2092 1890 2178 gente
1939 2080 2273 2157 Meneni.

345 2202 775 2305 ,‚Iuppiter,
828 2206 1181 2304 ingentes
1229 2206 1364 2305 qui
1414 2205 1553 2281 das
1605 2204 2042 2304 adimisque
2092 2202 2478 2301 dolores,“

346 2328 595 2405 Mater
644 2331 756 2406 ait
806 2331 1033 2431 pueri
1080 2356 1381 2407 menses
1432 2332 1590 2407 iam
1641 2330 1988 2431 quinque
2041 2332 2415 2427 cubantis,

227 2488 319 2531 eso
346 2452 717 2554 „Frigida
765 2455 831 2531 si
878 2482 1209 2555 puerum
1262 2468 1641 2557 quartana
1690 2454 2117 2556 reliquerit,
2165 2455 2306 2531 illo

230 2670 495 2725 faustum
540 2670 671 2725 inde
718 2671 927 2727 amoris
972 2672 1275 2743 augurium
1314 2690 1403 2727 ea-

230 2743 353 2811 pis·
426 2742 535 2795 Est
568 2742 725 2799 lusus
770 2744 1099 2799 amantium.
1140 2774 1207 2784 —
1242 2742 1399 2814 feris]

232 2813 381 2883 quja
418 2830 453 2867 a
488 2814 681 2882 palato
718 2815 894 2870 verba
929 2817 1401 2885 repercutiuntur.

232 2915 307 2925 —
336 2885 518 2954 dynam
552 2884 740 2955 yladio
772 2885 1039 2957 annotare]
1054 2887 1269 2972 Imago
1286 2886 1401 2971 Py-

230 2955 539 3025 thagoriea
578 2956 687 3025 πῦρ
722 2963 975 3029 μαχαίρᾳ
996 2956 1077 3030 μὴ
1103 2953 1400 3013 azazenam.

230 3028 351 3083 Est
386 3028 611 3083 insanos
654 3028 931 3083 tumultus
976 3031 1181 3085 mentis
1217 3030 1399 3085 eonci-

232 3105 386 3155 tare.
470 3098 763 3155 Sententia
804 3105 917 3155 est:
995 3102 1207 3171 „Nugis
1258 3101 1401 3157 adde

232 3176 478 3227 eruenta
513 3170 767 3227 facinora
801 3176 975 3239 atque
1015 3173 1273 3229 ardorem
1309 3190 1401 3229 eu-

230 3242 501 3313 piditatis
540 3260 685 3313 auge
719 3242 893 3298 etiam
920 3243 1311 3299 erudelitatef‘
1333 3274 1401 3284 —

234 3313 445 3383 Modo]
466 3314 857 3385 coniungenda
872 3316 1153 3385 particula
1170 3320 1257 3371 est
1273 3333 1401 3371 eum

227 3386 1034 3528 ἓξᾝᾋωῗέὥῖἳὲιῗὲἱῖ
1046 3387 1402 3529 ἰὲἓῖῗέἲέἑῗ

234 3528 445 3583 eedens
464 3530 743 3599 generalis
762 3530 1043 3585 sententia
1070 3531 1401 3600 explicatur.

238 3600 481 3655 Frankii
518 3601 865 3657 coniectura.
914 3608 1197 3671 ,ssmtare
1228 3601 1402 3670 mode,

236 3673 305 3725 in
338 3688 495 3741 quem
528 3671 763 3728 Hellade
808 3677 915 3729 eet.
923 3672 971 3742 “‚
1021 3673 1231 3728 blanda
1280 3674 1403 3742 qui-

238 3744 375 3799 dem
420 3748 522 3812 est,
576 3744 675 3799 sed
723 3744 866 3801 illud
923 3712 1177 3813 o’ffendit,
1234 3745 1403 3813 q,uod

241 3832 373 3869 eum
418 3783 605 3884 ola'deo
652 3816 987 3871 vocabulum
1034 3817 1095 3870 in
1150 3761 1403 3887 generali

241 3887 527 3941 sententia
559 3888 808 3956 positum
843 3888 939 3955 sit,
978 3888 1125 3943 idem
1162 3888 1403 3943 relativo

436 3958 495 4011 in
530 3960 831 4028 specialem
872 3926 1173 4015 violentius
1223 3964 1403 4015 trans-

241 4030 445 4083 fertur.
521 4029 589 4083 In
622 4028 781 4085 MSS.
820 4031 977 4087 nulla
1020 4036 1107 4087 est
1140 4032 1401 4087 varietas.

242 4100 415 4169 Haup
418 4106 477 4165 t.,
524 4100 785 4171 Meinek„
834 4102 1079 4171 Linker„
1128 4103 1384 4159 Doederl.
1371 4144 1407 4172 .,

244 4170 464 4239 Lehrs„
464 4142 785 4229 ”Eeksteiu.
790 4179 1123 4243 receperunt
1144 4175 1207 4229 in
1226 4191 1404 4245 quem3

242 4210 464 4341 Βίῐιθιέ
492 4244 789 4299 coniunxit
814 4252 1095 4313 „scrutare
1126 4246 1297 4314 modo,
1320 4246 1404 4299 in-

244 4314 463 4381 quamss
506 4343 573 4353 —
614 4314 865 4386 Hellade]
902 4318 1116 4371 Aaron:
1158 4316 1406 4385 „Marius

244 4384 477 4453 quidam
512 4385 587 4439 ob
624 4402 874 4441 amorem
918 4386 1194 4443 Helladen
1231 4406 1403 4457 quan·

246 4456 381 4509 dam
438 4456 683 4525 puellam
740 4458 966 4527 oceidit,
1022 4476 1151 4513 oum
1209 4460 1281 4513 ab
1340 4478 1407 4515 ea

244 4532 719 4612 contemneretur,
754 4535 815 4585 et
849 4548 908 4583 se
933 4535 1128 4599 postea
1154 4548 1407 4585 maerore

244 4598 697 4670 praecipitavit.“
740 4632 803 4641 -—
848 4606 1087 4672 coynata
1118 4603 1407 4670 vocabnda]

1496 2689 1612 2727 non
1667 2672 1910 2727 multum
1964 2672 2214 2742 diversa3
2275 2673 2452 2729 seelus
2504 2674 2652 2731 enim

1496 2744 1570 2798 ab
1623 2744 1844 2799 insania
1889 2762 2002 2799 non
2051 2744 2294 2799 multum
2348 2745 2526 2799 distat
2583 2764 2650 2801 ex

1496 2815 1814 2870 Stoicorum
1891 2814 2164 2871 doctrina.
2277 2816 2522 2873 Meiuek.
2594 2824 2653 2872 et

1494 2886 1691 2941 Lehrs.
1728 2892 2064 2957 receperunt
2082 2888 2339 2943 Horkelii
2375 2890 2650 2945 coniectu-

1492 2976 1615 3013 ram
1653 2974 1762 3013 mm
1792 2965 1946 3013 nata.

1569 3030 1636 3083 V.
1669 3032 1795 3083 281.
1836 3029 2066 3085 Transit
2087 3030 2162 3085 ad
2188 3036 2454 3099 quartum
2475 3048 2652 3101 genus
2685 3082 2697 3093 ,

1494 3101 1822 3157 insanorum
1849 3102 1922 3171 (v.
1939 3104 2278 3185 281-295);
2317 3102 2446 3159 vide
2482 3120 2652 3173 supra

1496 3190 1547 3226 v.
1596 3174 1682 3227 79.
1755 3172 1884 3229 Duo
1938 3174 2352 3257 superstitionis
2399 3175 2653 3244 exempla

1495 3244 1646 3299 inter
1695 3260 1753 3299 se
1800 3246 2089 3301 contraria
2136 3250 2442 3315 ponuntur,
2479 3264 2652 3301 unum

1495 3316 1752 3371 libertini
1775 3314 2128 3387 (ael—287),
2153 3317 2440 3372 alterum'
2423 3335 2652 3373 insanae

1494 3388 1693 3441 matris
1737 3386 2082 3458 (288—294).
2139 3417 2204 3429 -
2265 3390 2472 3445 esrem
2515 3405 2653 3445 eom·

1486 3458 1640 3529 pita]
1716 3458 1814 3513 ubi
1874 3458 2049 3515 Lares
2109 3459 2414 3517 Praestites
2481 3461 2652 3530 positi

1494 3535 1770 3585 erant.—
1810 3530 1948 3600 quid
1981 3536 2098 3587 tom
2131 3548 2390 3601 magnum
2400 3530 2450 3601 ἓ]
2495 3532 2653 3600 „Non

1495 3620 1780 3673 magnam,
1805 3603 1906 3671 ait,
1941 3620 2062 3658 rem
2097 3603 2348 3675 postule„
2389 3610 2454 3657 ut
2478 3621 2651 3659 unum

1494 3674 1718 3731 saltem
1735 3691 1804 3727 ex
1853 3678 1944 3727 tot
1977 3674 2206 3729 milibus
2241 3675 2413 3729 morti
2450 3675 2652 3744 eripia-

1494 3744 1599 3811 tis3
1637 3745 1797 3801 vobis
1833 3750 2004 3815 oerte,
2049 3762 2084 3799 o
2121 3746 2200 3814 di,
2235 3746 2344 3801 hoe
2378 3744 2534 3801 faetu
2569 3746 2651 3801 fa-

1496 3784 1770 3871 eilsimum
1813 3817 1946 3871 est.“
1987 3785 2200 3872 'fBentl
2239 3816 2652 3886 -litiyiosusj

1496 3888 1712 3959 Digest.
1753 3886 1900 3956 XXI,
1937 3890 1986 3956 1,
2035 3892 2086 3942 ιε
2153 3890 2366 3959 „Aiunt
2399 3888 2649 3943 Aediles.

1496 3958 1606 4027 Qui
1639 3960 1924 4030 mancipia
1959 3960 2231 4029 vendunt,
2268 3960 2534 4017 certiores
2570 3959 2651 4015 fa-

1496 4032 1652 4087 ciant
1699 4038 1978 4115 emptores
2029 4032 2167 4101 quid
2213 4032 2397 4087 morbi
2453 4031 2654 4087 vitiive

1496 4104 1700 4172 cuique
1737 4104 1828 4171 sit,
1863 4104 1988 4172 quis
2029 4103 2306 4174 fugitivus
2343 4120 2542 4159 errove
2577 4102 2654 4157 sit

1497 4192 1746 4229 noxaeve
1763 4175 1979 4231 solutus
1997 4192 2112 4229 non
2131 4176 2224 4244 sit,
2249 4192 2426 4243 eaque
2447 4174 2653 4242 omnia,

1496 4264 1624 4301 eum
1683 4264 1748 4301 ea
1809 4248 2090 4316 mancipia
2142 4250 2404 4309 veneunt,
2465 4246 2652 4315 palam

1496 4323 1649 4373 recte
1687 4320 2146 4387 pronuntiant0.“
2177 4318 2246 4373 of.
2283 4317 2467 4387 Epist.
2503 4317 2576 4384 H,
2601 4319 2654 4381 2,

1496 4391 1531 4443 2
1569 4407 1690 4458 sqq.
1747 4418 1816 4429 —
1875 4390 2118 4458 Menem]
2171 4389 2494 4459 „Menenius
2542 4388 2654 4443 fuit

1498 4461 1613 4515 illis
1651 4462 1999 4530 temporibus
2035 4461 2280 4515 insanus.
2340 4460 2502 4516 Unde
2537 4460 2652 4515 Me-

1498 4532 1702 4587 neniae
1737 4533 2014 4587 stultitiae
2049 4532 2140 4587 vel
2175 4532 2470 4602 ineptiae.“
2522 4532 2653 4587 Por·

1498 4602 1662 4671 phyr.
1701 4632 1770 4643 —-
1806 4604 2082 4672 cubantis]
2121 4604 2250 4659 vide
2281 4604 2356 4659 ad
2390 4602 2504 4658 sat.
2531 4602 2573 4671 1,
2601 4607 2654 4671 9,
