3092 5059
1590 230 1629 295 2

413 438 449 484 e
493 417 975 485 centurionibus
1022 416 1186 484 orti“
1229 418 1517 502 adibant,
1584 420 1829 504 sprevit
1870 426 1933 486 et
1975 421 2237 487 vendito
2280 420 2494 506 agello
2538 420 2815 488 Romam

411 526 797 611 demigravit
821 528 891 610 ⁶).
976 528 1079 593 Ibi
1125 528 1330 593 filium
1373 548 1453 594 ea
1496 529 1745 595 ratione
1811 529 2275 597 instituendum
2340 532 2610 608 curavit,
2679 550 2815 613 qua

410 637 615 702 nobili
660 639 801 703 loco
847 639 984 702 nati
1024 640 1210 721 pueri
1253 639 1506 705 institui
1552 641 1873 719 solebant3
1940 662 2089 706 nam
2133 647 2198 706 et
2238 660 2567 708 servorum
2613 643 2811 707 vesti-

411 753 894 830 mentorumque
924 754 1243 831 apparatu
1273 748 1366 815 ita
1396 770 1542 815 eum
1572 749 1895 833 instruxit,
1925 756 1996 815 ut
2025 750 2123 833 „si
2156 752 2268 834 qui
2299 750 2595 829 vidisset,
2624 752 2816 817 avita

411 876 494 921 ex
536 875 606 921 re
650 856 949 939 praeberi
991 864 1280 941 sumptus
1325 857 1617 924 crederet
1659 856 1848 924 illos“
1894 856 2063 937 (Sat.
2086 859 2137 935 Ι,
2162 859 2219 942 6,
2253 859 2360 940 79)
2404 868 2471 926 et
2514 861 2677 944 ipse,
2724 880 2812 925 ne

409 965 652 1031 rustica
693 986 935 1031 morum
985 966 1324 1051 integritas
1370 967 1815 1051 candidasque
1859 968 2060 1034 animi
2088 967 2351 1035 habitus
2381 968 2630 1035 urbana
2658 988 2815 1053 pra-

412 1076 611 1141 vitate
674 1076 1105 1159 pessimisque
1170 1078 1485 1162 exemplis
1551 1077 1791 1160 ubique
1866 1078 2078 1144 obviis
2144 1079 2387 1145 sensim
2442 1098 2813 1163 corrumpe-

409 1192 602 1262 retur,
668 1192 926 1267 „custos
969 1186 1564 1271 incorruptissimus
1609 1206 1830 1253 omnes
1886 1187 2124 1253 circum
2170 1186 2465 1254 doctores
2514 1186 2815 1255 aderat“.

409 1294 638 1377 Itaque
711 1314 855 1361 cum
925 1316 1086 1379 puer
1157 1295 1723 1381 grammaticorum
1794 1295 2049 1363 scholas
2081 1296 2134 1377 ⁷)
2216 1297 2657 1380 frequentaret
2738 1306 2815 1363 et

411 1404 749 1488 utriusque
792 1405 1057 1488 linguae
1114 1407 1462 1489 scriptores
1528 1414 1595 1472 et
1661 1398 1905 1489 poetas,
1972 1426 2053 1471 ex
2098 1406 2333 1490 quibus
2378 1406 2693 1473 Homerus
2735 1414 2809 1472 et

411 1513 636 1581 Livius
697 1514 1104 1581 Andronicus
1168 1516 1580 1583 nominantur
1644 1515 1875 1600 (Epist.
1919 1516 2005 1593 Π,
2054 1517 2109 1595 1,
2172 1516 2275 1582 69.
2318 1518 2377 1599 2,
2438 1518 2564 1597 41),
2634 1516 2810 1599 lege-

412 1629 526 1701 ret,
597 1631 784 1707 pater
849 1624 990 1707 ipse
1051 1643 1296 1689 morum
1361 1633 1502 1691 erat
1543 1625 1855 1709 magister
1904 1633 1970 1692 et
2010 1624 2551 1709 diligentissimus
2594 1632 2661 1692 et
2702 1645 2813 1692 sa-

408 1731 868 1815 pientissimus.
957 1733 1242 1817 Egregia
1286 1735 1458 1799 enim
1502 1754 1714 1817 neque
1756 1734 1918 1801 satis
1972 1734 2304 1802 laudanda
2355 1735 2645 1803 libertini
2692 1734 2807 1801 ho-

411 1842 604 1907 minis
649 1840 774 1907 fuit
814 1842 886 1907 in
927 1842 1062 1909 filio
1107 1842 1444 1909 educando
1487 1844 1836 1927 sapientia,
1908 1850 1979 1911 ut
2032 1843 2255 1911 rudem
2315 1865 2463 1911 eum
2514 1844 2813 1911 humani·

407 1952 685 2034 tatisque
729 1959 1058 2035 expertem
1105 1951 1308 2017 fuisse
1350 1952 1465 2017 vix
1508 1952 1631 2017 tibi
1674 1952 2051 2037 persuaderi
2093 1954 2381 2036 patiaris.
2441 1952 2569 2032 Qui
2615 1974 2807 2021 omne

410 2078 594 2126 suum
639 2061 839 2127 otium
884 2080 1262 2143 omnemque
1327 2080 1462 2127 rem
1524 2062 1591 2127 in
1656 2060 2012 2128 erudiendo
2077 2062 2211 2128 filio
2252 2064 2619 2146 collocaret,
2690 2064 2809 2147 qui

410 2169 690 2253 optimus
768 2169 1188 2253 paedagogus
1260 2169 1502 2253 ubique
1572 2170 1713 2254 ipse
1782 2170 2060 2255 adesset,
2142 2171 2255 2256 qui
2331 2171 2493 2255 quid
2562 2174 2809 2239 malum

407 2277 568 2359 quid
611 2278 848 2345 bonum
891 2278 1049 2361 quid
1113 2276 1462 2363 petendum
1505 2278 1665 2361 quid
1714 2279 2091 2363 fugiendum
2158 2282 2598 2366 exemplorum
2670 2303 2805 2349 ma-

407 2386 510 2469 gis
537 2388 587 2467 ⁸)
651 2387 1032 2453 auctoritate
1077 2406 1268 2469 quam
1315 2386 1649 2453 doctrinae
1695 2386 2049 2472 fragilitate
2092 2390 2417 2475 suaderet,
2483 2392 2597 2473 qui
2662 2393 2809 2457 veri

409 2496 564 2561 boni
609 2495 864 2579 pulchri
923 2498 1283 2564 naturalem
1327 2516 1586 2563 sensum
1633 2498 1700 2563 in
1746 2497 1887 2564 dies
1928 2499 2134 2565 aleret
2178 2498 2247 2565 in
2291 2506 2809 2585 perpetuumque

407 2603 708 2688 firmaret,
779 2625 933 2671 num
1004 2611 1217 2689 potest
1280 2605 1558 2689 cogitari
1618 2625 1764 2671 eum
1828 2608 1912 2673 ab
1986 2609 2493 2692 elegantioribus
2565 2608 2809 2677 litteris

408 2713 695 2780 alienum
739 2732 997 2795 prorsus
1039 2715 1236 2781 fuisse
1253 2714 1286 2779 P
1371 2717 1581 2797 Atque
1646 2716 1903 2783 etiamsi
1964 2723 2151 2801 pater
2196 2716 2482 2785 Graecus
2542 2719 2815 2786 natione

406 2842 534 2889 non
597 2823 721 2890 fuit
784 2858 854 2869 -—
929 2822 996 2889 id
1041 2822 1215 2906 quod
1259 2824 1452 2891 facile
1497 2823 1937 2906 suspicaberis
1990 2862 2063 2873 —-
2107 2846 2269 2912 puer
2330 2835 2545 2893 tamen
2596 2826 2814 2894 Hora-

406 2933 537 2998 tius
600 2934 668 2998 in
734 2939 1004 3016 paterna
1068 2932 1258 2999 domo
1323 2940 1597 3015 utraque
1664 2933 1888 3017 lingua
1914 2936 1965 3014 ⁹)
2030 2956 2185 3003 usus
2240 2956 2387 3003 esse
2430 2944 2497 3003 et
2534 2957 2579 3003 a
2619 2946 2813 3020 patre

408 3041 619 3124 prima
691 3041 950 3125 legendi
1024 3041 1479 3125 scribendique
1552 3042 1873 3109 elementa
1943 3042 2171 3111 doctus
2244 3046 2386 3111 iure
2456 3044 2811 3113 videbitur.

405 3151 672 3217 Praeter
715 3153 1202 3235 grammaticam
1254 3152 1409 3218 aliis
1471 3170 1726 3235 quoque
1792 3152 2057 3237 artibus,
2131 3153 2367 3236 quibus
2430 3154 2698 3239 ingenui
2726 3152 2811 3237 ¹⁰)

477 3362 534 3433 6)
585 3360 699 3416 Sat.
739 3362 782 3427 Ι,
816 3362 869 3430 6,
907 3362 975 3415 72
1013 3380 1129 3445 sqq.
1214 3361 1444 3432 Triplex
1489 3362 1549 3415 in
1650 3362 2070 3417 litterar-histor.
2108 3362 2253 3433 Biog
2254 3380 2319 3417 ra
2318 3362 2467 3435 phie.
2543 3364 2809 3421 Teubner

403 3434 510 3488 hae
544 3450 606 3487 re
643 3418 796 3487 mota
831 3438 916 3486 est
940 3452 974 3487 a
997 3433 1134 3487 viris
1167 3432 1346 3487 doctis
1384 3451 1549 3501 quae·
1655 3434 1807 3487 1880.
1830 3452 1885 3503 p.
1916 3435 2015 3499 18),
2048 3452 2368 3517 quanquam
2402 3436 2544 3489 nihil
2568 3442 2652 3491 est
2685 3454 2802 3505 quo

403 3504 528 3559 atio,
581 3507 668 3559 Ao
698 3506 942 3574 primum
979 3505 1202 3573 quidem
1239 3505 1549 3575 quaeritur,
1650 3506 1982 3559 sententiam
2037 3507 2216 3575 magis
2262 3508 2515 3575 potuerit
2556 3507 2805 3576 firmare,

405 3592 515 3644 quo
543 3594 689 3631 anno
709 3576 974 3631 Horatius
1011 3594 1152 3645 puer
1177 3576 1410 3631 Romam
1449 3576 1549 3630 du·
1651 3594 1817 3645 quam
1856 3578 1952 3645 qui
1984 3594 2111 3630 eum
2145 3578 2506 3646 praecedunt.
2553 3578 2693 3633 Tum
2733 3580 2807 3635 de

404 3651 525 3701 etus
562 3646 822 3701 videatur
847 3666 880 3701 a
914 3652 1100 3717 patre:
1139 3646 1288 3716 quod
1325 3646 1552 3716 quidem
1650 3648 1757 3701 hoc
1813 3664 2049 3716 quoque,
2104 3652 2294 3703 utrum
2359 3655 2524 3720 pater
2576 3650 2805 3705 Horatii

405 3734 723 3786 quanquam
748 3720 887 3773 certi
907 3720 964 3772 in
993 3723 1108 3773 tam
1126 3720 1310 3773 dubiis
1329 3719 1551 3772 indiciis
1652 3720 1923 3773 coactor-is
1987 3737 2217 3775 munere
2268 3720 2545 3777 Venusiae
2602 3723 2805 3790 solum,

405 3789 606 3859 (Epist.
627 3789 696 3858 11,
722 3793 769 3857 1,
795 3793 879 3845 70.
917 3790 991 3859 11,
1015 3793 1066 3858 2,
1085 3792 1179 3859 41)
1198 3790 1341 3844 nihil
1365 3794 1553 3859 potest
1652 3808 1723 3844 an
1782 3790 1991 3845 Romae
2047 3791 2243 3859 solum,
2298 3810 2370 3846 an
2416 3794 2693 3848 Venusiae
2744 3801 2805 3848 et.

403 3860 694 3921 affirmari.
711 3862 1004 3930 probabile
1021 3867 1204 3917 tamen
1231 3867 1316 3916 est
1339 3861 1551 3916 factum
1652 3862 1862 3915 Romae
1887 3862 2110 3915 functus
2136 3864 2227 3931 sit,
2254 3869 2531 3933 certatur3
2567 3866 2797 3919 tertium

403 3949 520 3987 esse
545 3950 596 3987 a.
626 3936 730 3987 700
753 3934 844 3987 vel
866 3935 987 4002 701,
1010 3950 1134 3988 cum
1161 3934 1553 3988 duodecimum
1652 3934 1773 3987 veri
1808 3934 2037 3987 videtur
2074 3934 2441 3990 simillimum.

403 4005 603 4059 aetati·
645 4022 852 4059 annum
889 4006 1009 4075 ipse
1053 4012 1262 4075 ageret.
1337 4004 1553 4059 Deinde
1724 4006 1779 4071 7)
1821 4004 1909 4058 Ex
1936 4005 2318 4074 grammaticis
2342 4025 2515 4061 unum
2546 4009 2805 4064 nominat

403 4082 534 4129 sunt
570 4078 666 4145 qui
706 4077 948 4147 agellum
985 4078 1273 4131 venditum
1311 4094 1344 4130 a
1391 4082 1551 4145 patre
1654 4074 1926 4130 Orbilium
1988 4076 2272 4144 Pupillum
2330 4078 2802 4149 Beneventanum,

403 4153 627 4217 negent,
663 4148 814 4203 inter
850 4150 1124 4203 bellorum
1149 4148 1398 4203 civilium
1433 4154 1551 4201 tur·
1650 4146 1829 4216 Epist.
1868 4146 1939 4215 11,
1988 4151 2036 4216 1,
2073 4150 2161 4201 71.

403 4220 502 4273 bas
521 4218 1276 4289 proscriptionibusHoratio
1297 4224 1551 4289 ereptum
1721 4220 1778 4286 8)
1818 4218 1931 4272 Sat.
1968 4219 2013 4287 Ι,
2053 4222 2103 4283 6,
2142 4220 2206 4273 81
2248 4236 2368 4287 sqq.

401 4289 712 4357 affirment3
761 4292 900 4347 dicit
937 4292 1086 4345 enim
1123 4292 1242 4361 ipse
1277 4297 1407 4361 post
1446 4309 1544 4360 pu·
1719 4292 1777 4359 9)
1814 4291 2059 4345 Graecae
2108 4291 2333 4360 linguae
2382 4291 2442 4343 in
2486 4291 2699 4360 Apulia
2743 4295 2802 4347 et

400 4378 568 4433 gnam
588 4362 1002 4432 Philippensem
1035 4380 1094 4418 se
1115 4380 1296 4432 neque
1321 4363 1549 4417 domum
1648 4361 1898 4417 Lucania
1934 4362 2235 4415 latissimus
2274 4369 2396 4416 erat
2434 4378 2583 4418 usus.
2621 4363 2797 4417 Canu·

399 4451 581 4502 neque
641 4433 876 4489 fundum
937 4436 996 4488 in
1055 4434 1224 4489 Italia
1287 4435 1549 4489 habuisse
1648 4434 1757 4489 sini
1794 4433 1840 4487 si
1876 4434 2015 4487 bilin
2098 4450 2154 4487 es
2190 4432 2325 4501 (Sat.
2358 4434 2399 4503 Ι,
2433 4434 2517 4503 10,
2550 4434 2660 4506 30),
2700 4452 2801 4491 cur

402 4505 602 4575 (Epist.
641 4506 713 4573 ΙΙ,
749 4508 802 4572 2,
841 4508 958 4573 50).·
1021 4504 1113 4561 Sic
1159 4523 1340 4575 nuper
1377 4507 1547 4561 etiam
1648 4523 1763 4560 non
1796 4506 1967 4559 etiam
1960 4450 2311 4559 mggnusini?

401 4576 632 4633 Lucian.
652 4576 855 4632 Miiller
874 4577 958 4647 (Q.
979 4578 1177 4633 Horat.
1198 4578 1378 4633 Flaec.
1404 4578 1549 4635 Eine
1724 4576 1813 4647 10)
1849 4576 1963 4632 Sat.
1999 4577 2045 4646 1,
2084 4580 2135 4645 6,
2172 4578 2257 4631 77.
