3092 5059
437 239 564 305 248

1405 235 1865 304 CARMINUM

837 423 1132 502 Civitas
1185 424 1440 500 omnis·
1488 423 1999 524 dabimusque
2050 423 2247 501 divis

1034 547 1244 625 'Pura
1291 546 1673 645 benignis.

837 699 950 774 Te
1003 697 1270 775 decem
1325 697 1525 773 tauri
1576 697 2052 798 totidemque
2104 725 2401 797 vace-ae,

836 823 965 899 Me
1007 835 1223 900 tener
1272 822 1520 899 solvet
1570 822 1877 920 vitulus,
1929 822 2201 900 relicta

752 979 804 1020 ω
839 948 1090 1024 Matre
1143 947 1275 1048 qui
1325 946 1564 1046 largis
1614 948 2035 1025 iuvenescit
2075 948 2336 1025 herbis

1042 1069 1135 1146 In
1184 1095 1358 1148 mea
1399 1083 1605 1168 vota,

837 1221 1126 1298 Fronte
1180 1233 1534 1298 curvatos
1584 1222 1923 1298 imitatus
1972 1222 2192 1321 ignes

841 1347 1185 1423 Tertium
1235 1347 1462 1422 lunae
1507 1345 1913 1424 referentis
1968 1359 2240 1446 ortum,

839 1470 1011 1565 Qua
1055 1485 1317 1549 notam
1369 1471 1611 1568 duxit,
1658 1473 1929 1550 niveus
1973 1473 2101 1550 vid
2110 1475 2244 1572 eri,

759 1633 812 1673 eo
1049 1596 1326 1676 Cetera
1375 1597 1660 1674 fulvus,

443 1875 647 1930 magna
707 1875 843 1914 voce
909 1857 1198 1927 Triumphe
1254 1857 1471 1927 canet‚“
1537 1862 1597 1912 et

442 1929 568 1985 Liv.
605 1928 775 1999 XLV,
812 1931 910 1997 38;
971 1948 1098 1984 cum
1156 1931 1360 1999 quibus
1409 1929 1595 1986 confe-

443 2019 534 2056 ras
589 2000 724 2056 Hor.
791 2001 972 2072 Epod.
1026 2001 1078 2069 9,
1134 2003 1219 2056 21.
1293 2002 1596 2058 Invocatur

443 2072 622 2144 igitur
693 2077 962 2142 tanquam
1028 2072 1162 2128 deus
1226 2072 1596 2143 Triumphus;

446 2161 620 2213 quare
655 2145 736 2199 sic
761 2145 946 2199 locum
970 2145 1371 2214 interpretare:
1413 2145 1595 2214 „Dum

443 2219 526 2284 tu,
583 2214 908 2286 Triumphe,
964 2215 1238 2286 procedis,
1294 2234 1484 2271 omnes
1539 2221 1597 2272 te

443 2288 594 2342 cives
647 2304 760 2342 non
816 2287 986 2342 semel
1042 2289 1441 2352 invocabimus,
1498 2288 1598 2342 sed

444 2359 711 2414 continuo
749 2359 992 2414 clamore
1029 2359 1273 2416 dicemus
1298 2360 1358 2414 Io
1397 2360 1597 2414 trium-

444 2430 606 2501 phe.“
681 2431 748 2485 In
785 2449 899 2501 qua
931 2449 995 2486 re
1029 2431 1138 2487 hoc
1169 2431 1458 2503 egregium
1494 2437 1597 2500 est,

445 2502 597 2572 quod
615 2503 852 2558 iteratus
872 2503 1079 2559 civium
1099 2503 1309 2560 clamor
1335 2504 1424 2558 bis
1448 2503 1597 2573 poei-

445 2575 520 2629 tis
547 2574 735 2630 verbis
763 2575 819 2630 io
849 2575 1118 2644 triumphe
1137 2575 1197 2630 in
1220 2575 1329 2630 fine
1354 2575 1597 2630 duorum

445 2663 706 2701 versuum
726 2647 801 2702 ad
819 2651 1038 2702 nostras
1053 2665 1274 2717 quoque
1286 2665 1448 2702 aures
1466 2664 1596 2718 pae-

445 2735 516 2772 ne
535 2717 851 2773 adducitur.
881 2717 1170 2774 Bentleius
1189 2737 1257 2773 ex
1276 2720 1599 2774 coniectura

447 2790 690 2858 scripsit:
731 2791 898 2860 Isque
940 2789 1070 2844 dum
1111 2790 1389 2864 procedit3
1445 2790 1596 2845 Hau·

485 2861 626 2924 tius,
699 2860 1040 2930 Meinekius,
1117 2861 1394 2917 Linkerus
1470 2880 1599 2917 cum

445 2879 688 2987 grenio:
743 2937 897 3002 teque
945 2933 1074 2988 dum
1114 2933 1378 3004 procedit,
1413 2933 1597 2989 Ritte-

447 3021 543 3058 rus
588 3008 646 3060 et
679 3003 972 3059 Lehrsius:
1027 3010 1192 3074 tuque
1236 3004 1369 3060 dum
1409 3021 1596 3074 proce-

448 3075 560 3144 dim
615 3075 894 3131 Mueller.:
953 3082 1117 3146 atque
1162 3075 1292 3131 dum
1334 3077 1597 3146 procedit.

447 3147 616 3217 Apud
648 3147 1156 3202 Commentatorem
1195 3148 1428 3219 Cruquii
1460 3148 1601 3205 haec

447 3221 741 3290 leguntur:
780 3223 968 3288 „teque
1004 3219 1136 3274 dum
1165 3219 1434 3290 procedis.
1504 3219 1599 3276 Sa·

447 3308 544 3346 crs.
589 3291 919 3345 acclamatio
965 3307 1091 3345 cum
1139 3290 1494 3347 invocatione
1525 3293 1601 3347 ad

446 3362 629 3432 ipsum
665 3362 1034 3432 triumphum.
1080 3380 1192 3432 qua
1225 3363 1306 3430 Io,
1342 3363 1404 3417 Io
1451 3364 1599 3418 dice-

447 3435 633 3503 batur,
667 3439 734 3489 ut
766 3434 849 3502 Io,
885 3440 1087 3490 matres
1129 3433 1369 3490 audite.“
1443 3435 1599 3491 Idem

448 3506 585 3560 olim
603 3505 881 3567 Kellerus,
914 3507 1010 3575 qui
1045 3523 1196 3561 nunc
1223 3511 1440 3561 mutata
1477 3525 1599 3562 sen-

450 3577 628 3631 tentia
655 3595 724 3631 ex
742 3577 976 3646 antiqua
999 3577 1405 3646 emendatione,
1430 3596 1601 3647 quam

448 3647 606 3714 dicit,
643 3648 1055 3704 commendavit
1096 3654 1277 3720 tuque,
1322 3666 1433 3719 quo
1469 3667 1599 3721 pro-

448 3719 674 3774 nomine
711 3719 1020 3774 Antonium
1068 3719 1374 3792 significari
1417 3721 1599 3778 docet.

450 3789 541 3846 Sic
601 3791 766 3846 etiam
831 3791 1139 3846 Schiitzius.
1201 3821 1267 3831 —
1340 3791 1599 3862 dicemus]

453 3861 643 3917 Omnis
677 3863 873 3917 civitas
921 3863 1156 3918 dicemus
1191 3867 1258 3917 ut
1291 3863 1471 3948 Epod.
1515 3865 1600 3933 16,

450 3935 534 3989 36.
571 3933 762 3989 Senec.
793 3933 993 3990 Troad.
1035 3937 1165 3990 164:
1205 3935 1408 4004 „Fam
1433 3935 1598 3992 stia-

447 4021 567 4062 muc
603 4005 838 4060 dicimus
868 4008 1108 4062 omnes-‘⁴
1153 4007 1374 4062 Schiitz.
1397 4008 1601 4063 maluit

447 4077 692 4132 stu-ibere
747 4092 846 4133 nos
897 4078 1063 4133 simul
1113 4097 1218 4150 pro
1265 4095 1376 4134 non
1421 4081 1596 4144 semel,

450 4167 593 4218 quae
610 4149 850 4204 mutatio
868 4149 1051 4206 facilis
1079 4151 1306 4220 quidem
1337 4155 1438 4219 est,
1464 4151 1599 4220 quia

447 4221 508 4276 in
553 4219 713 4278 codd.
757 4221 924 4278 simia
969 4225 1028 4278 et
1071 4223 1229 4280 semel
1275 4223 1599 4292 saepissime

1698 1857 2116 1914 confunduntur
2153 1857 2237 1928 (ut
2274 1857 2389 1913 Sat.
2423 1857 2495 1921 11,
2522 1858 2573 1920 8,
2601 1857 2720 1926 24),
2758 1857 2855 1912 sed

1697 1947 2125 1999 supervacanea.
2202 1929 2271 1984 cf.
2308 1929 2491 1983 Plaut.
2529 1929 2768 1984 Poenul.
2808 1928 2854 1996 1,

1700 2005 1755 2070 2,
1792 2004 1917 2056 148:
1978 2001 2303 2070 „Iuravisti·
2324 2001 2477 2056 haud
2523 2001 2719 2065 semel,
2760 2001 2857 2056 sed

1700 2074 1963 2128 centies.“
2023 2074 2165 2129 Stat.
2206 2072 2339 2128 Silv.
2378 2072 2424 2137 Ι,
2462 2074 2525 2126 δι
2562 2071 2730 2142 „Una
2766 2091 2855 2128 ve·

1700 2145 1907 2200 scimur
1942 2147 2125 2200 omnis
2162 2145 2301 2200 ordo
2337 2144 2583 2199 mensa.“
2638 2143 2855 2200 Lucan.

1699 2216 1831 2280 V11,
1894 2218 2028 2271 641:
2102 2217 2429 2286 „Vincimur
2499 2215 2587 2269 his
2644 2216 2858 2286 gladiis

1698 2289 1898 2357 omnis,
1937 2306 2079 2357 quae
2104 2289 2327 2354 serviet,
2365 2287 2571 2342 aetas.“
2598 2315 2667 2326 —
2699 2288 2858 2357 tura]

1700 2359 1970 2416 Solebant
2028 2361 2089 2416 in
2142 2359 2345 2430 plateis
2408 2361 2467 2413 et
2534 2358 2699 2426 areis,
2756 2377 2858 2429 per

1699 2449 1837 2502 quas
1872 2449 2079 2503 pompa
2126 2429 2485 2500 triumphalis
2522 2431 2859 2500 ducebatur,

1696 2511 1830 2560 tura
1876 2505 1937 2558 in
1988 2505 2101 2560 aris
2149 2504 2229 2558 ibi
2270 2503 2571 2562 exstructis
2620 2501 2857 2558 adoleri.

1700 2605 1766 2616 --
1819 2575 1908 2646 Te]
1960 2575 2135 2631 Redit
2184 2575 2366 2629 oratio
2412 2573 2485 2628 ad
2520 2575 2859 2642 Antonium,

1700 2648 1770 2704 ad
1814 2663 1980 2717 quem
2028 2647 2291 2703 transitio
2340 2645 2505 2700 valde
2553 2645 2861 2715 expeditur

1698 2721 2031 2790 interposita
2093 2719 2277 2789 prima
2336 2717 2571 2787 pluralis
2630 2717 2857 2772 numeri

1696 2808 1951 2862 persona.
2002 2821 2070 2830 —
2115 2788 2298 2859 solvet]
2350 2792 2483 2843 voto
2521 2806 2558 2843 a
2591 2806 2687 2844 me
2728 2806 2859 2846 con-

1698 2867 1879 2934 cepto.
1930 2892 1997 2903 —
2048 2859 2365 2929 iuvenescit]
2416 2858 2489 2914 cf.
2528 2860 2715 2915 Carm.
2756 2861 2860 2928 111,

1700 2937 1809 3018 23&
1829 2935 1911 2989 11.
1952 2963 2019 2976 --
2062 2932 2265 3001 fronte]
2306 2931 2529 3015 Cornua
2562 2949 2681 3016 nqn
2726 2937 2861 2986 sunt

1698 3003 2681 3145 ffxffizsszffmcffiiassmffssssssz‘?
2847 3116 2862 3129 .

1698 3151 1744 3218 Ι,
1765 3151 1871 3204 128
1907 3149 1977 3204 de
1999 3148 2202 3203 vitula:
2243 3147 2515 3218 „pedibus
2543 3165 2689 3216 quae
2718 3165 2862 3202 non-

1699 3222 1833 3276 dum
1866 3221 2111 3291 proterit
2137 3237 2277 3275 arva
2294 3219 2409 3274 Nec
2442 3235 2593 3274 nova
2626 3218 2865 3274 lunatae

1700 3292 1955 3348 curvavit
1991 3292 2246 3363 germina
2280 3289 2539 3345 frontis.“
2565 3319 2637 3330 —
2662 3290 2864 3347 niveus

1698 3363 1893 3435 videri]
1954 3360 2143 3422 λευκὸς
2202 3363 2445 3418 ἰδέσθαι.
2519 3361 2613 3416 Ad
2672 3367 2865 3418 totam

1700 3437 1965 3491 victimae
2059 3434 2489 3504 descriptionem
2586 3449 2717 3489 com

1700 3507 1881 3562 Carm.
1936 3507 2037 3575 111,
2080 3508 2164 3573 13,
2213 3509 2264 3560 4.
2338 3505 2507 3574 Apud
2562 3505 2687 3559 Mos
2764 3523 2865 3560 um

1700 3581 1754 3649 2,
1792 3583 1861 3634 84
1896 3584 2110 3648 taurus,
2158 3578 2255 3647 qui
2300 3576 2591 3646 Europam
2628 3575 2867 3646 fefellit,

1701 3651 1901 3706 similis
1924 3655 2038 3705 est:
2078 3650 2232 3735 3,Tot‘s'
2269 3648 2320 3701 δ’
2344 3642 2463 3713 ἤτοι
2500 3645 2561 3701 τὸ
2586 3648 2701 3718 μὲν
2724 3643 2867 3701 ἄλλο

1700 3723 1879 3788 δέμας
1924 3725 2271 3792 ξανθοχροον
2314 3721 2494 3788 ἔσκεν,
2532 3713 2755 3779 Κύκλος
2811 3719 2865 3772 δ’

1700 3788 1837 3921 ἐς
1876 3811 1977 3920 5:35
2009 3788 2519 3919 ‘fflffiw
2584 3785 2869 3918 :mxx

1700 3955 1825 3992 mus
1860 3937 2037 4009 igitur
2075 3937 2287 3991 vitulus
2307 3933 2531 3990 Horatii
2566 3939 2671 3990 est.
2714 3934 2867 3990 Gon·

1698 4009 1910 4064 trarius
1967 4013 2053 4064 est
2102 4013 2297 4062 taurus
2344 4004 2647 4076 Pasiphaes
2701 4007 2869 4075 apud

1702 4079 1965 4136 Ovidium
2028 4080 2095 4134 A.
2148 4082 2219 4133 A.
2262 4079 2309 4142 Ι,
2352 4078 2484 4132 2912
2546 4075 2865 4148 „Signatus

1700 4153 1859 4208 tenui
1894 4151 2081 4208 media
2106 4152 2256 4206 inter
2280 4167 2489 4206 cornua
2512 4147 2698 4220 nigro,
2728 4149 2868 4206 Una

1698 4223 1813 4278 fuit
1848 4224 2019 4287 labes,
2056 4228 2242 4280 cetera
2276 4221 2439 4279 lactis
2476 4219 2693 4276 erant.“

1455 4468 1853 4480 ---————--
