3092 5059
1058 226 1220 292 LIB.
1255 226 1307 294 1.
1344 225 1531 292 SAT.
1573 226 1658 292 X.
1703 227 1820 294 XI.

2503 225 2626 290 537

332 411 635 508 Cogere
690 436 921 510 quam
977 413 1155 489 satis
1208 425 1323 489 est
1368 439 1459 488 ac
1508 438 1664 488 non
1719 438 2018 489 cessare
2074 411 2424 488 videbor.

330 533 675 635 Imperat
724 551 854 612 aut
904 539 1139 614 servit
1182 538 1501 615 collecta
1552 540 1881 636 pecunia
1927 538 2224 638 cuique,

329 658 647 736 Tortum
704 661 941 758 digna
990 665 1211 763 sequi
1263 665 1515 762 potius
1571 691 1802 764 quam
1858 663 2140 759 ducere
2193 665 2482 740 funem.

219 825 227 838 ·
328 783 544 860 Haec
600 786 741 862 tibi
784 787 1169 864 dictabam
1222 804 1397 889 post
1440 789 1706 865 fanum
1761 803 1986 890 putre
2037 789 2423 886 Vacunae,

243 941 297 982 ω
331 907 665 1007 Excepto
716 911 925 1010 quod
976 939 1133 988 non
1184 914 1412 989 simul
1468 939 1691 1011 esses,
1748 927 2000 992 cetera
2050 915 2318 990 laetus.

1103 1274 1564 1360 Emsrrnm
1632 1276 1771 1360 XI.

333 1436 537 1529 Quid
592 1437 731 1513 tibi
786 1438 947 1514 visa
992 1438 1249 1534 Chios,
1306 1440 1612 1538 Bullati,
1661 1453 1996 1541 notaque
2046 1442 2363 1537 Lesbos,

328 1558 532 1651 Quid
592 1561 965 1638 concinna
1018 1562 1311 1656 Samos,
1373 1564 1564 1663 quid
1617 1563 1889 1641 Croesi
1941 1565 2178 1662 regia,
2235 1565 2521 1664 Sardis,

327 1685 667 1786 Zmyrna
722 1687 906 1787 quid
961 1702 1038 1764 et
1088 1687 1554 1787 Colophon?
1618 1691 1912 1766 maiora
1967 1693 2362 1768 minorave
2415 1693 2625 1768 fama

220 1935 353 1990 olim
390 1936 659 1991 adverbio
695 1939 825 1995 vide
860 1941 936 1995 ad
970 1940 1151 1997 Carm.
1190 1942 1263 2011 11,
1292 1945 1377 2012 10,

226 2009 312 2062 1⁷.
344 2037 407 2048 -
447 2024 543 2064 nec
571 2026 654 2064 me
686 2009 945 2084 dimittes]
984 2013 1137 2082 „Quo
1174 2031 1278 2086 ego
1317 2016 1376 2068 in

222 2085 279 2134 te
318 2083 450 2133 utor
495 2081 633 2142 iure.
682 2083 875 2138 eodem
920 2089 985 2140 ιιι
1023 2087 1152 2140 volo
1188 2085 1249 2140 in
1287 2103 1377 2141 me

222 2151 439 2220 utaris;
474 2153 697 2222 corrige
730 2173 839 2225 me,
874 2156 971 2211 ubi
1008 2161 1224 2212 rectum
1260 2175 1375 2212 mo·

222 2222 359 2276 dum
404 2240 685 2294 egressum
736 2243 825 2281 me
872 2227 1133 2283 videris.“
1207 2229 1377 2284 Vides

221 2294 526 2349 Horatium
562 2313 675 2350 non
705 2315 843 2367 prae
870 2317 931 2354 se
966 2299 1115 2355 ferre
1155 2302 1377 2356 vultum

220 2367 447 2420 molesti
506 2369 939 2437 reprehensoris.
1008 2401 1075 2412 -
1135 2374 1377 2444 pecunia

218 2437 437 2507 cuique]
476 2437 726 2509 Sapienti
768 2443 959 2510 servit,
990 2444 1165 2498 stulto
1203 2445 1377 2516 impe·

218 2514 315 2565 rat
384 2512 649 2579 pecunia3
722 2514 818 2570 sed
886 2515 1193 2586 sapientem
1260 2533 1377 2572 esse

220 2581 387 2635 decet
421 2581 701 2637 hominem
728 2590 788 2638 et
822 2587 1031 2641 servire
1065 2589 1375 2658 pecuniam.

221 2651 399 2706 Recte
452 2653 631 2724 igitur
684 2663 783 2710 aut
830 2659 1013 2726 servit,
1061 2677 1174 2714 non
1228 2659 1377 2714 haud

218 2724 405 2806 servit,
464 2743 605 2794 quae
658 2732 743 2781 est
788 2729 1070 2784 Waddelii
1126 2735 1183 2784 et
1234 2731 1375 2786 Doe-

218 2795 397 2864 ringii
434 2797 771 2853 coniectura.
810 2801 909 2855 cfr.
943 2800 1131 2857 Senec.
1168 2802 1237 2857 de
1274 2803 1373 2858 vit.

220 2867 371 2921 beat.
396 2869 487 2934 26,
516 2871 573 2922 1:
615 2870 883 2938 „divitiae
920 2875 1069 2927 enim
1106 2875 1256 2942 apud
1292 2893 1375 2929 sa-

216 2939 469 3008 pientem
530 2941 717 2996 virum
777 2943 836 2998 in
892 2946 1165 3000 servitute
1224 2953 1373 3014 sunt,

218 3010 375 3080 apud
410 3012 647 3066 stultum
684 3015 743 3067 in
776 3016 1067 3085 imperio.“
1091 3047 1155 3056 —
1182 3018 1377 3072 ducere

215 3081 429 3152 funem]
468 3083 661 3154 Imago
684 3093 908 3156 sumpta
936 3089 1165 3144 videtur
1186 3091 1276 3143 vel
1304 3090 1375 3145 de

219 3153 357 3207 fune
392 3154 651 3209 ductario
684 3157 742 3211 in
777 3159 1051 3214 machinis
1088 3161 1374 3216 tractoriis

218 3226 311 3279 vel
332 3225 402 3280 de
427 3228 704 3293 remulco3
739 3231 947 3284 rectius
972 3231 1212 3286 fortasse
1232 3233 1373 3287 Doe-

218 3297 491 3351 derlinius
545 3299 694 3354 vidit
741 3301 1021 3357 hominem
1079 3301 1374 3359 ducentem

218 3368 307 3422 vel
364 3369 581 3424 asinum
636 3372 726 3426 vel
776 3391 967 3428 ursum
1020 3375 1156 3430 fune
1202 3381 1373 3444 torto,

220 3439 319 3508 qui
357 3439 488 3506 dux,
536 3442 583 3494 si
632 3461 744 3498 non
792 3446 927 3500 satis
962 3447 1037 3502 sit
1078 3446 1257 3510 fortis,
1301 3448 1375 3502 ab

220 3581 369 3652 bam]
430 3583 829 3653 Imperfectum
886 3595 953 3642 ut
998 3591 1057 3644 in
1112 3590 1375 3647 clausulis

219 3654 594 3723 epistularum
652 3659 963 3726 scribebam,
1028 3661 1240 3718 dabam.
1306 3693 1371 3702 -

230 3723 510 3795 Vacunae]
584 3729 846 3797 „Vacuna
918 3733 1068 3802 apud
1138 3734 1373 3790 Sabinos

221 3797 531 3865 plurimum
572 3801 802 3870 colitur;
847 3805 1075 3872 quidam
1115 3806 1372 3875 Dianam,

220 3870 477 3924 nonnulli
523 3875 581 3924 et
626 3872 878 3929 Cererem
927 3893 1043 3932 esse
1090 3878 1372 3946 dixerunt,

223 3939 320 3993 alii
356 3941 647 4012 Venerem,
692 3947 791 4000 alii
836 3945 1161 4018 Victoriam,
1212 3950 1373 4004 deam

221 4013 548 4094 vacationis,
586 4017 735 4084 quod
771 4018 945 4074 faciat
977 4038 1175 4076 vacare
1213 4040 1245 4075 a
1282 4039 1371 4076 cu·

222 4099 317 4136 ris.
356 4083 463 4138 Sed
489 4084 669 4141 Varro
705 4091 889 4159 primo
926 4109 1115 4147 rerum
1153 4093 1373 4148 divina·

220 4171 347 4235 rum
382 4154 697 4213 Minervam
738 4161 901 4228 dixit,
949 4163 1104 4232 quod
1149 4181 1215 4218 ea
1258 4182 1371 4219 ma·

222 4243 371 4280 xime
404 4227 465 4282 hi
500 4230 751 4300 gaudent
796 4233 893 4302 qui
932 4236 1239 4304 sapientiae
1278 4253 1371 4290 va-

222 4299 403 4352 oant.“
454 4300 662 4356 Comm.
702 4303 869 4373 Cruq.
944 4304 1097 4373 Quae
1134 4306 1372 4361 nominis

223 4371 440 4425 notatio
486 4375 601 4428 sive
642 4391 775 4429 vera
810 4381 895 4430 est
931 4377 1046 4432 sive
1099 4378 1258 4447 false,
1306 4379 1373 4432 il-

224 4438 341 4524 lud.
359 4448 571 4498 certum
607 4446 851 4510 videtur,
898 4467 1012 4503 non
1059 4451 1373 4505 inconsulte

222 4517 467 4578 positum
501 4535 535 4571 a
570 4524 739 4586 poeta
764 4537 883 4574 esse
916 4538 1136 4581 nomen,
1176 4523 1271 4576 sed
1308 4527 1374 4576 ut

224 4580 407 4639 locum
424 4587 637 4644 indicet
660 4590 731 4645 ad
756 4591 1179 4648 meditationem
1199 4595 1373 4664 aptis·

221 3511 465 3566 animale
508 3514 697 3583 potius
736 3517 1012 3572 trahatur.

1470 1941 1674 1996 simum
1712 1960 1747 1997 a
1779 1959 1820 1997 n
1925 1941 2134 2011 tiisque
2167 1942 2422 1997 molestis
2445 1961 2625 1998 remo·

1470 2014 1764 2068 tissimum.
1884 2015 2115 2069 nvenire
2163 2015 2269 2069 sibi
2331 2015 2438 2070 visi
2493 2020 2624 2070 sunt

1470 2085 1620 2142 hunc
1654 2087 1836 2141 locum
1865 2087 1925 2139 in
1950 2091 2141 2140 monte
2177 2086 2343 2140 hodie
2367 2085 2628 2142 Gemuere

1471 2176 1505 2213 a
1544 2159 1772 2228 pellato,
1809 2157 1962 2212 haud
1995 2157 2196 2226 procul
2233 2177 2264 2212 a
2301 2159 2424 2213 vico
2444 2157 2624 2213 Roeca

1538 2231 1736 2297 'evane,
1773 2229 1870 2283 ubi
1905 2229 2220 2298 parietinae
2255 2234 2390 2284 sunt
2425 2230 2624 2299 templi

1470 2301 1756 2355 Victoriae
1793 2301 1864 2355 ab
1911 2301 1988 2354 im
2029 2305 2249 2355 eratore
2285 2301 2623 2371 Vespasiano

1470 2373 1738 2437 restituti,
1775 2372 1922 2442 quod
2009 2390 2222 2427 acunae
2266 2373 2404 2428 deae
2449 2389 2622 2442 quon·

1472 2443 1604 2499 dam
1645 2444 1814 2498 fuisse
1852 2444 2223 2513 suspicantur.

1817 2560 2144 2632 Epistula
2179 2559 2277 2614 XI.

1541 2658 1635 2712 Ad
1695 2657 2002 2712 Bullatium
2021 2697 2035 2725 ,
2093 2657 2334 2711 amicum
2396 2657 2624 2712 aliunde

1470 2747 1584 2783 non
1610 2735 1824 2791 notum,
1855 2729 2054 2784 scribit
2073 2729 2342 2783 Horatius
2379 2729 2450 2782 de
2468 2734 2622 2784 tran·

1471 2802 1758 2870 quillitate
1794 2801 1986 2856 animi.
2026 2801 2307 2855 Bullatius
2345 2801 2493 2854 enim
2529 2818 2622 2856 ne-

1470 2874 1673 2928 scimus
1727 2890 1840 2941 qua
1891 2890 2058 2927 causa
2109 2877 2396 2941 permotus
2442 2871 2622 2928 Roma

1470 2949 1528 2999 et
1565 2945 1734 2998 Italia
1781 2945 1991 2998 relictis
2033 2943 2400 3014 tranquillam
2442 2945 2621 2999 vitam

1470 3017 1529 3070 in
1587 3015 1907 3086 longinquis
1959 3016 2282 3086 regionibus
2339 3016 2622 3083 quaesive-

1469 3093 1576 3142 rat.
1651 3088 1816 3142 Hunc
1851 3087 2027 3158 igitur
2063 3094 2128 3141 ut
2163 3087 2392 3142 tandem
2427 3087 2622 3143 redeat

1468 3160 1806 3214 adhortatur
1853 3164 2040 3228 poeta,
2087 3160 2352 3228 quoniam
2387 3175 2513 3214 cum
2552 3175 2621 3214 ex

1467 3233 1656 3301 patria
1713 3231 1901 3300 aliquo
1956 3230 2234 3298 cedamus,
2294 3248 2407 3284 non
2462 3231 2620 3286 ceda-

1468 3320 1591 3357 mus
1629 3303 1688 3357 in
1723 3307 2054 3372 perpetuum
2093 3307 2192 3356 aut
2214 3303 2428 3357 diutius
2451 3319 2620 3371 quam

1469 3392 1614 3443 quae
1651 3375 1722 3429 ad
1766 3374 2074 3429 cedendum
2109 3391 2210 3428 nos
2237 3376 2624 3445 permoverint

1470 3463 1667 3502 causae
1711 3451 1991 3513 maneant,
2037 3463 2104 3501 ac
2150 3451 2442 3515 praeterea
2486 3463 2622 3501 vera

1468 3519 1644 3572 animi
1680 3517 2062 3587 tranquillitas
2105 3536 2218 3572 non
2263 3535 2330 3572 ex
2365 3518 2490 3572 loco
2525 3535 2619 3587 pe·

1469 3594 1642 3658 tatur,
1699 3591 1796 3644 sed
1847 3608 1914 3644 ex
1953 3591 2074 3658 ipso
2121 3591 2310 3644 animo
2359 3589 2498 3644 bene
2533 3607 2620 3644 re·

1468 3661 1652 3786 fendo
1713 3663 1992 3732 certisque
2039 3661 2244 3716 finibus
2299 3661 2620 3716 coercendo.

1496 3739 1723 3788 ncertae
1759 3739 1890 3788 sunt
1925 3735 2180 3788 virorum
2217 3733 2512 3788 doctorum
2549 3733 2620 3788 de

1469 3823 1616 3860 anno
1673 3823 1784 3874 quo
1829 3806 2040 3876 scripta
2085 3804 2326 3875 epistula
2361 3803 2620 3859 videatur

1468 3876 2618 4018 3333?sssssssssstqssssisssstss'ssrfflffi

1468 4022 1772 4091 opinantur
1809 4021 1882 4075 ad
1917 4039 2127 4076 annum
2163 4023 2268 4074 ⁷25
2309 4037 2431 4074 eam
2475 4019 2616 4074 refe-

1468 4098 1619 4154 runt,
1657 4094 1756 4148 alii
1793 4110 1906 4147 non
1941 4094 2154 4149 maiore
2179 4092 2290 4148 fide
2327 4091 2399 4145 ad
2435 4109 2482 4146 a.
2513 4093 2617 4145 ¹733

1467 4163 1826 4220 descendunt.

1538 4236 1606 4291 V.
1652 4239 1698 4290 1.
1735 4236 1992 4307 notaque]
2038 4235 2256 4290 Nobilis
2291 4239 2350 4288 et
2383 4239 2619 4303 propter

1466 4309 1601 4363 vina
1637 4313 1696 4362 et
1732 4313 1966 4377 propter
1991 4311 2202 4378 poetas.
2235 4335 2292 4346 ··-
2323 4305 2616 4377 concinna]

1466 4374 1754 4450 εὔρυθμος.
1808 4379 1922 4434 Cio.
1957 4379 2068 4434 Pis.
2109 4379 2192 4441 10,
2231 4381 2324 4431 22:
2363 4377 2617 4447 „concin-

1468 4469 1571 4505 nus
1612 4451 1834 4506 helluo“
1879 4451 2168 4522 (elegant).
2209 4479 2276 4490 —-
2321 4451 2618 4520 minorave]

1467 4522 1560 4579 Sic
1583 4523 1782 4592 optimi
1803 4523 2037 4585 codices,
2053 4528 2118 4577 ut
2139 4521 2382 4589 videtur,
2403 4537 2616 4590 omnes3

1466 4595 1566 4664 qui
1595 4613 1722 4650 cum
1753 4597 2070 4657 σολοικίζειν
2095 4594 2440 4654 viderentur,
2465 4599 2617 4663 post-
