3092 5059
1051 194 1211 260 LIB.
1244 195 1341 260 Ἡ.
1384 194 1656 263 EPIST.
1703 196 1756 262 I.

206 414 283 454 200
305 381 698 460 Fabellam
754 381 1018 459 surdo,

2483 197 2603 262 591

1119 382 1317 458 Nam
1372 411 1570 482 quae
1619 383 2068 482 pervincere
2119 409 2349 460 voces

304 507 683 584 Evaluere
731 533 1029 603 sonum,
1082 509 1429 584 referunt
1480 533 1713 608 quem
1765 523 2029 586 nostra
2079 509 2430 586 theatra?

305 631 757 730 Garganum
811 634 1113 731 mugire
1157 647 1379 732 putes
1430 659 1702 708 nemus
1755 649 1889 708 aut
1937 660 2152 710 mare
2203 635 2560 733 Tuscum,

304 757 551 832 Tanto
608 785 785 834 cum
837 759 1161 859 strepitu
1211 757 1379 834 ludi
1429 771 1870 858 spectantur
1913 773 1998 838 et
2049 775 2248 837 artes

303 880 789 982 Divitiaeque
839 884 1321 981 peregrinae,
1380 884 1658 982 q'uibus
1712 883 1996 960 oblitus
2051 900 2270 962 actor

202 1041 278 1082 ιω
306 1002 499 1082 Cum
556 1008 766 1084 stetit
816 1009 897 1084 in
942 1033 1241 1100 scaena,
1298 1013 1740 1106 „concurrit
1793 1009 2113 1086 dextera
2161 1011 2452 1088 laevae.

304 1131 561 1228 „Dixit
582 1131 835 1208 adhuc
851 1129 1245 1233 aliquid?“
1268 1132 1446 1230 „Nil
1474 1129 1731 1210 sane.“
1752 1134 2012 1231 „Quid
2042 1135 2293 1235 placet
2319 1134 2604 1234 ergo?“

305 1257 570 1354 „Lana
619 1257 1033 1334 Tarentino
1081 1259 1325 1334 violas
1373 1259 1673 1334 imitata
1722 1257 2098 1336 veneno.“

305 1381 423 1458 Ac
476 1409 573 1459 ne
626 1383 829 1460 forte
880 1396 1098 1482 putes
1150 1409 1275 1460 me
1326 1410 1525 1483 quae
1575 1385 1838 1460 facere
1887 1385 2054 1484 ipse
2097 1413 2474 1480 recusem,

304 1506 505 1584 Cum
556 1521 765 1585 reete
813 1521 1143 1585 tractent
1187 1509 1345 1605 alii,
1399 1509 1722 1587 laudare
1773 1511 2152 1609 maligne3

201 1668 280 1708 210
302 1631 451 1710 Ille
504 1659 645 1732 per
696 1647 1089 1710 extentum
1144 1633 1408 1708 funem
1460 1634 1656 1710 mihi
1706 1660 1932 1732 posse
1981 1635 2290 1711 videtur
2351 1719 2361 1728 ,

300 1759 426 1833 Ire
478 1773 733 1855 poeta,
788 1785 1043 1834 meum
1098 1759 1229 1857 qui
1282 1773 1552 1859 pectus
1601 1761 1936 1836 inaniter
1985 1762 2222 1859 angit,

298 1884 588 1980 Irritat‚
644 1884 947 1979 mulcet,
1004 1884 1219 1961 falsis
1272 1887 1700 1961 terroribus
1744 1886 2040 1986 implet,

300 2009 411 2087 Ut
465 2036 755 2108 magus,
806 2024 883 2086 et
930 2010 1166 2086 modo
1214 2033 1339 2084 me
1372 2009 1657 2086 Thebis
1712 2012 1945 2086 modo
1999 2013 2222 2111 ponit
2261 2013 2606 2092 Athenis.

298 2136 585 2212 Verum
640 2159 787 2233 age
838 2149 915 2211 et
966 2136 1107 2231 his,
1164 2137 1299 2235 qui
1348 2161 1433 2212 se
1480 2135 1756 2212 lectori
1808 2136 2126 2213 credere
2177 2139 2473 2215 malunt

203 2293 277 2332 ιιι
308 2261 557 2355 Quam
612 2259 1067 2360 spectatoris
1120 2257 1430 2334 fastidia
1475 2257 1680 2333 ferre
1731 2261 2069 2357 superbi,

306 2389 591 2465 Curam
646 2384 889 2460 redde
938 2385 1280 2479 brevem,
1336 2385 1401 2458 si
1452 2409 1730 2457 munus
1785 2383 2153 2484 Apolline
2207 2386 2529 2486 dignum

202 2638 269 2648 --
304 2609 499 2680 nimio]
549 2609 641 2665 Sio
684 2628 833 2666 nunc
876 2611 1073 2681 scripsi
1114 2611 1356 2667 auctori-

202 2684 379 2735 tatem
416 2682 759 2750 optimorum
790 2684 947 2738 codd.
986 2689 1205 2738 secutus
1230 2700 1357 2738 cum

200 2751 441 2806 Meinek.
482 2754 689 2823 Haupt.
720 2755 976 2810 Mueller.
1004 2755 1197 2810 Lehrs.
1225 2755 1357 2809 Kel-

200 2822 297 2876 ler.
344 2823 630 2880 Eckstein.
675 2826 915 2898 Kriiger.
967 2844 1071 2896 pro
1124 2828 1357 2898 vulgata

200 2896 381 2962 mi,mo
419 2897 569 2964 quod
606 2914 709 2966 pro
734 2899 931 2966 quovis
959 2899 1234 2952 histrione
1259 2915 1356 2967 po·

200 2965 371 3020 situm
410 2983 527 3022 esse
562 2969 695 3022 olim
734 2987 861 3023 cum
898 2970 1023 3024 aliis
1060 2989 1173 3024 ιιοιι
1203 2975 1355 3024 recte

198 3043 481 3105 putaram.
558 3040 1225 3109 cf.Carm.l,18,10.
1287 3071 1353 3082 ·-

198 3109 363 3162 asello
407 3111 591 3179 surdo]
646 3111 735 3165 Ex
778 3114 1077 3182 proverbio
1124 3113 1355 3182 (tauben

201 3178 391 3235 Ohren
414 3181 755 3267 predigen).
850 3184 1127 3254 Compara
1188 3185 1354 3268 Graes

199 3269 349 3306 cum:
390 3247 559 3321 ,ζὈνῳ
580 3273 659 3312 τις
682 3256 835 3323 ἔλεγε
871 3257 1083 3325 μῦθον·
1124 3255 1153 3309 ὁ
1184 3257 1246 3308 δὲ
1288 3253 1353 3308 τὰ

200 3342 308 3376 tom
346 3293 546 3378 exl'vsrf
532 3325 565 3353 “
639 3325 715 3380 Et
759 3345 885 3382 cum
922 3327 1029 3382 hoc
1064 3328 1357 3382 coniunxit

200 3395 440 3449 alterum
476 3395 643 3451 surdo
688 3413 922 3452 narrare
955 3399 1217 3465 fabulam,
1255 3398 1355 3452 Te·

200 3471 343 3521 rent.
371 3467 675 3522 Heautont.
704 3469 777 3537 11,
809 3474 854 3533 1,
888 3473 968 3523 10.
1006 3501 1069 3512 —
1110 3469 1351 3540 theatra]

199 3554 302 3606 pro
340 3539 681 3609 hominibus,
720 3542 814 3610 qui
842 3542 901 3594 in
934 3541 1173 3596 theatris
1198 3546 1353 3604 sunt3

198 3615 265 3663 ut
309 3609 419 3665 Cic.
471 3611 539 3666 de
591 3611 746 3667 Orat
785 3613 887 3680 111,
927 3616 1013 3680 50,
1057 3614 1187 3667 196:
1253 3614 1355 3681 „In

199 3681 287 3734 his
323 3683 371 3735 si
407 3684 641 3750 paulum
668 3685 835 3739 modo
859 3685 1129 3740 offensum
1162 3690 1265 3754 est,
1292 3689 1353 3738 ut

200 3759 299 3807 aut
343 3755 725 3810 contractione
775 3758 1001 3811 brevius
1046 3756 1209 3812 fieret
1255 3760 1355 3811 aut

199 3825 570 3893 productione
595 3827 687 3880 lon
732 3846 834 3895 ius,
870 3829 1086 3884 theatra
1108 3833 1233 3882 tota
1268 3845 1353 3882 re-

200 3897 497 3951 clamantf‘
550 3927 617 3938 —
652 3845 1011 3970 gurgitum]
1063 3899 1241 3954 Carm-
1282 3899 1354 3964 Π,

201 3969 252 4028 9,
286 3971 319 4020 6
345 3985 465 4037 sqq.
506 3999 571 4008 —-
611 3970 816 4041 ludim>
778 3989 1035 4042 p.01npae
1079 4001 1144 4010 —-
1182 3939 1354 4042 arte-si

200 4037 329 4092 vide
364 4040 436 4094 ad
473 3971 853 4111 Carm.1V,8,
879 4046 927 4098 5.
967 4073 1031 4082 —-
1076 4043 1355 4112 Divitiae]

200 4109 528 4178 splendidae
564 4119 761 4168 vestes.
804 4117 873 4170 Α.
899 4116 959 4169 P.
999 4117 1119 4169 215.
1162 4145 1225 4154 -—
1264 4116 1351 4169 ob-

200 4181 357 4252 litus]
412 4187 609 4244 tectus.
671 4186 767 4239 sed
824 4203 947 4240 cum
1009 4190 1352 4254 contemptu.

198 4252 484 4311 Eekstein.
522 4273 593 4310 ex
628 4257 967 4325 coniectura,
1006 4261 1071 4310 ut
1107 4257 1355 4326 videtur,

198 4325 423 4382 obsitus.
474 4327 541 4381 cf.
580 4325 690 4382 Cic.
727 4329 886 4383 Brut.
932 4330 1014 4396 13,
1054 4331 1146 4382 51.
1206 4328 1353 4395 „·elo

202 4400 433 4465 quentia
486 4415 676 4454 omnes
736 4399 1065 4471 peragravit
1130 4399 1355 4467 insulas,

201 4473 268 4522 ut
304 4487 365 4523 se
398 4473 645 4525 externis
677 4473 936 4526 oblineret
960 4471 1259 4525 moribus.“
1284 4499 1349 4510 -

198 4541 419 4610 veneno]
438 4537 738 4614 φαρμάκῳ.
776 4543 847 4598 ef.
873 4543 1055 4598 Carm-
1076 4542 1175 4611 ΠΙ,
1196 4545 1247 4610 5,
1262 4543 1352 4599 28.

1525 2611 1594 2668 V.
1631 2613 1754 2666 208.
1811 2627 1878 2666 ae
1918 2612 2008 2681 ne]
2053 2611 2174 2666 Iam
2219 2630 2288 2666 ne
2325 2612 2452 2680 quis
2492 2629 2607 2667 cre-

1453 2683 1556 2737 dat
1599 2683 1782 2752 ipsum
1829 2691 2132 2753 propterea
2170 2689 2346 2738 artem
2401 2685 2606 2738 scaeni-

1454 2771 1578 2809 cam
1597 2753 1973 2810 Romanorum
2001 2756 2344 2824 vituperare,
2373 2756 2522 2822 quod
2547 2757 2609 2809 in

1454 2844 1519 2880 ea
1569 2845 1748 2895 neque
1795 2827 2172 2881 elaboraverit
2216 2843 2464 2895 uuquam
2517 2845 2609 2882 ne-

1454 2915 1564 2966 que
1617 2897 1796 2968 possit
1851 2899 2156 2964 elaborare,
2217 2899 2412 2967 quanti
2484 2916 2607 2953 eam

1451 2973 1604 3024 recte
1656 2971 1867 3024 cultam
1917 2970 2180 3024 aestimet
2225 2969 2488 3024 ostendit.
2537 2999 2606 3010 —

1452 3041 1712 3111 malique]
1751 3059 1936 3110 parce,
1987 3057 2208 3110 parum.
2261 3069 2323 3080 —
2367 3057 2472 3109 per
2518 3057 2606 3096 ex-

1450 3115 1662 3166 tentum
1689 3111 1898 3182 funem]
1928 3129 2082 3180 „rem
2109 3112 2501 3167 difficillimam
2525 3113 2606 3167 fa-

1451 3185 1610 3238 cere!
1617 3183 1939 3267 ‘Porphyr.
1963 3184 2190 3238 Arrian.
2215 3184 2401 3252 Epict.
2430 3187 2481 3253 3,
2516 3187 2598 3237 12:

1452 3249 1778 3323 ”4ὑσκολόν
1819 3257 1933 3308 ἐστι
1973 3259 2063 3307 καὶ
2108 3253 2169 3308 τὸ
2217 3257 2312 3308 ἐπὶ
2361 3261 2609 3338 σχοινίου

1450 3295 1796 3396 risomarsev·
1852 3331 1944 3379 καὶ
1988 3321 2052 3380 οἱ)
2103 3321 2285 3398 μόνον
2337 3329 2610 3381 δυσκολον

1449 3379 1585 3450 ἀλλὰ
1659 3403 1748 3450 καὶ
1822 3399 2222 3452 ἔπικίνδυνονέ*
2323 3399 2607 3453 Describit

1450 3470 1652 3524 deinde
1691 3470 1828 3539 quid
1861 3471 2144 3524 scaenicus
2185 3476 2356 3540 poeta
2392 3471 2451 3524 in
2489 3471 2606 3524 ani-

1450 3559 1570 3595 mos
1608 3541 1954 3596 audientium
1997 3542 2198 3596 valeat.
2231 3571 2296 3580 --
2333 3542 2601 3610 inaniter]

1451 3614 1584 3681 quia
1619 3611 1754 3666 ficta
1788 3631 1911 3680 res;
1949 3613 2008 3666 id
2045 3613 2194 3681 quod
2231 3617 2432 3682 poetae
2457 3631 2604 3668 scae-

1448 3685 1576 3738 nico
1623 3683 1984 3738 difficultates
2022 3690 2207 3754 auget.
2261 3715 2326 3724 -—
2393 3685 2605 3744 Thebis,

1449 3755 1706 3824 Athenis]
1745 3773 1872 3809 nam
1911 3775 1982 3810 ex
2031 3756 2118 3808 his
2155 3755 2388 3810 urbibus
2437 3757 2606 3827 longe

1449 3828 1695 3896 plurima
1719 3844 1851 3896 pars
1877 3827 2218 3895 fabularum,
2245 3845 2388 3896 quae
2418 3847 2450 3882 a
2475 3845 2604 3898 poe-

1448 3900 1523 3952 tis
1549 3900 1958 3967 tractabantur,
1977 3899 2292 3967 petebatur.
2329 3929 2394 3938 ·-—
2424 3917 2606 3954 verum

1450 3969 1572 4041 aye]
1609 3970 1908 4039 Descripta
1943 3971 2092 4024 mala
2127 3971 2469 4038 condicione,
2496 3989 2607 4040 qua

1450 4042 1685 4096 scaenici
1733 4046 1934 4110 poetae
1969 4041 2180 4097 Romae
2231 4046 2484 4104 utantur,
2533 4042 2604 4096 ad

1449 4113 1694 4182 reliquos
1741 4117 1936 4182 poetas
1982 4115 2192 4168 transit
2237 4131 2349 4168 non
2395 4114 2608 4168 maiore

1448 4184 1644 4240 favore
1680 4185 1876 4253 populi
1913 4185 2221 4255 gaudentes
2256 4201 2460 4254 eosque
2491 4187 2605 4238 Au-

1447 4257 1600 4327 gusti
1648 4257 2074 4311 benevolentiae
2123 4256 2491 4312 commendat.
2533 4285 2606 4296 -

1448 4333 1502 4382 et
1535 4326 1647 4397 his]
1698 4329 1871 4382 etiam
1906 4328 2014 4381 his.
2072 4357 2138 4367 -
2193 4343 2382 4382 curam
2417 4326 2601 4396 redde]

1447 4405 1579 4468 post
1614 4405 1878 4468 pacatum
1914 4400 2110 4454 orbem
2148 4399 2464 4453 Romanum
2511 4415 2604 4453 cu-

1447 4487 1572 4526 ram
1607 4487 1776 4539 quam
1814 4471 1949 4525 olim
1993 4470 2240 4526 habuisti
2289 4471 2374 4524 his
2418 4472 2603 4539 rebus,

1446 4542 1636 4598 redde.
1710 4541 1872 4611 Quod
1909 4541 2192 4599 Bentleius
2234 4543 2295 4596 in
2333 4560 2444 4597 uno
2482 4543 2605 4598 cod.
