3092 5059
498 206 623 272 226
670 297 675 302 .

1461 201 1919 271 CARMINUM

697 392 931 490 Ripas
984 406 1061 468 et
1113 418 1440 468 vacuum
1490 417 1761 468 nemus

901 515 1173 591 Mirari
1223 515 1435 590 libet.

1536 514 1606 592 O
1661 512 2045 590 Naiadum
2096 527 2366 612 potens

617 673 664 714 ιε,
701 640 1329 740 Baccharumque
1379 640 1805 715 valentium

901 767 1266 842 Proceras
1318 766 1673 841 manibus
1725 778 2028 841 vertere
2079 766 2451 858 fraxinos,

697 891 828 966 Nil
883 918 1208 988 parvum
1265 905 1394 968 aut
1444 890 1720 967 humili
1773 889 2035 987 mode,

898 1016 1028 1092 Nil
1081 1015 1403 1091 mortale
1452 1015 1753 1115 loquar.

702 1140 768 1218 Ο
823 1141 1148 1237 Lenaee,
1203 1141 1423 1239 sequi
1474 1140 1706 1216 deum

1850 1015 2094 1091 Dulce
2144 1018 2578 1120 periculum
2638 1034 2780 1117 est,

613 1297 666 1338 ιο
901 1265 1357 1364 Cingentem
1408 1266 1645 1341 viridi
1692 1279 2044 1363 tempora
2092 1269 2484 1370 pampino,

1365 1622 1747 1710 CARMEN
1820 1624 2112 1712 XXVI.

896 1806 1075 1881 Vixi
1125 1807 1405 1907 puellis
1458 1833 1706 1904 nuper
1752 1807 2075 1884 idoneus

898 1932 992 2005 Et
1041 1932 1369 2008 militavi
1420 1959 1576 2008 non
1629 1932 1795 2009 sine
1845 1931 2130 2031 gloria3

491 2198 597 2253 hoc
632 2202 854 2253 tantum
900 2200 1116 2268 volunt,
1154 2204 1219 2253 ut
1265 2217 1449 2255 sacras
1495 2200 1642 2271 regi-

493 2287 626 2324 ones
663 2271 749 2324 vel
800 2271 1065 2325 sublimes
1113 2276 1170 2325 et
1215 2271 1398 2327 adhuc
1442 2278 1644 2341 poetae

490 2341 796 2396 intentatas
853 2360 942 2397 res
1002 2346 1136 2412 apta
1188 2343 1457 2413 allegoria
1514 2344 1642 2397 illu-

490 2417 692 2467 strent.

563 2484 628 2539 V.
660 2487 743 2538 12.
779 2490 843 2538 ut
893 2485 1168 2556 coniunge
1191 2502 1316 2540 cum
1341 2500 1449 2538 non
1473 2501 1640 2540 secus.

493 2555 564 2610 cf.
604 2556 785 2610 Carm.
855 2558 991 2622 ,16
1020 2559 1051 2610 7
1073 2575 1193 2626 sqq.
1231 2557 1340 2612 Cic.
1366 2556 1526 2610 Brut.
1556 2558 1641 2625 60,

496 2628 596 2680 188
636 2628 883 2753 1perinde
955 2658 1020 2668 —
1092 2634 1179 2696 ut,
1235 2646 1379 2697 quae
1432 2630 1642 2697 species

491 2716 634 2768 quae
677 2717 768 2753 am
803 2703 889 2753 est
945 2700 1374 2755 constructionis
1413 2701 1486 2754 ad
1522 2718 1641 2755 sen-

491 2787 613 2823 sum
669 2787 812 2839 quae
865 2777 1114 2826 vocatur.
1198 2772 1478 2826 Nimirum
1533 2789 1642 2827 non

488 2842 942 2996 ἷῗέὧῗῖἓῖῗῃ
966 2843 1641 2985 '23331333505323352

490 2985 579 3037 cui
601 2984 841 3039 relativa
860 2986 1161 3055 respondet
1179 2987 1458 3056 particula
1479 2992 1638 3041 ut.—

487 3055 679 3125 libet]
661 3074 696 3110 1.
714 3074 766 3125 q.
794 3056 977 3126 iuvat3
996 3075 1128 3112 nam
1149 3058 1308 3112 dulce
1327 3059 1641 3127 periculum

488 3131 594 3181 etc.
620 3155 686 3166 -
705 3129 958 3183 manibus
973 3130 1193 3199 vertere]
1207 3130 1540 3212 Exemplum
1569 3131 1641 3185 ad

488 3199 890 3253 ostendendam
914 3201 1200 3271 ingentem
1222 3202 1340 3255 vim
1374 3219 1485 3270 qua
1504 3201 1640 3256 deus

488 3271 632 3324 solet
676 3272 937 3341 implere3
976 3272 1046 3326 ab
1090 3272 1196 3327 hcc
1232 3272 1303 3326 ad
1339 3278 1638 3342 poetarum

488 3341 706 3396 Baccho
727 3343 1020 3411 plenorum
1034 3342 1506 3414 magnificentiam
1527 3362 1640 3399 non

488 3413 583 3466 lon
626 3432 659 3468 a
705 3419 790 3468 est
837 3416 1205 3470 concludendi
1243 3417 1352 3470 via.
1389 3446 1460 3456 —
1496 3433 1637 3472 mor-

487 3486 596 3539 tale
662 3484 697 3537 i.
746 3502 791 3539 e.
840 3487 983 3541 nihil
1029 3488 1178 3556 quod
1232 3487 1484 3543 homines
1541 3506 1641 3543 sua

487 3556 545 3609 vi
579 3573 777 3610 canere
814 3566 1061 3627 possunt.
1111 3589 1176 3598 —
1226 3559 1384 3614 dulce
1421 3561 1639 3630 pericu·

487 3627 621 3696 lum]
659 3645 984 3700 oxymoron,
1029 3636 1094 3685 ut
1139 3631 1290 3701 apud
1325 3630 1465 3686 Stat.
1505 3632 1638 3686 Silv.

486 3697 582 3766 IV,
633 3703 683 3768 6,
726 3702 813 3754 25.
861 3731 926 3741 —-
985 3701 1218 3770 Lenaee]
1264 3702 1385 3757 Hoc
1435 3721 1639 3758 nomen

487 3787 634 3897 ι’,ἓιιιΟ
669 3788 932 3909 Ριιιιιιίιῐιγιο
950 3773 1236 3913 8ossstgndliqt
1292 3773 1458 3900 deux?
1485 3776 1638 3901 elini·

485 3858 515 3896 c
638 3860 758 3897 arm
1225 3863 1389 3899 omen
1450 3864 1483 3900 a
1542 3864 1638 3900 um

485 3917 572 3968 est
608 3932 642 3968 a
679 3913 854 3984 ληνὸς,
882 3886 1031 3987 quo’d
1057 3918 1274 3972 Baccho
1308 3935 1528 3972 sacrum
1554 3924 1640 3973 est

486 3986 751 4041 torcular.
807 3989 879 4044 cf.
918 3989 990 4043 ad
1026 3990 1208 4044 Carm.
1248 3989 1292 4057 Ι,
1334 3992 1412 4044 18.

802 4147 1084 4202 Carmen
1122 4147 1322 4203 XXVI.

556 4267 731 4323 Poeta
790 4269 989 4323 Chloes
1051 4287 1240 4325 amore
1291 4275 1486 4340 captus
1540 4272 1639 4326 sed

485 4356 597 4393 non
634 4339 858 4394 auditus
896 4345 1058 4396 tanta
1079 4342 1424 4412 aegrimonia
1450 4347 1508 4397 et
1533 4344 1635 4397 tri-

484 4411 642 4465 stitia
664 4412 942 4481 obruitur,
967 4417 1031 4467 ut
1063 4414 1346 4468 amoribus
1385 4432 1498 4469 non
1522 4414 1637 4469 iam

485 4481 747 4538 idoneum
772 4501 830 4538 se
854 4485 1099 4539 sentiens
1133 4491 1420 4554 queratur.
1467 4487 1636 4553 „Fuit

484 4554 621 4607 olim
673 4572 799 4609 cum
865 4556 924 4609 in
990 4573 1180 4611 amore
1233 4556 1370 4611 felix
1431 4576 1637 4627 essem;

1743 2217 1891 2254 nunc
1938 2216 2093 2254 secus
2142 2203 2243 2254 est.
2321 2198 2401 2255 Ut
2444 2198 2612 2253 miles
2659 2198 2904 2253 militiae

1745 2271 2032 2326 laboribus
2066 2270 2312 2325 ferendis
2348 2271 2532 2340 impar
2579 2287 2742 2324 arma
2777 2288 2906 2325 mea

1744 2343 1946 2397 Veneri
1982 2343 2336 2411 suspendam.
2410 2342 2555 2396 Nam
2594 2342 2735 2411 quid
2767 2360 2902 2411 pro·

1742 2415 1912 2468 sunt?
1994 2414 2165 2468 Chloe
2224 2413 2484 2483 precibus
2538 2415 2678 2467 meis
2736 2431 2903 2468 aures

1742 2486 1878 2540 dare
1914 2489 2151 2540 recusat.
2234 2485 2344 2539 Sed
2380 2502 2545 2539 verus
2585 2489 2644 2538 et
2679 2491 2906 2553 spretus

1742 2574 1900 2611 amor
1931 2557 2146 2611 inultus
2184 2574 2298 2611 non
2346 2557 2482 2625 erit;
2526 2560 2610 2624 tu,
2646 2556 2769 2619 dea,
2813 2574 2901 2610 ar·

1741 2633 2036 2699 rogantem
2090 2628 2445 2699 castigabis.“
2537 2628 2662 2683 Hoc
2716 2634 2902 2682 extre-

1740 2718 1894 2755 mum
1930 2701 2011 2754 ita
2047 2700 2489 2771 intellegendum
2538 2716 2651 2753 non
2694 2705 2797 2767 est,
2835 2705 2903 2753 ut

1740 2789 1841 2826 suo
1881 2789 2071 2826 amore
2106 2772 2247 2827 velit
2283 2772 2409 2840 capi
2436 2771 2665 2836 Chloen,
2702 2771 2801 2825 sed
2838 2777 2902 2825 ut

1741 2843 1863 2968 iuge
1902 2843 2143 2969 qucham
2178 2843 2406 2970 taliotrzis
2442 2860 2549 2913 par
2586 2842 2717 2911 pari
2751 2843 2901 2969 rga-D

1739 2932 1804 2969 ra
1831 2932 1917 2969 ur.
2041 2933 2201 2970 cuna
2236 2933 2308 2969 au
2368 2934 2426 2969 m
2472 2931 2739 2969 carminis

1740 2992 1825 3041 est
1860 2986 2199 3055 dramatica3
2246 2991 2415 3055 poeta
2460 2985 2521 3039 in
2568 2986 2707 3039 aede
2744 2986 2900 3054 (vide

1742 3076 1792 3112 v.
1830 3058 1889 3127 4)
1942 3057 2175 3112 Veneris
2231 3076 2418 3113 secum
2479 3057 2752 3126 loquitur,
2797 3058 2896 3112 sed

1739 3130 1891 3184 clara
1926 3146 2094 3198 voce;
2150 3130 2352 3184 deinde
2398 3129 2688 3184 ministros
2740 3147 2899 3183 arma

1738 3205 2030 3269 portantes
2081 3201 2361 3270 deponere
2415 3200 2588 3265 iubet,
2644 3206 2769 3254 tum
2822 3201 2897 3255 ad

1738 3273 1901 3327 deam
1927 3290 2226 3327 conversus
2251 3272 2563 3327 vindictam
2588 3278 2775 3343 rogat.
2813 3273 2896 3327 De

1738 3349 1992 3414 tempore
2037 3344 2301 3399 carminis
2335 3344 2640 3398 admodum
2677 3344 2893 3399 lubrica

1738 3419 1824 3470 est
1873 3417 2207 3470 coniectura.

1808 3486 1873 3541 V.
1914 3488 1961 3541 2.
2018 3487 2279 3557 militam]
2332 3486 2501 3540 Haud
2554 3499 2689 3540 rara
2746 3486 2893 3555 apud

1736 3563 1930 3628 poetas
1978 3560 2286 3613 amantium
2332 3575 2457 3613 cum
2513 3558 2891 3613 militantibus

1737 3631 2109 3699 comparatio:
2151 3631 2333 3686 Carm.
2369 3629 2466 3698 IV,
2506 3633 2554 3693 1,
2601 3630 2685 3683 16.
2732 3628 2891 3683 Ovid.

1739 3703 1865 3755 Am.
1906 3702 1950 3770 Ι,
1986 3702 2036 3766 9,
2082 3704 2137 3755 1:
2200 3701 2450 3771 „Militat
2486 3701 2669 3755 omnis
2706 3718 2892 3755 amans

1738 3777 1795 3826 et
1838 3772 2010 3828 habet
2060 3791 2161 3828 sua
2207 3779 2391 3828 castra
2439 3773 2672 3841 Cupido.
2677 3773 2712 3801 “
2788 3772 2891 3839 Qui

1737 3844 1969 3898 Frankii
1997 3844 2376 3899 coniecturam
2393 3843 2586 3898 duellis
2616 3861 2725 3912 pro
2747 3845 2891 3913 puel-

1736 3916 1809 3970 lis
1845 3921 2177 3985 receperunt
2211 3916 2463 3979 (Linker.
2502 3914 2729 3969 Miiller.
2766 3916 2891 3969 Kel-

1737 3987 1942 4057 ler),e
2015 3990 2204 4058 egium
2249 4004 2475 4042 carmen
2521 3992 2890 4057 corruperunt

1736 4076 1838 4114 nec
1874 4060 1932 4114 vi
1974 4065 2155 4123 erunt,
2192 4059 2439 4113 diversas
2464 4058 2677 4142 formas
2701 4058 2890 4113 duellis

1739 4134 1797 4185 et
1822 4131 1953 4186 bello
1979 4149 2093 4185 non
2125 4149 2286 4215 posse
2321 4130 2588 4201 coniungi
2626 4130 2688 4183 in
2713 4130 2889 4185 tribus

1735 4203 1993 4285 proxime
2016 4204 2215 4272 positis
2251 4201 2524 4256 versibus.
2542 4230 2609 4241 —
2634 4200 2886 4270 ι’ἀοοιιιιο]

1736 4273 1773 4328 i.
1786 4291 1833 4328 e.
1851 4292 2015 4343 quem
2029 4275 2252 4345 puellae
2270 4277 2544 4341 amarent,
2563 4274 2663 4342 qui
2686 4273 2884 4342 puellis

1734 4346 1999 4415 placeret.
2062 4346 2153 4402 Sic
2191 4346 2359 4427 apud
2382 4344 2619 4412 Quintil.
2655 4344 2732 4412 11,
2766 4345 2817 4412 3,
2857 4347 2879 4395 l

1734 4417 1916 4472 idom
1954 4416 2167 4474 rhetori
2203 4416 2360 4487 pueri
2393 4421 2527 4470 sunt
2557 4417 2722 4485 pueri
2754 4384 2881 4469 stitis

1738 4488 1934 4556 adulti,
1972 4490 2068 4558 qui
2094 4490 2307 4545 rhetori
2342 4488 2662 4554 tradantur,
2696 4488 2792 4557 qui
2816 4486 2881 4538 ab

1737 4560 1965 4616 rhetore
2001 4562 2395 4629 instituantur,
2434 4564 2493 4614 et
2519 4559 2590 4615 cf.
2617 4559 2796 4629 Epist.
2815 4557 2879 4626 11,
