3092 5059
1062 229 1223 296 LIB.
1263 230 1315 297 Ι.
1358 227 1630 296 ΕΡῙΒΤ.
1673 228 1792 294 XI.
2498 226 2622 292 539

328 414 705 492 Incolumi
757 415 1069 492 Rhodos
1122 429 1198 494 et
1246 416 1620 513 Mytilene
1664 415 1990 518 pulchra
2033 416 2226 491 facit
2277 414 2486 516 quod

330 541 669 618 Paenula
719 542 1063 638 solstitio,
1120 555 1545 639 campestre
1597 541 1974 618 nivalibus
2016 543 2245 637 auris,

331 665 479 742 Per
529 667 880 743 brumam
937 666 1266 763 Tiberis,
1321 667 1595 745 Sextili
1644 691 1904 742 mense
1957 667 2323 742 caminus.

245 821 297 862 ω
332 791 531 866 Dum
582 791 764 867 licet
814 817 903 866 ac
958 790 1251 866 vultum
1308 806 1562 868 servat
1612 790 1956 867 Fortuna
2005 791 2449 889 benignum,

328 915 618 991 Romae
663 914 1025 992 laudetur
1074 917 1342 994 Samos
1397 929 1471 990 et
1522 915 1758 993 Chios
1814 929 1888 990 et
1936 915 2250 991 Rhodos
2295 916 2590 993 absens.

329 1041 469 1137 Tu,
526 1067 1089 1141 quamcumque
1138 1027 1325 1118 deus
1381 1042 1521 1118 tibi
1573 1041 2083 1118 fortunaverit
2135 1041 2428 1138 horam,

334 1169 575 1246 Grata
616 1191 831 1243 sume
883 1194 1115 1244 manu
1172 1195 1320 1243 neu
1374 1167 1632 1244 dulcia
1682 1167 1910 1243 differ
1963 1169 2041 1242 in
2085 1193 2392 1264 annum,

330 1293 429 1370 Ut
473 1317 964 1392 quocumque
1016 1293 1187 1368 loco
1242 1294 1500 1386 fueris,
1559 1295 1834 1369 vixisse
1883 1293 2214 1369 libenter

249 1449 300 1489 π
337 1417 447 1495 Te
494 1418 742 1494 dicas:
798 1445 978 1494 nam
1031 1421 1095 1495 si
1150 1419 1343 1495 ratio
1398 1431 1473 1495 et
1518 1419 1928 1520 prudentia
1978 1444 2220 1513 curas,

278 1587 285 1592 ·
332 1544 507 1619 Non
558 1542 771 1618 locus
825 1544 1045 1619 effusi
1096 1543 1249 1620 late
1300 1544 1532 1619 maris
1581 1545 1870 1619 arbiter
1919 1543 2191 1640 aufert,

340 1669 681 1765 Caelum,
721 1695 877 1744 non
911 1670 1253 1745 animum
1295 1682 1592 1744 mutant
1627 1671 1760 1768 qui
1800 1683 2011 1745 trans
2046 1695 2261 1744 mare
2291 1683 2630 1744 currunt.

334 1793 659 1870 Strenua
707 1819 848 1869 nos
897 1807 1201 1870 exercet
1250 1793 1561 1890 inertia3
1614 1795 1936 1870 navibus
1982 1808 2212 1893 atque

336 1918 751 2016 Quadrigis
804 1919 1135 2020 petimus
1180 1919 1379 1996 bene
1424 1919 1709 1995 vivere.
1757 1919 1987 2014 Quod
2040 1920 2262 2020 petis,
2317 1919 2444 1994 hic
2495 1931 2612 1995 est

252 2075 303 2115 ao
338 2043 473 2119 Est
521 2042 863 2141 Ulubris,
919 2044 1217 2118 animus
1268 2043 1333 2118 si
1385 2056 1457 2119 te
1509 2069 1666 2118 non
1724 2043 1984 2120 deficit
2033 2069 2346 2144 aequus.

235 2277 537 2334 laboranti.
598 2306 659 2316 —-
732 2275 872 2345 facit
914 2277 1085 2348 quod]
1136 2277 1219 2332 ita
1263 2281 1399 2346 apta
1484 2277 1805 2333 coniectura
1839 2276 2062 2332 Lehrsii
2101 2283 2153 2338 et
2185 2277 2321 2346 fusi.
2360 2277 2452 2334 Ad
2489 2297 2542 2334 v.
2562 2281 2632 2333 27

233 2353 337 2414 est,
396 2353 461 2404 ut
520 2349 555 2404 i.
601 2367 647 2404 e.
707 2367 819 2404 non
876 2367 935 2402 m
1010 2349 1057 2404 is
1112 2353 1246 2419 apta
1302 2353 1387 2404 est
1483 2366 1747 2419 compara
1785 2347 1972 2404 Seneo.
1981 2353 1986 2358 “
2011 2349 2116 2419 ΕΡ.
2152 2349 2253 2416 ΠΙ,
2293 2351 2347 2414 7,
2386 2353 2446 2404 1:
2481 2351 2634 2418 „-ani

237 2439 422 2491 quam.
495 2419 657 2475 Ovid.
696 2419 923 2475 Her-oid.
998 2463 1013 2484 ,
1054 2423 1187 2476 128:
1238 2420 1385 2490 „Me-
1482 2439 1636 2475 mum
1687 2421 1855 2476 debes
1911 2426 2150 2488 mutare,
2205 2438 2319 2475 non
2367 2423 2596 2478 caelum.
2605 2421 2631 2451 “

234 2493 374 2548 deae
399 2491 617 2546 faciunt
640 2494 713 2548 ad
737 2493 912 2548 scelus
939 2509 1105 2548 omne
1128 2494 1367 2559 manus;‘
1353 2492 1387 2522 “
1485 2523 1552 2532 -—
1589 2492 1828 2564 mutaemt]
1871 2492 1940 2546 cf.
1983 2491 2632 2562 Carm.11,16,19.-

235 2565 311 2620 id.
351 2564 489 2620 ibid.
529 2566 614 2632 15,
644 2565 703 2618 8:
746 2563 905 2634 „Non
942 2563 1081 2620 facit
1116 2563 1189 2620 ad
1226 2564 1386 2619 lacri-
1482 2565 1722 2620 Strenua
1763 2564 1993 2634 inertia]
2029 2581 2354 2633 oxymoron,
2392 2571 2456 2620 ut
2484 2565 2635 2635 apud

233 2653 355 2691 mas
381 2635 631 2690 barbitos
658 2635 773 2690 ulla
800 2635 1001 2691 measf‘
1031 2666 1097 2676 —
1118 2635 1387 2706 paenula]
1483 2635 1750 2691 Senecam
1788 2635 1858 2690 de
1893 2636 2046 2690 brev.
2089 2636 2189 2689 vit.
2233 2639 2316 2692 11.
2360 2637 2635 2692 desidiosa

232 2707 410 2763 vestis
433 2708 744 2778 gausapina
768 2707 859 2761 vel
884 2711 1119 2776 scortea,
1147 2725 1258 2778 quo
1287 2724 1388 2777 per
1483 2708 1789 2776 occupantia,
1825 2705 1894 2762 de
1931 2707 2222 2776 tranquill.
2248 2709 2416 2762 anim.
2450 2711 2514 2762 12
2549 2707 2632 2762 in·

234 2779 443 2834 itinera
480 2777 552 2833 ad
590 2779 891 2834 arcendum
927 2778 1109 2852 frigus
1156 2779 1389 2834 uteban-
1484 2780 1674 2849 quieta
1733 2779 1955 2834 inertia.
2027 2779 2172 2834 Nam
2227 2779 2480 2835 homines
2539 2781 2637 2849 qui

234 2857 345 2906 tur.
412 2851 767 2905 Contrarium
806 2855 892 2904 est
929 2857 1246 2921 campestre,
1283 2851 1387 2904 lin·
1484 2868 1704 2921 semper
1741 2868 1947 2920 magna
1983 2851 2292 2905 moliuntur
2340 2857 2637 2936 perpetuo-

233 2928 389 2978 teum
426 2921 851 2993 subligaculum,
879 2940 988 2991 quo
1015 2924 1241 2978 iuvenes
1270 2940 1387 2978 cor·
1484 2939 1592 2992 que
1629 2921 1824 2977 labore
1860 2927 2106 2993 aguntur
2143 2923 2518 3006 (exercentur),
2556 2925 2636 2978 ni·

235 3012 377 3065 pora
412 2999 731 3049 exercentes
755 2994 1015 3064 pudenda
1039 2994 1385 3065 operiebant,
1482 2993 1569 3048 hil
1607 2999 1795 3049 tamen
1871 2992 1982 3047 uod
2019 3011 2150 3048 vere
2183 2993 2394 3048 bonum
2426 2995 2502 3048 sit
2538 2999 2638 3050 aut

236 3071 424 3122 cetera
459 3065 615 3120 nudi.
1484 3084 1750 3136 magnum
1787 3064 1847 3120 ef
1883 3065 2059 3134 ciunt,
2094 3065 2238 3121 nihil
2279 3065 2505 3121 omnino
2531 3067 2637 3121 dif-

308 3137 373 3191 V.
392 3137 479 3190 22.
506 3137 590 3192 Tu
608 3137 1014 3207 quamcumque]
1036 3137 1239 3192 Omissi
1258 3141 1390 3192 sunt
1484 3137 1676 3193 ferunt
1707 3137 1779 3210 ab
1818 3137 1944 3191 aliis
1972 3138 2070 3205 qui
2095 3137 2238 3191 nihil
2265 3137 2464 3192 minati
2489 3143 2637 3194 sunt.

234 3210 295 3264 hi
337 3208 449 3264 duo
488 3225 676 3264 versus
716 3209 776 3263 in
807 3209 1039 3278 Cruquii
1074 3209 1388 3278 codicibus3
1488 3239 1551 3248 —
1614 3207 1864 3278 Ulubris]
1914 3207 2194 3278 „Ulubrae
2240 3210 2394 3264 locus
2431 3209 2491 3263 in
2526 3209 2637 3266 Ita-

238 3281 391 3352 quod
402 3280 678 3350 quomodo
698 3280 1055 3351 neglegentia
1080 3281 1391 3335 scribarum
1484 3281 1580 3347 lia,
1617 3281 1676 3334 in
1714 3297 1824 3350 quo
1868 3281 2119 3335 nutritus
2167 3287 2252 3336 est
2287 3281 2486 3336 Caesar
2523 3283 2637 3338 Au·

236 3353 363 3408 fieri
409 3352 669 3421 potuerit
707 3353 762 3406 h.
802 3353 838 3405 l.
890 3351 1249 3406 manifestum
1290 3357 1388 3407 est.
1563 3357 1699 3412 stus.
1735 3369 1862 3407 cum
1899 3353 1973 3406 sit
1999 3352 2406 3408 desertissimas
2430 3353 2636 3408 vicus.“

239 3424 549 3480 Abel-ravit
571 3424 766 3478 oculus
788 3441 835 3477 a.
860 3441 913 3478 v.
942 3423 1009 3476 22
1038 3423 1107 3477 ad
1131 3442 1184 3477 v.
1210 3425 1299 3492 24,
1327 3429 1391 3478 ut
1484 3371 1760 3494 {gt-playn
1840 3423 1978 3476 Cum
2013 3423 2102 3479 his
2139 3425 2416 3495 coniunge
2443 3425 2637 3482 Sueto·

239 3496 459 3551 omissis
494 3495 712 3550 duobus
758 3495 1028 3550 scriberet
1072 3513 1270 3550 manus
1310 3495 1391 3549 Tu
1484 3496 1642 3550 nium
1681 3495 1972 3551 Octavian.
2010 3499 2058 3550 6.
2117 3495 2640 3564 „Nutrimentorum

239 3583 569 3638 quocumque
604 3567 731 3632 loco,
766 3571 832 3622 ut
869 3573 953 3621 est
989 3567 1050 3620 in
1080 3565 1278 3621 iisdem
1304 3584 1390 3622 co·
1488 3568 1606 3621 eius
1644 3567 1960 3622 ostenditur
1985 3567 2168 3622 adhuc
2197 3567 2351 3623 locus
2387 3569 2448 3622 in
2483 3567 2638 3623 avito

238 3639 475 3693 dicibus.
505 3667 569 3678 -
608 3643 773 3706 arata
809 3638 1001 3708 manu]
1038 3637 1110 3690 cf.
1136 3638 1318 3708 Epist.
1344 3639 1391 3707 1,
1486 3638 1808 3694 suburbano
1873 3639 2032 3694 iuxta
2063 3639 2380 3695 .Ve1itrae.“
2456 3638 2640 3707 Quare

240 3713 292 3778 4,
340 3713 420 3763 14.
458 3739 531 3749 -
566 3708 792 3779 arbiter]
836 3708 905 3765 cf.
945 3709 1127 3764 Carm.
1154 3709 1199 3778 1,
1188 3657 1277 3777 p‚3
1309 3711 1394 3771 15.
1487 3710 1753 3780 reliquias
1801 3709 2142 3765 Ulubrarum
2187 3727 2336 3766 nunc
2391 3711 2500 3766 sibi
2553 3729 2638 3766 re-

238 3750 340 3836 ubi
374 3781 445 3834 de
482 3785 649 3836 vento
686 3782 932 3851 positum
984 3786 1095 3850 est3
1148 3781 1277 3836 h.1.
1316 3783 1391 3837 lo-
1487 3783 1676 3852 perire
1721 3781 1829 3836 visi
1877 3785 2011 3836 sunt
2055 3781 2111 3836 in
2150 3783 2442 3852 parietinis
2489 3783 2640 3838 inter

240 3867 339 3908 cus
379 3858 463 3906 est
498 3851 668 3907 maris
716 3853 945 3918 arbiter,
996 3823 1129 3922 quia
1166 3871 1391 3923 prospe-
1500 3855 1722 3910 Velletri
1775 3853 2068 3922 (Velitrae)
2124 3858 2182 3908 et
2227 3853 2374 3910 Mole
2421 3855 2484 3908 di
2535 3855 2638 3910 Ta-

243 3930 398 3980 ctum
433 3925 605 3978 maris
640 3925 897 3993 praebet;
936 3925 1129 3980 eadem
1195 3943 1268 3980 ua
1292 3943 1393 3980 nos
1490 3927 1662 3982 berna
1699 3923 1769 3980 ad
1805 3925 1954 3978 viam
1991 3925 2252 3994 Appiam.
2317 3925 2510 3981 Iuven.
2543 3927 2639 3990 lv,

240 3997 457 4050 utimur
493 3996 848 4065 metaphora:
888 3997 979 4052 ein
1001 3995 1123 4065 Ort,
1197 4014 1260 4051 er
1295 3996 1394 4052 das
1494 4001 1578 4059 10.
1622 3999 1747 4053 102:
1787 3995 2013 4065 „vacuis
2051 3995 2330 4052 Ulubris.“

242 4067 400 4122 Meer
436 4067 779 4122 beherrscht.
854 4067 1057 4124 Carere
1102 4085 1395 4139 possumus

1245 4341 1644 4356 m
