3092 5059
458 215 582 278 650

555 397 803 496 Hoc,“
852 402 1104 478 aiebat
1156 416 1282 498 „et
1322 402 1545 478 hoc.“

1532 215 1792 282 LIBER

1649 402 1926 478 Melius
1981 415 2057 477 te
2108 427 2336 499 posse
2386 425 2712 496 negares

453 556 531 594 ,ιω
558 524 691 599 Bis
744 539 1013 624 terque
1064 539 1459 622 expertum
1515 513 1827 623 frustra,
1888 526 2150 602 delere
2197 525 2514 602 iubebat

550 651 645 724 Et
696 650 897 727 male
948 665 1291 728 tornatos
1338 652 1605 727 incudi
1654 651 1986 728 reddere
2033 676 2340 726 versus:

552 774 631 851 Si
688 776 1109 852 defendere
1162 775 1521 852 delictum
1565 802 1795 876 quam
1849 788 2150 852 vertere
2195 773 2485 870 malles,

550 899 867 976 Nullum
905 902 1111 978 ultra
1146 903 1466 978 verbum
1508 917 1642 978 aut
1687 927 2006 1002 operam
2042 901 2476 976 insumebat
2515 900 2864 994 inanem,

555 1025 761 1116 Quin
815 1027 981 1102 sine
1032 1026 1259 1103 rivali
1308 1041 1543 1126 teque
1599 1040 1673 1104 et
1720 1041 1854 1102 tua
1905 1027 2112 1102 solus
2164 1051 2486 1102 amares.

452 1180 527 1220 445
556 1150 698 1225 Vir
746 1152 994 1228 bonus
1047 1165 1125 1228 et
1178 1152 1517 1252 prudens
1572 1179 1836 1228 versus
1895 1151 2408 1250 reprehendet
2455 1150 2766 1242 inertes,

555 1273 923 1374 culpabit
972 1277 1227 1372 duroS,
1283 1277 1694 1377 incomptis
1736 1278 2006 1354 allinet
2055 1289 2304 1353 atrum

552 1400 1021 1478 Transverso
1077 1402 1373 1478 calamo
1428 1403 1759 1500 signum,
1813 1403 2224 1480 ambitiosa
2275 1399 2568 1478 recidet

555 1523 1048 1624 Ornamenta,
1103 1552 1383 1627 parum
1434 1528 1662 1604 claris
1715 1527 1968 1604 lucem
2022 1528 2214 1604 dare
2266 1538 2510 1624 coget,

552 1652 854 1748 Arguet
907 1653 1270 1750 ambigue
1327 1652 1639 1748 dictum,
1693 1652 2064 1730 mutanda
2115 1653 2434 1746 notabit,

452 1808 529 1849 ιω
553 1776 725 1852 Fiet
776 1775 1287 1874 Aristarchus,
1346 1806 1491 1856 nec
1543 1780 1790 1855 dicet:
1843 1780 2056 1878 „Cur
2105 1805 2255 1878 ego
2299 1779 2632 1854 amicum

556 1901 965 1978 Offendam
1019 1905 1101 1978 in
1154 1907 1380 2004 nugis
1398 1901 1489 1978 ?“

1597 1906 1812 1982 Haec
1864 1930 2118 2003 nugae
2159 1905 2360 1980 seria
2404 1903 2684 1979 ducent

555 2027 649 2100 In
704 2027 909 2102 mala
960 2027 1297 2106 derisum
1348 2030 1587 2107 semel
1635 2044 2194 2130 exceptumque
2245 2030 2572 2105 sinistre.

552 2151 661 2227 Ut
711 2152 917 2228 mala
969 2179 1197 2252 quem
1250 2157 1545 2239 scabies
1593 2170 1724 2231 aut
1773 2157 2092 2232 morbus
2147 2157 2410 2252 regius
2457 2166 2684 2250 urget

554 2275 715 2353 Aut
766 2276 1137 2354 fanaticus
1190 2306 1404 2356 error
1455 2293 1531 2355 et
1581 2281 1952 2356 iracunda
2001 2281 2267 2376 Diana,

452 2553 525 2608 ad
548 2553 729 2608 Carm.
748 2555 794 2623 Ι,
814 2556 903 2608 24.
948 2555 1093 2610 Tota
1113 2556 1221 2610 loci
1246 2560 1451 2611 natura
1475 2574 1597 2610 sua-

452 2625 565 2692 det,
603 2627 741 2680 haec
777 2643 902 2680 cum
948 2628 1341 2695 scriberentur,
1378 2626 1602 2695 Quinti·

451 2697 591 2750 lium
631 2697 744 2751 iam
780 2698 951 2753 fuisse
995 2703 1295 2753 mortuum.
1335 2729 1401 2739 --
1439 2717 1598 2770 noya·

449 2767 559 2838 res]
595 2768 659 2821 In
695 2769 913 2838 protasi
960 2776 1047 2824 est
1082 2771 1285 2824 omissa
1321 2771 1602 2840 particula

448 2841 517 2894 si.
558 2869 624 2879 —
662 2841 747 2894 bis
792 2842 1001 2910 terque]
1044 2842 1173 2895 vide
1220 2842 1289 2896 ad
1328 2843 1505 2911 Epod.
1546 2845 1599 2910 5,

452 2913 539 2965 33.
606 2941 671 2951 —
724 2915 991 2982 tornatos]
1054 2912 1149 2981 „Si
1206 2913 1389 2967 minus
1448 2920 1600 2968 recte

449 2999 589 3051 opus
626 3001 784 3037 suum
809 2983 1133 3053 perfecisset
1170 2986 1377 3040 artifex
1402 2985 1461 3038 in
1486 3003 1598 3039 me-

452 3053 574 3108 talli
624 3057 963 3110 ornamentis
1006 3062 1171 3111 torno
1226 3057 1596 3124 elaborandis,

451 3131 882 3181 consentaneum
952 3133 1073 3182 erat
1146 3134 1210 3181 ut
1272 3129 1331 3181 in
1402 3128 1601 3183 incude

450 3198 689 3251 marculi
746 3197 951 3252 ictibus
1006 3201 1195 3254 omnia
1247 3201 1599 3267 tollerentur,

451 3273 517 3322 ut
552 3285 677 3322 cum
713 3269 1079 3325 rotundatum
1128 3278 1273 3326 esset
1310 3273 1599 3326 metallum

450 3340 633 3395 denuo
670 3345 837 3395 torno
868 3342 1299 3397 includeretur.“
1337 3342 1596 3397 Orellius.

451 3412 535 3465 De
580 3413 907 3482 metaphora
954 3414 1211 3482 Propert.
1260 3414 1332 3480 11,
1370 3417 1459 3472 34.
1498 3416 1596 3467 43:

452 3483 677 3553 „incipe
732 3485 845 3538 iam
897 3491 1133 3555 angusto
1178 3503 1371 3540 versus
1422 3487 1597 3540 inclu-

449 3554 583 3608 dere
606 3557 825 3610 torno.“
850 3587 915 3596 -
943 3558 1081 3626 quin
1112 3557 1347 3626 mares]
1386 3557 1600 3612 Pendet

449 3631 595 3695 part.
650 3629 781 3695 quin
840 3647 909 3682 ex
976 3629 1204 3683 notione
1262 3629 1600 3697 prohibendi

452 3715 619 3766 quam
654 3700 825 3753 sentis
852 3700 1027 3754 inesse
1060 3701 1121 3754 in
1156 3701 1342 3754 verbis
1377 3715 1600 3770 operam

450 3769 729 3824 insumere.
782 3799 845 3810 -
894 3771 1117 3841 inertes]
1154 3773 1273 3826 sine
1314 3772 1600 3841 gravitate

449 3841 646 3908 factos,
668 3842 859 3896 inanes
878 3871 944 3882 -
964 3848 1149 3896 atrum
1170 3843 1411 3912 signum]
1446 3844 1597 3898 Pers.

450 3915 503 3980 4,
558 3914 643 3965 18:
720 3913 832 3980 „Et
879 3915 1029 3983 potis
1086 3933 1141 3968 es
1187 3915 1412 3984 nigrum
1456 3916 1598 3970 vitio

450 3982 761 4066 praefigere
803 3984 1011 4040 theta.“
1049 3985 1217 4040 Mart.
1256 3985 1378 4046 VII,
1414 3988 1501 4054 37,
1544 3991 1596 4040 1:

452 4055 649 4122 „Nosti
704 4057 1056 4110 mortiferum
1114 4058 1451 4125 quaestoris,
1500 4057 1598 4112 Ca-

451 4127 636 4188 strice,
674 4127 933 4196 signum?
982 4128 1086 4182 Est
1122 4146 1325 4198 operae
1354 4129 1598 4197 pretium

449 4198 663 4252 discere
695 4199 854 4253 theta
889 4203 1149 4254 novum.“
1224 4199 1397 4254 Obelo
1427 4217 1597 4270 appo-

450 4269 559 4322 sito
614 4287 835 4324 versum
883 4270 1177 4325 delendum
1228 4289 1345 4325 esse
1389 4272 1598 4326 indica·

452 4345 573 4408 tur3
630 4345 813 4394 atrum
870 4348 1055 4396 autem
1112 4343 1333 4412 signum
1390 4343 1599 4397 dicitur

449 4409 653 4466 festiva
689 4412 915 4484 dilogia.
956 4443 1021 4453 -—
1060 4415 1371 4482 ambitiosa]
1408 4431 1597 4483 super-

452 4497 693 4561 vacanea
728 4483 963 4552 ideoque
994 4485 1269 4540 nocentia.
1308 4485 1597 4554 Significa-

457 4553 666 4606 tionem
700 4555 988 4626 intelleges
1020 4575 1087 4610 ex
1108 4555 1279 4611 Plinii
1298 4556 1421 4611 loco
1439 4557 1507 4611 N.
1527 4557 1596 4612 H.

1693 2556 1761 2620 V,
1785 2560 1868 2620 15,
1897 2558 1992 2610 15:
2035 2555 2335 2624 „Iordanes
2360 2555 2538 2609 amnis
2563 2572 2856 2618 amoenus,

1695 2634 1753 2683 et
1798 2633 2073 2697 quatenus
2120 2628 2372 2682 locorum
2417 2625 2560 2680 situs
2611 2626 2854 2694 patitur,

1695 2700 2072 2754 ambitiosus.“
2113 2698 2184 2753 cf.
2221 2698 2402 2767 Epist.
2432 2697 2505 2762 H,
2531 2699 2584 2762 2,
2615 2699 2738 2750 122.
2779 2728 2848 2737 —

1694 2771 2080 2838 Aristarchus]
2123 2769 2560 2836 samothracius,
2606 2769 2760 2823 cirea
2799 2788 2854 2823 a.

1701 2843 1802 2895 154
1857 2861 1906 2896 a.
1961 2841 2090 2896 chr.
2140 2859 2196 2895 n.
2245 2841 2633 2895 Alexandreae
2683 2841 2852 2894 vixit.

1696 2914 1802 2981 Qui
1863 2931 1989 2968 eum
2033 2931 2226 2968 severe
2275 2913 2344 2966 de
2389 2911 2620 2966 Homeri
2673 2914 2852 2966 versi·

1693 2986 1816 3050 bus,
1865 3002 2002 3054 quos
2050 2985 2260 3039 alienos
2313 2984 2562 3048 haberet,
2609 2983 2854 3037 iudicas-

1693 3062 1795 3124 set,
1833 3056 2150 3126 exemplum
2193 3055 2380 3110 factus
2426 3060 2512 3110 est
2547 3056 2728 3110 severi
2765 3056 2854 3108 iu·

1694 3129 1850 3184 dicis.
1879 3128 1990 3183 Cic.
2020 3127 2131 3182 Pis.
2161 3131 2254 3182 30:
2297 3127 2604 3194 „Quoniam
2639 3131 2698 3180 te
2733 3143 2852 3180 non

1693 3200 2100 3263 Aristarchum,
2139 3199 2237 3254 sed
2271 3198 2538 3253 Phalarin
2569 3215 2850 3267 grmnine·

1693 3273 1868 3326 ticum
1903 3271 2189 3338 habemus,
2234 3271 2330 3338 qui
2367 3287 2480 3324 non
2517 3277 2710 3322 notam
2747 3287 2848 3338 ap-

1691 3361 1866 3413 ponas
1915 3342 1988 3398 ad
2033 3343 2242 3397 malum
2294 3359 2536 3408 versum,
2579 3340 2678 3394 sed
2713 3357 2846 3408 poe-

1692 3420 1810 3469 tam
1852 3415 2021 3469 armis
2068 3413 2457 3484 persequare.“
2527 3411 2602 3465 id.
2639 3413 2764 3466 Att.
2803 3413 2850 3472 Ι,

1699 3487 1790 3541 14:
1863 3484 2196 3554 „Orationes
2251 3501 2430 3552 meae,
2487 3499 2724 3552 quarum
2779 3489 2848 3536 tu

1692 3557 2054 3612 Aristarchus
2090 3557 2197 3611 es.“

1762 3629 1828 3684 V.
1867 3630 1988 3682 453.
2046 3629 2179 3682 Tam
2213 3643 2452 3682 seems·
2487 3627 2554 3681 de
2587 3626 2846 3680 mini-

1693 3703 1793 3755 bus
1848 3699 2116 3754 iudicium
2185 3698 2548 3753 necessarium
2619 3701 2716 3762 est,
2779 3713 2850 3750 nc

1688 3778 1880 3842 poetae
1922 3787 2074 3826 caeco
2121 3771 2210 3824 sui
2257 3785 2440 3824 amore
2483 3769 2635 3836 eapti
2679 3773 2732 3821 ct
2779 3769 2842 3820 in

1691 3843 1918 3898 insania
1955 3859 2058 3896 sua
2113 3842 2224 3897 vim
2269 3841 2520 3894 divinam
2567 3845 2844 3894 arvae-tes

1691 3915 1856 3970 iratis
1897 3913 2010 3968 diis
2049 3919 2302 3981 poemata
2343 3911 2560 3978 faciant
2609 3909 2842 3964 homini—

1691 3987 1888 4056 busque
1938 3984 2208 4039 molestias
2249 3989 2442 4038 erm.
2517 4001 2608 4036 vv.
2657 3983 2842 4034 452-

1692 4059 1814 4111 476.
1851 4056 2180 4124 Respondet
2215 4055 2398 4110 exitus
2433 4053 2616 4117 initio,
2651 4053 2840 4122 imago

1693 4129 1873 4183 insani
1919 4133 2120 4196 poetae
2163 4127 2399 4197 imagini
2455 4129 2844 4178 monstruosae

1691 4200 1922 4270 figurae.
1985 4198 2076 4253 Sic
2109 4198 2375 4252 Orellius:
2416 4202 2476 4250 at
2509 4214 2622 4251 non
2655 4213 2844 4250 assen-

1691 4273 1836 4326 titur
1859 4269 2196 4333 Doederlin.,
2224 4270 2320 4338 qui
2349 4267 2620 4324 eiusmodi
2654 4267 2842 4320 lusum

1691 4344 1914 4398 inanem
1970 4343 2258 4410 imponere
2307 4347 2536 4394 veretur
2580 4338 2842 4400 Horatio,

1690 4414 2047 4552 ἓέἓῖρίαιαᾳῗ
2065 4412 2848 4554 ᾳὲἷὲρῗοξέἑὲᾎξῗὲζαῑ

1692 4557 1844 4612 dant.
1885 4585 1950 4596 --
1989 4557 2201 4611 morbus
2240 4555 2448 4626 κρίκε]
2485 4553 2714 4608 morbus
2753 4571 2844 4608 ar·
