<?xml version="1.0" encoding="UTF-8"?>
<!DOCTYPE html PUBLIC "-//W3C//DTD XHTML 1.0 Transitional//EN"
    "http://www.w3.org/TR/xhtml1/DTD/xhtml1-transitional.dtd">
<html xmlns="http://www.w3.org/1999/xhtml" xml:lang="en" lang="en">
 <head>
  <title>
</title>
<meta http-equiv="Content-Type" content="text/html;charset=utf-8" />
  <meta name='ocr-system' content='tesseract 3.04.00' />
  <meta name='ocr-capabilities' content='ocr_page ocr_carea ocr_par ocr_line ocrx_word'/>
</head>
<body>
  <div class='ocr_page' id='page_1' title='image "./qhoratiiflaccio05unkngoog/qhoratiiflaccio05unkngoog_0499.png"; bbox 0 0 3092 5059; ppageno 0'>
   <div class='ocr_carea' id='block_1_1' title="bbox 1159 250 1827 317">
    <p class='ocr_par' dir='ltr' id='par_1_1' title="bbox 1159 250 1827 317">
     <span class='ocr_line' id='line_1_1' title="bbox 1159 250 1827 317; baseline -0.003 -1"><span class='ocrx_word' id='word_1_1' title='bbox 1159 250 1318 317; x_wconf 92' lang='lat' dir='ltr'><strong>LIB.</strong></span> <span class='ocrx_word' id='word_1_2' title='bbox 1361 251 1446 316; x_wconf 93' lang='lat' dir='ltr'><strong>II.</strong></span> <span class='ocrx_word' id='word_1_3' title='bbox 1490 250 1675 315; x_wconf 79' lang='lat' dir='ltr'><strong>SAT.</strong></span> <span class='ocrx_word' id='word_1_4' title='bbox 1720 250 1827 315; x_wconf 88' lang='lat' dir='ltr'><strong>VI.</strong></span> 
     </span>
    </p>
   </div>
   <div class='ocr_carea' id='block_1_2' title="bbox 2562 248 2687 313">
    <p class='ocr_par' dir='ltr' id='par_1_2' title="bbox 2562 248 2687 313">
     <span class='ocr_line' id='line_1_2' title="bbox 2562 248 2687 313; baseline 0 0"><span class='ocrx_word' id='word_1_5' title='bbox 2562 248 2687 313; x_wconf 85' lang='lat'><strong>469</strong></span> 
     </span>
    </p>
   </div>
   <div class='ocr_carea' id='block_1_3' title="bbox 1240 438 1765 527">
    <p class='ocr_par' dir='ltr' id='par_1_3' title="bbox 1240 438 1765 527">
     <span class='ocr_line' id='line_1_3' title="bbox 1240 438 1765 527; baseline -0.008 0"><span class='ocrx_word' id='word_1_6' title='bbox 1240 438 1573 527; x_wconf 79' lang='lat' dir='ltr'>SATIRA</span> <span class='ocrx_word' id='word_1_7' title='bbox 1632 438 1765 525; x_wconf 88' lang='lat' dir='ltr'><strong>VI.</strong></span> 
     </span>
    </p>
   </div>
   <div class='ocr_carea' id='block_1_4' title="bbox 334 603 2682 1207">
    <p class='ocr_par' dir='ltr' id='par_1_4' title="bbox 392 603 2569 1079">
     <span class='ocr_line' id='line_1_4' title="bbox 393 603 2484 704; baseline -0.003 -21"><span class='ocrx_word' id='word_1_8' title='bbox 393 605 568 683; x_wconf 85' lang='lat' dir='ltr'><strong>Hoc</strong></span> <span class='ocrx_word' id='word_1_9' title='bbox 619 619 784 682; x_wconf 85' lang='lat' dir='ltr'><strong>erat</strong></span> <span class='ocrx_word' id='word_1_10' title='bbox 831 604 912 680; x_wconf 89' lang='lat' dir='ltr'><strong>in</strong></span> <span class='ocrx_word' id='word_1_11' title='bbox 963 606 1198 681; x_wconf 80' lang='lat' dir='ltr'><strong>votis:</strong></span> <span class='ocrx_word' id='word_1_12' title='bbox 1243 605 1518 681; x_wconf 89' lang='lat' dir='ltr'><strong>modus</strong></span> <span class='ocrx_word' id='word_1_13' title='bbox 1565 606 1738 704; x_wconf 77' lang='lat' dir='ltr'><strong>agri</strong></span> <span class='ocrx_word' id='word_1_14' title='bbox 1780 631 1935 679; x_wconf 91' lang='lat' dir='ltr'><strong>non</strong></span> <span class='ocrx_word' id='word_1_15' title='bbox 1983 603 2089 679; x_wconf 84' lang='lat' dir='ltr'><strong>ita</strong></span> <span class='ocrx_word' id='word_1_16' title='bbox 2140 627 2484 701; x_wconf 84' lang='lat' dir='ltr'><strong>magnus,</strong></span> 
     </span>
     <span class='ocr_line' id='line_1_5' title="bbox 393 728 2367 828; baseline -0.004 -20"><span class='ocrx_word' id='word_1_17' title='bbox 393 732 686 808; x_wconf 85' lang='lat' dir='ltr'><strong>Hortus</strong></span> <span class='ocrx_word' id='word_1_18' title='bbox 737 730 872 806; x_wconf 88' lang='lat' dir='ltr'><strong>ubi</strong></span> <span class='ocrx_word' id='word_1_19' title='bbox 924 744 1001 807; x_wconf 90' lang='lat' dir='ltr'><strong>et</strong></span> <span class='ocrx_word' id='word_1_20' title='bbox 1049 744 1250 806; x_wconf 86' lang='lat' dir='ltr'><strong>tecto</strong></span> <span class='ocrx_word' id='word_1_21' title='bbox 1305 730 1594 806; x_wconf 84' lang='lat' dir='ltr'><strong>vicinus</strong></span> <span class='ocrx_word' id='word_1_22' title='bbox 1648 730 1845 828; x_wconf 84' lang='lat' dir='ltr'><strong>iugis</strong></span> <span class='ocrx_word' id='word_1_23' title='bbox 1899 754 2143 817; x_wconf 78' lang='lat' dir='ltr'><strong>aquae</strong></span> <span class='ocrx_word' id='word_1_24' title='bbox 2194 728 2367 802; x_wconf 85' lang='lat' dir='ltr'><strong>fons</strong></span> 
     </span>
     <span class='ocr_line' id='line_1_6' title="bbox 393 853 2569 955; baseline -0 -26"><span class='ocrx_word' id='word_1_25' title='bbox 393 858 490 929; x_wconf 81' lang='lat' dir='ltr'><strong>Et</strong></span> <span class='ocrx_word' id='word_1_26' title='bbox 539 854 852 955; x_wconf 89' lang='lat' dir='ltr'><strong>paulum</strong></span> <span class='ocrx_word' id='word_1_27' title='bbox 904 855 1142 933; x_wconf 82' lang='lat' dir='ltr'><strong>silvae</strong></span> <span class='ocrx_word' id='word_1_28' title='bbox 1195 882 1426 953; x_wconf 87' lang='lat' dir='ltr'><strong>super</strong></span> <span class='ocrx_word' id='word_1_29' title='bbox 1472 856 1594 932; x_wconf 89' lang='lat' dir='ltr'><strong>his</strong></span> <span class='ocrx_word' id='word_1_30' title='bbox 1649 859 1871 932; x_wconf 84' lang='lat' dir='ltr'><strong>foret.</strong></span> <span class='ocrx_word' id='word_1_31' title='bbox 1965 853 2281 930; x_wconf 86' lang='lat' dir='ltr'><strong>Auctius</strong></span> <span class='ocrx_word' id='word_1_32' title='bbox 2337 866 2569 953; x_wconf 85' lang='lat' dir='ltr'><strong>atque</strong></span> 
     </span>
     <span class='ocr_line' id='line_1_7' title="bbox 392 980 2418 1079; baseline -0.001 -23"><span class='ocrx_word' id='word_1_33' title='bbox 392 982 492 1057; x_wconf 87' lang='lat' dir='ltr'><strong>Di</strong></span> <span class='ocrx_word' id='word_1_34' title='bbox 539 980 814 1057; x_wconf 90' lang='lat' dir='ltr'><strong>melius</strong></span> <span class='ocrx_word' id='word_1_35' title='bbox 869 984 1148 1059; x_wconf 84' lang='lat' dir='ltr'><strong>fecere.</strong></span> <span class='ocrx_word' id='word_1_36' title='bbox 1246 984 1460 1059; x_wconf 89' lang='lat' dir='ltr'><strong>Bene</strong></span> <span class='ocrx_word' id='word_1_37' title='bbox 1512 995 1661 1059; x_wconf 85' lang='lat' dir='ltr'><strong>est:</strong></span> <span class='ocrx_word' id='word_1_38' title='bbox 1714 980 1821 1055; x_wconf 90' lang='lat' dir='ltr'><strong>nil</strong></span> <span class='ocrx_word' id='word_1_39' title='bbox 1874 980 2203 1079; x_wconf 87' lang='lat' dir='ltr'><strong>amplius</strong></span> <span class='ocrx_word' id='word_1_40' title='bbox 2258 1004 2418 1076; x_wconf 86' lang='lat' dir='ltr'><strong>or0‚</strong></span> 
     </span>
    </p>

    <p class='ocr_par' dir='ltr' id='par_1_5' title="bbox 334 1103 2682 1207">
     <span class='ocr_line' id='line_1_8' title="bbox 334 1103 2682 1207; baseline -0.002 -24"><span class='ocrx_word' id='word_1_41' title='bbox 334 1142 360 1183; x_wconf 77' lang='lat'>⁵</span> <span class='ocrx_word' id='word_1_42' title='bbox 395 1106 600 1183; x_wconf 87' lang='lat' dir='ltr'><strong>Maia</strong></span> <span class='ocrx_word' id='word_1_43' title='bbox 651 1119 849 1203; x_wconf 86' lang='lat' dir='ltr'><strong>nate,</strong></span> <span class='ocrx_word' id='word_1_44' title='bbox 901 1109 1052 1183; x_wconf 90' lang='lat' dir='ltr'><strong>nisi</strong></span> <span class='ocrx_word' id='word_1_45' title='bbox 1101 1122 1183 1183; x_wconf 90' lang='lat' dir='ltr'><strong>ut</strong></span> <span class='ocrx_word' id='word_1_46' title='bbox 1249 1108 1567 1207; x_wconf 89' lang='lat' dir='ltr'><strong>propria</strong></span> <span class='ocrx_word' id='word_1_47' title='bbox 1617 1107 1807 1183; x_wconf 84' lang='lat' dir='ltr'><strong>haec</strong></span> <span class='ocrx_word' id='word_1_48' title='bbox 1856 1105 2040 1181; x_wconf 90' lang='lat' dir='ltr'><strong>mihi</strong></span> <span class='ocrx_word' id='word_1_49' title='bbox 2094 1130 2415 1182; x_wconf 85' lang='lat' dir='ltr'><strong>munera</strong></span> <span class='ocrx_word' id='word_1_50' title='bbox 2458 1103 2682 1179; x_wconf 84' lang='lat' dir='ltr'><strong>faxis.</strong></span> 
     </span>
    </p>
   </div>
   <div class='ocr_carea' id='block_1_5' title="bbox 662 1343 1083 1399">
    <p class='ocr_par' dir='ltr' id='par_1_6' title="bbox 662 1343 1083 1399">
     <span class='ocr_line' id='line_1_9' title="bbox 662 1343 1083 1399; baseline -0.002 0"><span class='ocrx_word' id='word_1_51' title='bbox 662 1343 943 1399; x_wconf 86' lang='lat' dir='ltr'><strong>Satira</strong></span> <span class='ocrx_word' id='word_1_52' title='bbox 988 1343 1083 1399; x_wconf 78' lang='lat' dir='ltr'><strong>vl.</strong></span> 
     </span>
    </p>
   </div>
   <div class='ocr_carea' id='block_1_6' title="bbox 277 1455 1442 4675">
    <p class='ocr_par' dir='ltr' id='par_1_7' title="bbox 282 1455 1442 3587">
     <span class='ocr_line' id='line_1_10' title="bbox 367 1455 1440 1526; baseline 0 -15"><span class='ocrx_word' id='word_1_53' title='bbox 367 1455 670 1511; x_wconf 76' lang='lat' dir='ltr'>Consilium</span> <span class='ocrx_word' id='word_1_54' title='bbox 727 1458 878 1526; x_wconf 88' lang='lat' dir='ltr'><strong>quod</strong></span> <span class='ocrx_word' id='word_1_55' title='bbox 925 1458 985 1513; x_wconf 89' lang='lat' dir='ltr'><strong>in</strong></span> <span class='ocrx_word' id='word_1_56' title='bbox 1027 1456 1141 1513; x_wconf 86' lang='lat' dir='ltr'><strong>Sat.</strong></span> <span class='ocrx_word' id='word_1_57' title='bbox 1189 1457 1234 1525; x_wconf 94' lang='lat'><strong>1,</strong></span> <span class='ocrx_word' id='word_1_58' title='bbox 1280 1459 1315 1512; x_wconf 82' lang='lat'>9</span> <span class='ocrx_word' id='word_1_59' title='bbox 1359 1458 1440 1511; x_wconf 91' lang='lat' dir='ltr'><strong>in·</strong></span> 
     </span>
     <span class='ocr_line' id='line_1_11' title="bbox 289 1527 1442 1599; baseline 0 -16"><span class='ocrx_word' id='word_1_60' title='bbox 289 1545 410 1583; x_wconf 87' lang='lat' dir='ltr'><strong>esse</strong></span> <span class='ocrx_word' id='word_1_61' title='bbox 456 1527 706 1583; x_wconf 79' lang='lat' dir='ltr'><strong>videmus</strong></span> <span class='ocrx_word' id='word_1_62' title='bbox 764 1528 870 1585; x_wconf 85' lang='lat' dir='ltr'><strong>hoc</strong></span> <span class='ocrx_word' id='word_1_63' title='bbox 919 1547 1140 1599; x_wconf 88' lang='lat' dir='ltr'><strong>quoque</strong></span> <span class='ocrx_word' id='word_1_64' title='bbox 1186 1534 1442 1599; x_wconf 75' lang='lat' dir='ltr'><strong>poemate</strong></span> 
     </span>
     <span class='ocr_line' id='line_1_12' title="bbox 291 1600 1440 1656; baseline 0 -1"><span class='ocrx_word' id='word_1_65' title='bbox 291 1602 542 1655; x_wconf 86' lang='lat' dir='ltr'><strong>secutum</strong></span> <span class='ocrx_word' id='word_1_66' title='bbox 588 1616 706 1655; x_wconf 88' lang='lat' dir='ltr'><strong>esse</strong></span> <span class='ocrx_word' id='word_1_67' title='bbox 739 1600 1041 1656; x_wconf 72' lang='lat' dir='ltr'><strong>Horatium</strong></span> <span class='ocrx_word' id='word_1_68' title='bbox 1083 1600 1440 1655; x_wconf 83' lang='lat' dir='ltr'><strong>manifestum</strong></span> 
     </span>
     <span class='ocr_line' id='line_1_13' title="bbox 291 1671 1442 1743; baseline -0.001 -16"><span class='ocrx_word' id='word_1_69' title='bbox 291 1676 393 1727; x_wconf 84' lang='lat' dir='ltr'><strong>est.</strong></span> <span class='ocrx_word' id='word_1_70' title='bbox 465 1671 609 1727; x_wconf 84' lang='lat' dir='ltr'><strong>Nam</strong></span> <span class='ocrx_word' id='word_1_71' title='bbox 656 1672 782 1741; x_wconf 87' lang='lat' dir='ltr'><strong>quis</strong></span> <span class='ocrx_word' id='word_1_72' title='bbox 823 1672 1049 1729; x_wconf 86' lang='lat' dir='ltr'><strong>dubitat</strong></span> <span class='ocrx_word' id='word_1_73' title='bbox 1095 1672 1228 1743; x_wconf 90' lang='lat' dir='ltr'><strong>quin</strong></span> <span class='ocrx_word' id='word_1_74' title='bbox 1275 1672 1442 1727; x_wconf 91' lang='lat' dir='ltr'><strong>multi</strong></span> 
     </span>
     <span class='ocr_line' id='line_1_14' title="bbox 291 1742 1442 1885; baseline 0.002 -18"><span class='ocrx_word' id='word_1_75' title='bbox 291 1760 513 1869; x_wconf 67' lang='grc' dir='ltr'>ΞῗέῗΡὲἔ</span> <span class='ocrx_word' id='word_1_76' title='bbox 541 1742 832 1871; x_wconf 55' lang='lat' dir='ltr'><strong>{333}ss</strong></span> <span class='ocrx_word' id='word_1_77' title='bbox 833 1745 985 1885; x_wconf 55' lang='lat'><strong>⁰3³?</strong></span> <span class='ocrx_word' id='word_1_78' title='bbox 988 1742 1297 1871; x_wconf 45' lang='lat' dir='ltr'><strong>³303&amp;ss</strong></span> <span class='ocrx_word' id='word_1_79' title='bbox 1297 1744 1442 1870; x_wconf 67' lang='lat'><strong>¹2:13⁰.</strong></span> 
     </span>
     <span class='ocr_line' id='line_1_15' title="bbox 289 1885 1440 1942; baseline 0.003 -4"><span class='ocrx_word' id='word_1_80' title='bbox 289 1885 612 1941; x_wconf 78' lang='lat' dir='ltr'><strong>Maecenate</strong></span> <span class='ocrx_word' id='word_1_81' title='bbox 650 1886 975 1942; x_wconf 87' lang='lat' dir='ltr'><strong>coniunctus</strong></span> <span class='ocrx_word' id='word_1_82' title='bbox 1020 1888 1168 1941; x_wconf 84' lang='lat' dir='ltr'><strong>vixit</strong></span> <span class='ocrx_word' id='word_1_83' title='bbox 1216 1888 1440 1942; x_wconf 86' lang='lat' dir='ltr'><strong>vinculo</strong></span> 
     </span>
     <span class='ocr_line' id='line_1_16' title="bbox 292 1956 1442 2028; baseline 0.002 -16"><span class='ocrx_word' id='word_1_84' title='bbox 292 1957 474 2026; x_wconf 88' lang='lat' dir='ltr'><strong>deque</strong></span> <span class='ocrx_word' id='word_1_85' title='bbox 525 1956 748 2013; x_wconf 88' lang='lat' dir='ltr'><strong>Horatii</strong></span> <span class='ocrx_word' id='word_1_86' title='bbox 815 1958 1015 2015; x_wconf 87' lang='lat' dir='ltr'><strong>studiis</strong></span> <span class='ocrx_word' id='word_1_87' title='bbox 1084 1959 1442 2028; x_wconf 74' lang='lat' dir='ltr'><strong>consiliisque</strong></span> 
     </span>
     <span class='ocr_line' id='line_1_17' title="bbox 289 2028 1440 2099; baseline 0.002 -17"><span class='ocrx_word' id='word_1_88' title='bbox 289 2028 570 2099; x_wconf 80' lang='lat' dir='ltr'><strong>fingerent</strong></span> <span class='ocrx_word' id='word_1_89' title='bbox 611 2029 922 2085; x_wconf 80' lang='lat' dir='ltr'><strong>iudicium?</strong></span> <span class='ocrx_word' id='word_1_90' title='bbox 993 2030 1076 2085; x_wconf 86' lang='lat' dir='ltr'><strong>Ne</strong></span> <span class='ocrx_word' id='word_1_91' title='bbox 1123 2031 1218 2085; x_wconf 89' lang='lat' dir='ltr'><strong>isti</strong></span> <span class='ocrx_word' id='word_1_92' title='bbox 1265 2030 1440 2084; x_wconf 89' lang='lat' dir='ltr'><strong>homi-</strong></span> 
     </span>
     <span class='ocr_line' id='line_1_18' title="bbox 288 2100 1440 2172; baseline 0.002 -18"><span class='ocrx_word' id='word_1_93' title='bbox 288 2118 388 2155; x_wconf 89' lang='lat' dir='ltr'><strong>nes</strong></span> <span class='ocrx_word' id='word_1_94' title='bbox 425 2116 538 2155; x_wconf 91' lang='lat' dir='ltr'><strong>non</strong></span> <span class='ocrx_word' id='word_1_95' title='bbox 572 2106 883 2171; x_wconf 88' lang='lat' dir='ltr'><strong>potuerunt</strong></span> <span class='ocrx_word' id='word_1_96' title='bbox 929 2100 1038 2155; x_wconf 88' lang='lat' dir='ltr'><strong>sibi</strong></span> <span class='ocrx_word' id='word_1_97' title='bbox 1087 2102 1440 2172; x_wconf 87' lang='lat' dir='ltr'><strong>persuadere,</strong></span> 
     </span>
     <span class='ocr_line' id='line_1_19' title="bbox 288 2172 1442 2243; baseline 0.002 -16"><span class='ocrx_word' id='word_1_98' title='bbox 288 2190 418 2227; x_wconf 88' lang='lat' dir='ltr'><strong>eum</strong></span> <span class='ocrx_word' id='word_1_99' title='bbox 457 2172 552 2241; x_wconf 88' lang='lat' dir='ltr'><strong>qui</strong></span> <span class='ocrx_word' id='word_1_100' title='bbox 593 2174 795 2227; x_wconf 90' lang='lat' dir='ltr'><strong>summi</strong></span> <span class='ocrx_word' id='word_1_101' title='bbox 832 2190 1007 2243; x_wconf 88' lang='lat' dir='ltr'><strong>prope</strong></span> <span class='ocrx_word' id='word_1_102' title='bbox 1044 2173 1103 2226; x_wconf 93' lang='lat' dir='ltr'><strong>in</strong></span> <span class='ocrx_word' id='word_1_103' title='bbox 1127 2191 1188 2229; x_wconf 90' lang='lat' dir='ltr'><strong>re</strong></span> <span class='ocrx_word' id='word_1_104' title='bbox 1215 2173 1442 2243; x_wconf 87' lang='lat' dir='ltr'><strong>publica</strong></span> 
     </span>
     <span class='ocr_line' id='line_1_20' title="bbox 286 2244 1438 2300; baseline 0.002 -3"><span class='ocrx_word' id='word_1_105' title='bbox 286 2244 402 2298; x_wconf 83' lang='lat' dir='ltr'><strong>viri</strong></span> <span class='ocrx_word' id='word_1_106' title='bbox 462 2244 848 2299; x_wconf 71' lang='lat' dir='ltr'><strong>familiaritate</strong></span> <span class='ocrx_word' id='word_1_107' title='bbox 905 2248 1160 2300; x_wconf 87' lang='lat' dir='ltr'><strong>uteretur</strong></span> <span class='ocrx_word' id='word_1_108' title='bbox 1220 2246 1438 2299; x_wconf 88' lang='lat' dir='ltr'><strong>alienis-</strong></span> 
     </span>
     <span class='ocr_line' id='line_1_21' title="bbox 285 2315 1438 2387; baseline 0.002 -18"><span class='ocrx_word' id='word_1_109' title='bbox 285 2315 431 2369; x_wconf 89' lang='lat' dir='ltr'><strong>simo</strong></span> <span class='ocrx_word' id='word_1_110' title='bbox 468 2332 583 2370; x_wconf 89' lang='lat' dir='ltr'><strong>esse</strong></span> <span class='ocrx_word' id='word_1_111' title='bbox 620 2333 655 2370; x_wconf 89' lang='lat' dir='ltr'><strong>a</strong></span> <span class='ocrx_word' id='word_1_112' title='bbox 687 2316 930 2385; x_wconf 82' lang='lat' dir='ltr'><strong>publicis</strong></span> <span class='ocrx_word' id='word_1_113' title='bbox 966 2317 1208 2387; x_wconf 76' lang='lat' dir='ltr'><strong>negotiis</strong></span> <span class='ocrx_word' id='word_1_114' title='bbox 1235 2316 1438 2387; x_wconf 89' lang='lat' dir='ltr'><strong>anim0,</strong></span> 
     </span>
     <span class='ocr_line' id='line_1_22' title="bbox 286 2386 1438 2457; baseline 0.001 -16"><span class='ocrx_word' id='word_1_115' title='bbox 286 2386 661 2441; x_wconf 86' lang='lat' dir='ltr'><strong>remotissimo</strong></span> <span class='ocrx_word' id='word_1_116' title='bbox 699 2405 733 2441; x_wconf 90' lang='lat' dir='ltr'><strong>a</strong></span> <span class='ocrx_word' id='word_1_117' title='bbox 769 2387 1157 2457; x_wconf 72' lang='lat' dir='ltr'><strong>comparandis</strong></span> <span class='ocrx_word' id='word_1_118' title='bbox 1192 2387 1300 2442; x_wconf 90' lang='lat' dir='ltr'><strong>sibi</strong></span> <span class='ocrx_word' id='word_1_119' title='bbox 1324 2406 1438 2443; x_wconf 91' lang='lat' dir='ltr'><strong>ma-</strong></span> 
     </span>
     <span class='ocr_line' id='line_1_23' title="bbox 285 2457 1438 2527; baseline 0 -14"><span class='ocrx_word' id='word_1_120' title='bbox 285 2457 503 2513; x_wconf 87' lang='lat' dir='ltr'><strong>ioribus</strong></span> <span class='ocrx_word' id='word_1_121' title='bbox 562 2458 724 2513; x_wconf 89' lang='lat' dir='ltr'><strong>bonis</strong></span> <span class='ocrx_word' id='word_1_122' title='bbox 740 2498 754 2527; x_wconf 95' lang='lat'>,</span> <span class='ocrx_word' id='word_1_123' title='bbox 829 2460 1308 2515; x_wconf 87' lang='lat' dir='ltr'><strong>continentissimo</strong></span> <span class='ocrx_word' id='word_1_124' title='bbox 1381 2460 1438 2513; x_wconf 90' lang='lat' dir='ltr'><strong>in</strong></span> 
     </span>
     <span class='ocr_line' id='line_1_24' title="bbox 285 2530 1438 2601; baseline 0.001 -16"><span class='ocrx_word' id='word_1_125' title='bbox 285 2530 542 2585; x_wconf 78' lang='lat' dir='ltr'><strong>fruendis</strong></span> <span class='ocrx_word' id='word_1_126' title='bbox 587 2530 824 2585; x_wconf 87' lang='lat' dir='ltr'><strong>modicis</strong></span> <span class='ocrx_word' id='word_1_127' title='bbox 873 2548 1008 2599; x_wconf 87' lang='lat' dir='ltr'><strong>quas</strong></span> <span class='ocrx_word' id='word_1_128' title='bbox 1051 2531 1288 2586; x_wconf 89' lang='lat' dir='ltr'><strong>baberet</strong></span> <span class='ocrx_word' id='word_1_129' title='bbox 1322 2532 1438 2601; x_wconf 90' lang='lat' dir='ltr'><strong>opi·</strong></span> 
     </span>
     <span class='ocr_line' id='line_1_25' title="bbox 283 2599 1438 2672; baseline 0.002 -16"><span class='ocrx_word' id='word_1_130' title='bbox 283 2602 410 2656; x_wconf 88' lang='lat' dir='ltr'><strong>bus.</strong></span> <span class='ocrx_word' id='word_1_131' title='bbox 462 2599 614 2667; x_wconf 81' lang='lat' dir='ltr'><strong>Quae</strong></span> <span class='ocrx_word' id='word_1_132' title='bbox 649 2619 827 2672; x_wconf 84' lang='lat' dir='ltr'><strong>prava</strong></span> <span class='ocrx_word' id='word_1_133' title='bbox 862 2601 1062 2657; x_wconf 85' lang='lat' dir='ltr'><strong>harum</strong></span> <span class='ocrx_word' id='word_1_134' title='bbox 1098 2620 1289 2657; x_wconf 87' lang='lat' dir='ltr'><strong>rerum</strong></span> <span class='ocrx_word' id='word_1_135' title='bbox 1325 2604 1438 2658; x_wconf 82' lang='lat' dir='ltr'><strong>exi-</strong></span> 
     </span>
     <span class='ocr_line' id='line_1_26' title="bbox 283 2672 1440 2744; baseline 0.002 -17"><span class='ocrx_word' id='word_1_136' title='bbox 283 2674 540 2727; x_wconf 87' lang='lat' dir='ltr'><strong>stimatio</strong></span> <span class='ocrx_word' id='word_1_137' title='bbox 592 2690 718 2728; x_wconf 86' lang='lat' dir='ltr'><strong>cum</strong></span> <span class='ocrx_word' id='word_1_138' title='bbox 762 2672 979 2729; x_wconf 75' lang='lat' dir='ltr'><strong>radices</strong></span> <span class='ocrx_word' id='word_1_139' title='bbox 1034 2674 1193 2743; x_wconf 86' lang='lat' dir='ltr'><strong>quasi</strong></span> <span class='ocrx_word' id='word_1_140' title='bbox 1247 2679 1440 2744; x_wconf 78' lang='lat' dir='ltr'><strong>ageret</strong></span> 
     </span>
     <span class='ocr_line' id='line_1_27' title="bbox 287 2744 1440 2815; baseline 0.002 -16"><span class='ocrx_word' id='word_1_141' title='bbox 287 2745 350 2799; x_wconf 88' lang='lat' dir='ltr'><strong>in</strong></span> <span class='ocrx_word' id='word_1_142' title='bbox 385 2744 582 2813; x_wconf 88' lang='lat' dir='ltr'><strong>iniqua</strong></span> <span class='ocrx_word' id='word_1_143' title='bbox 615 2745 1014 2815; x_wconf 88' lang='lat' dir='ltr'><strong>plerorumque</strong></span> <span class='ocrx_word' id='word_1_144' title='bbox 1053 2746 1342 2801; x_wconf 87' lang='lat' dir='ltr'><strong>hominum</strong></span> <span class='ocrx_word' id='word_1_145' title='bbox 1370 2746 1440 2801; x_wconf 91' lang='lat' dir='ltr'><strong>de</strong></span> 
     </span>
     <span class='ocr_line' id='line_1_28' title="bbox 285 2816 1436 2886; baseline 0 -15"><span class='ocrx_word' id='word_1_146' title='bbox 285 2816 440 2871; x_wconf 84' lang='lat' dir='ltr'><strong>veris</strong></span> <span class='ocrx_word' id='word_1_147' title='bbox 474 2816 696 2886; x_wconf 80' lang='lat' dir='ltr'><strong>gaudiis</strong></span> <span class='ocrx_word' id='word_1_148' title='bbox 736 2832 977 2886; x_wconf 83' lang='lat' dir='ltr'><strong>veraque</strong></span> <span class='ocrx_word' id='word_1_149' title='bbox 1013 2816 1284 2872; x_wconf 82' lang='lat' dir='ltr'><strong>felicitate</strong></span> <span class='ocrx_word' id='word_1_150' title='bbox 1319 2835 1436 2873; x_wconf 88' lang='lat' dir='ltr'><strong>sen·</strong></span> 
     </span>
     <span class='ocr_line' id='line_1_29' title="bbox 284 2887 1441 2958; baseline 0.002 -16"><span class='ocrx_word' id='word_1_151' title='bbox 284 2888 468 2942; x_wconf 84' lang='lat' dir='ltr'><strong>tentia</strong></span> <span class='ocrx_word' id='word_1_152' title='bbox 483 2927 498 2955; x_wconf 91' lang='lat'><strong>,</strong></span> <span class='ocrx_word' id='word_1_153' title='bbox 549 2887 854 2943; x_wconf 86' lang='lat' dir='ltr'><strong>tenerrima</strong></span> <span class='ocrx_word' id='word_1_154' title='bbox 909 2906 1020 2958; x_wconf 88' lang='lat' dir='ltr'><strong>qua</strong></span> <span class='ocrx_word' id='word_1_155' title='bbox 1074 2888 1198 2943; x_wconf 87' lang='lat' dir='ltr'><strong>fieri</strong></span> <span class='ocrx_word' id='word_1_156' title='bbox 1253 2889 1441 2958; x_wconf 83' lang='lat' dir='ltr'><strong>potuit</strong></span> 
     </span>
     <span class='ocr_line' id='line_1_30' title="bbox 283 2958 1440 3029; baseline 0.003 -17"><span class='ocrx_word' id='word_1_157' title='bbox 283 2960 510 3013; x_wconf 87' lang='lat' dir='ltr'><strong>ratione</strong></span> <span class='ocrx_word' id='word_1_158' title='bbox 545 2958 815 3014; x_wconf 87' lang='lat' dir='ltr'><strong>Horatius</strong></span> <span class='ocrx_word' id='word_1_159' title='bbox 856 2961 1058 3029; x_wconf 86' lang='lat' dir='ltr'><strong>quibus</strong></span> <span class='ocrx_word' id='word_1_160' title='bbox 1093 2959 1299 3015; x_wconf 88' lang='lat' dir='ltr'><strong>finibus</strong></span> <span class='ocrx_word' id='word_1_161' title='bbox 1333 2961 1440 3015; x_wconf 90' lang='lat' dir='ltr'><strong>cir-</strong></span> 
     </span>
     <span class='ocr_line' id='line_1_31' title="bbox 284 3030 1438 3101; baseline 0.002 -16"><span class='ocrx_word' id='word_1_162' title='bbox 284 3030 628 3100; x_wconf 88' lang='lat' dir='ltr'><strong>cumscripta</strong></span> <span class='ocrx_word' id='word_1_163' title='bbox 699 3037 882 3085; x_wconf 85' lang='lat' dir='ltr'><strong>essent</strong></span> <span class='ocrx_word' id='word_1_164' title='bbox 943 3049 1044 3086; x_wconf 89' lang='lat' dir='ltr'><strong>sua</strong></span> <span class='ocrx_word' id='word_1_165' title='bbox 1107 3037 1258 3100; x_wconf 84' lang='lat' dir='ltr'><strong>vota,</strong></span> <span class='ocrx_word' id='word_1_166' title='bbox 1329 3050 1438 3101; x_wconf 89' lang='lat' dir='ltr'><strong>quo</strong></span> 
     </span>
     <span class='ocr_line' id='line_1_32' title="bbox 285 3102 1440 3173; baseline 0 -16"><span class='ocrx_word' id='word_1_167' title='bbox 285 3102 456 3157; x_wconf 90' lang='lat' dir='ltr'><strong>modo</strong></span> <span class='ocrx_word' id='word_1_168' title='bbox 501 3103 720 3157; x_wconf 83' lang='lat' dir='ltr'><strong>viveret</strong></span> <span class='ocrx_word' id='word_1_169' title='bbox 755 3120 880 3157; x_wconf 87' lang='lat' dir='ltr'><strong>cum</strong></span> <span class='ocrx_word' id='word_1_170' title='bbox 931 3103 1272 3171; x_wconf 82' lang='lat' dir='ltr'><strong>Maecenate,</strong></span> <span class='ocrx_word' id='word_1_171' title='bbox 1319 3104 1440 3173; x_wconf 91' lang='lat' dir='ltr'><strong>qui-</strong></span> 
     </span>
     <span class='ocr_line' id='line_1_33' title="bbox 285 3173 1440 3243; baseline 0.002 -16"><span class='ocrx_word' id='word_1_172' title='bbox 285 3174 394 3227; x_wconf 88' lang='lat' dir='ltr'><strong>bus</strong></span> <span class='ocrx_word' id='word_1_173' title='bbox 431 3173 672 3243; x_wconf 83' lang='lat' dir='ltr'><strong>denique</strong></span> <span class='ocrx_word' id='word_1_174' title='bbox 719 3173 886 3229; x_wconf 89' lang='lat' dir='ltr'><strong>rebus</strong></span> <span class='ocrx_word' id='word_1_175' title='bbox 931 3176 1050 3229; x_wconf 84' lang='lat' dir='ltr'><strong>vita</strong></span> <span class='ocrx_word' id='word_1_176' title='bbox 1093 3192 1226 3229; x_wconf 83' lang='lat' dir='ltr'><strong>vere</strong></span> <span class='ocrx_word' id='word_1_177' title='bbox 1273 3176 1440 3230; x_wconf 87' lang='lat' dir='ltr'><strong>beata</strong></span> 
     </span>
     <span class='ocr_line' id='line_1_34' title="bbox 283 3244 1440 3314; baseline 0.002 -15"><span class='ocrx_word' id='word_1_178' title='bbox 283 3249 710 3314; x_wconf 75' lang='lat' dir='ltr'><strong>compararetur</strong></span> <span class='ocrx_word' id='word_1_179' title='bbox 745 3244 947 3300; x_wconf 89' lang='lat' dir='ltr'><strong>docere</strong></span> <span class='ocrx_word' id='word_1_180' title='bbox 981 3246 1216 3301; x_wconf 85' lang='lat' dir='ltr'><strong>studuit.</strong></span> <span class='ocrx_word' id='word_1_181' title='bbox 1303 3246 1440 3301; x_wconf 90' lang='lat' dir='ltr'><strong>Inde</strong></span> 
     </span>
     <span class='ocr_line' id='line_1_35' title="bbox 283 3318 1440 3373; baseline 0 -1"><span class='ocrx_word' id='word_1_182' title='bbox 283 3321 484 3372; x_wconf 80' lang='lat' dir='ltr'><strong>exorta</strong></span> <span class='ocrx_word' id='word_1_183' title='bbox 517 3322 606 3371; x_wconf 87' lang='lat' dir='ltr'><strong>est</strong></span> <span class='ocrx_word' id='word_1_184' title='bbox 639 3318 879 3373; x_wconf 75' lang='lat' dir='ltr'><strong>rusticae</strong></span> <span class='ocrx_word' id='word_1_185' title='bbox 914 3318 1066 3373; x_wconf 84' lang='lat' dir='ltr'><strong>vitae</strong></span> <span class='ocrx_word' id='word_1_186' title='bbox 1102 3318 1287 3373; x_wconf 84' lang='lat' dir='ltr'><strong>suavis</strong></span> <span class='ocrx_word' id='word_1_187' title='bbox 1323 3320 1440 3372; x_wconf 88' lang='lat' dir='ltr'><strong>lau-</strong></span> 
     </span>
     <span class='ocr_line' id='line_1_36' title="bbox 284 3388 1440 3451; baseline 0.003 -10"><span class='ocrx_word' id='word_1_188' title='bbox 284 3388 462 3451; x_wconf 84' lang='lat' dir='ltr'><strong>datio,</strong></span> <span class='ocrx_word' id='word_1_189' title='bbox 499 3388 842 3443; x_wconf 83' lang='lat' dir='ltr'><strong>urbanarum</strong></span> <span class='ocrx_word' id='word_1_190' title='bbox 877 3389 1260 3445; x_wconf 84' lang='lat' dir='ltr'><strong>molestiarum</strong></span> <span class='ocrx_word' id='word_1_191' title='bbox 1299 3390 1440 3444; x_wconf 88' lang='lat' dir='ltr'><strong>lenis</strong></span> 
     </span>
     <span class='ocr_line' id='line_1_37' title="bbox 282 3459 1440 3587; baseline 0.003 -74"><span class='ocrx_word' id='word_1_192' title='bbox 282 3459 669 3586; x_wconf 51' lang='lat' dir='ltr'><strong>ffiprehen302</strong></span> <span class='ocrx_word' id='word_1_193' title='bbox 701 3461 1286 3587; x_wconf 45' lang='lat' dir='ltr'><strong>consuetufflguae</strong></span> <span class='ocrx_word' id='word_1_194' title='bbox 1313 3478 1440 3587; x_wconf 48' lang='lat' dir='ltr'><strong>{um</strong></span> 
     </span>
    </p>

    <p class='ocr_par' dir='ltr' id='par_1_8' title="bbox 277 3548 1442 4675">
     <span class='ocr_line' id='line_1_38' title="bbox 349 3548 1438 3587; baseline 0.002 -2"><span class='ocrx_word' id='word_1_195' title='bbox 349 3548 552 3587; x_wconf 86' lang='lat' dir='ltr'><strong>aecena</strong></span> <span class='ocrx_word' id='word_1_196' title='bbox 653 3548 840 3587; x_wconf 73' lang='lat' dir='ltr'><strong>iocosa</strong></span> <span class='ocrx_word' id='word_1_197' title='bbox 931 3550 968 3586; x_wconf 91' lang='lat' dir='ltr'><strong>u</strong></span> <span class='ocrx_word' id='word_1_198' title='bbox 1221 3550 1326 3587; x_wconf 85' lang='lat' dir='ltr'><strong>con</strong></span> <span class='ocrx_word' id='word_1_199' title='bbox 1353 3550 1438 3587; x_wconf 86' lang='lat' dir='ltr'><strong>ra-</strong></span> 
     </span>
     <span class='ocr_line' id='line_1_39' title="bbox 287 3548 1440 3673; baseline 0.002 -16"><span class='ocrx_word' id='word_1_200' title='bbox 287 3603 419 3657; x_wconf 76' lang='lat' dir='ltr'><strong>otio.</strong></span> <span class='ocrx_word' id='word_1_201' title='bbox 468 3602 677 3657; x_wconf 89' lang='lat' dir='ltr'><strong>Poema</strong></span> <span class='ocrx_word' id='word_1_202' title='bbox 710 3548 1020 3658; x_wconf 74' lang='lat' dir='ltr'><strong>autemqita</strong></span> <span class='ocrx_word' id='word_1_203' title='bbox 1055 3609 1440 3673; x_wconf 86' lang='lat' dir='ltr'><strong>comparatum</strong></span> 
     </span>
     <span class='ocr_line' id='line_1_40' title="bbox 285 3676 1438 3759; baseline 0.002 -30"><span class='ocrx_word' id='word_1_204' title='bbox 285 3678 393 3757; x_wconf 74' lang='lat' dir='ltr'><strong>est,</strong></span> <span class='ocrx_word' id='word_1_205' title='bbox 439 3678 506 3728; x_wconf 85' lang='lat' dir='ltr'><strong>ut</strong></span> <span class='ocrx_word' id='word_1_206' title='bbox 547 3680 844 3758; x_wconf 46' lang='lat' dir='ltr'><strong>remotum·</strong></span> <span class='ocrx_word' id='word_1_207' title='bbox 876 3676 946 3759; x_wconf 87' lang='lat' dir='ltr'><strong>ab</strong></span> <span class='ocrx_word' id='word_1_208' title='bbox 991 3676 1299 3731; x_wconf 83' lang='lat' dir='ltr'><strong>acerbitate</strong></span> <span class='ocrx_word' id='word_1_209' title='bbox 1341 3677 1438 3731; x_wconf 92' lang='lat' dir='ltr'><strong>ho-</strong></span> 
     </span>
     <span class='ocr_line' id='line_1_41' title="bbox 283 3748 1440 3888; baseline 0.014 -17"><span class='ocrx_word' id='word_1_210' title='bbox 283 3748 794 3873; x_wconf 52' lang='grc' dir='ltr'><strong>3Ἓὲῧῶἳὲῗὲ</strong></span> <span class='ocrx_word' id='word_1_211' title='bbox 805 3764 1440 3888; x_wconf 60' lang='grc' dir='ltr'><strong>ιὲὶἲΐὲῗῗὲρξᾶῗίὲῗὲἒιῗ</strong></span> 
     </span>
     <span class='ocr_line' id='line_1_42' title="bbox 281 3888 1440 3961; baseline 0.004 -20"><span class='ocrx_word' id='word_1_212' title='bbox 281 3894 352 3942; x_wconf 89' lang='lat' dir='ltr'><strong>ut</strong></span> <span class='ocrx_word' id='word_1_213' title='bbox 399 3890 627 3959; x_wconf 78' lang='lat' dir='ltr'><strong>egregia</strong></span> <span class='ocrx_word' id='word_1_214' title='bbox 671 3888 1018 3961; x_wconf 82' lang='lat' dir='ltr'><strong>frugalitatis</strong></span> <span class='ocrx_word' id='word_1_215' title='bbox 1065 3890 1248 3959; x_wconf 84' lang='lat' dir='ltr'><strong>laude,</strong></span> <span class='ocrx_word' id='word_1_216' title='bbox 1303 3908 1440 3946; x_wconf 83' lang='lat' dir='ltr'><strong>vero</strong></span> 
     </span>
     <span class='ocr_line' id='line_1_43' title="bbox 283 3960 1440 4033; baseline 0 -18"><span class='ocrx_word' id='word_1_217' title='bbox 283 3978 354 4015; x_wconf 82' lang='lat' dir='ltr'><strong>ex</strong></span> <span class='ocrx_word' id='word_1_218' title='bbox 391 3960 768 4015; x_wconf 82' lang='lat' dir='ltr'><strong>mediocribus</strong></span> <span class='ocrx_word' id='word_1_219' title='bbox 801 3962 967 4017; x_wconf 86' lang='lat' dir='ltr'><strong>rebus</strong></span> <span class='ocrx_word' id='word_1_220' title='bbox 1004 3966 1270 4033; x_wconf 90' lang='lat' dir='ltr'><strong>percepto</strong></span> <span class='ocrx_word' id='word_1_221' title='bbox 1304 3980 1440 4033; x_wconf 84' lang='lat' dir='ltr'><strong>gan-</strong></span> 
     </span>
     <span class='ocr_line' id='line_1_44' title="bbox 277 4032 1442 4105; baseline 0.003 -20"><span class='ocrx_word' id='word_1_222' title='bbox 277 4032 396 4095; x_wconf 88' lang='lat' dir='ltr'><strong>dio,</strong></span> <span class='ocrx_word' id='word_1_223' title='bbox 433 4036 628 4101; x_wconf 82' lang='lat' dir='ltr'><strong>aperta</strong></span> <span class='ocrx_word' id='word_1_224' title='bbox 677 4048 744 4086; x_wconf 87' lang='lat' dir='ltr'><strong>ac</strong></span> <span class='ocrx_word' id='word_1_225' title='bbox 777 4050 890 4087; x_wconf 91' lang='lat' dir='ltr'><strong>non</strong></span> <span class='ocrx_word' id='word_1_226' title='bbox 925 4034 1188 4089; x_wconf 88' lang='lat' dir='ltr'><strong>simulata</strong></span> <span class='ocrx_word' id='word_1_227' title='bbox 1223 4052 1442 4105; x_wconf 87' lang='lat' dir='ltr'><strong>pravae</strong></span> 
     </span>
     <span class='ocr_line' id='line_1_45' title="bbox 285 4103 1441 4173; baseline 0.002 -14"><span class='ocrx_word' id='word_1_228' title='bbox 285 4103 616 4159; x_wconf 77' lang='lat' dir='ltr'><strong>ambitionis</strong></span> <span class='ocrx_word' id='word_1_229' title='bbox 639 4103 1005 4173; x_wconf 86' lang='lat' dir='ltr'><strong>despicientia</strong></span> <span class='ocrx_word' id='word_1_230' title='bbox 1029 4106 1356 4161; x_wconf 83' lang='lat' dir='ltr'><strong>facillimam</strong></span> <span class='ocrx_word' id='word_1_231' title='bbox 1383 4111 1441 4161; x_wconf 92' lang='lat' dir='ltr'><strong>et</strong></span> 
     </span>
     <span class='ocr_line' id='line_1_46' title="bbox 281 4174 1440 4243; baseline 0.004 -16"><span class='ocrx_word' id='word_1_232' title='bbox 281 4174 664 4243; x_wconf 80' lang='lat' dir='ltr'><strong>planissimam</strong></span> <span class='ocrx_word' id='word_1_233' title='bbox 706 4176 857 4230; x_wconf 84' lang='lat' dir='ltr'><strong>viam</strong></span> <span class='ocrx_word' id='word_1_234' title='bbox 894 4177 1058 4231; x_wconf 90' lang='lat' dir='ltr'><strong>nobis</strong></span> <span class='ocrx_word' id='word_1_235' title='bbox 1113 4178 1334 4231; x_wconf 89' lang='lat' dir='ltr'><strong>muniat</strong></span> <span class='ocrx_word' id='word_1_236' title='bbox 1369 4178 1440 4233; x_wconf 89' lang='lat' dir='ltr'><strong>ad</strong></span> 
     </span>
     <span class='ocr_line' id='line_1_47' title="bbox 285 4246 1438 4303; baseline 0.003 -3"><span class='ocrx_word' id='word_1_237' title='bbox 285 4249 438 4300; x_wconf 87' lang='lat' dir='ltr'><strong>recte</strong></span> <span class='ocrx_word' id='word_1_238' title='bbox 472 4246 876 4301; x_wconf 81' lang='lat' dir='ltr'><strong>aestimandam</strong></span> <span class='ocrx_word' id='word_1_239' title='bbox 925 4248 1222 4303; x_wconf 85' lang='lat' dir='ltr'><strong>amabilem</strong></span> <span class='ocrx_word' id='word_1_240' title='bbox 1260 4249 1438 4303; x_wconf 87' lang='lat' dir='ltr'><strong>Hora-</strong></span> 
     </span>
     <span class='ocr_line' id='line_1_48' title="bbox 285 4318 1438 4389; baseline 0.003 -18"><span class='ocrx_word' id='word_1_241' title='bbox 285 4318 353 4371; x_wconf 90' lang='lat' dir='ltr'><strong>tii</strong></span> <span class='ocrx_word' id='word_1_242' title='bbox 391 4322 670 4381; x_wconf 87' lang='lat' dir='ltr'><strong>naturam,</strong></span> <span class='ocrx_word' id='word_1_243' title='bbox 707 4336 818 4387; x_wconf 88' lang='lat' dir='ltr'><strong>qua</strong></span> <span class='ocrx_word' id='word_1_244' title='bbox 851 4336 1040 4373; x_wconf 87' lang='lat' dir='ltr'><strong>omues</strong></span> <span class='ocrx_word' id='word_1_245' title='bbox 1083 4320 1180 4388; x_wconf 87' lang='lat' dir='ltr'><strong>qui</strong></span> <span class='ocrx_word' id='word_1_246' title='bbox 1227 4321 1438 4389; x_wconf 86' lang='lat' dir='ltr'><strong>primos</strong></span> 
     </span>
     <span class='ocr_line' id='line_1_49' title="bbox 285 4390 1438 4461; baseline 0.003 -19"><span class='ocrx_word' id='word_1_247' title='bbox 285 4392 508 4443; x_wconf 87' lang='lat' dir='ltr'><strong>tantum</strong></span> <span class='ocrx_word' id='word_1_248' title='bbox 567 4406 759 4444; x_wconf 84' lang='lat' dir='ltr'><strong>versus</strong></span> <span class='ocrx_word' id='word_1_249' title='bbox 813 4390 1055 4461; x_wconf 81' lang='lat' dir='ltr'><strong>legerint</strong></span> <span class='ocrx_word' id='word_1_250' title='bbox 1098 4392 1286 4445; x_wconf 88' lang='lat' dir='ltr'><strong>statim</strong></span> <span class='ocrx_word' id='word_1_251' title='bbox 1345 4409 1438 4446; x_wconf 78' lang='lat' dir='ltr'><strong>ca-</strong></span> 
     </span>
     <span class='ocr_line' id='line_1_50' title="bbox 285 4460 1437 4531; baseline 0.003 -18"><span class='ocrx_word' id='word_1_252' title='bbox 285 4460 516 4529; x_wconf 86' lang='lat' dir='ltr'><strong>piantur</strong></span> <span class='ocrx_word' id='word_1_253' title='bbox 561 4478 782 4517; x_wconf 85' lang='lat' dir='ltr'><strong>neeesse</strong></span> <span class='ocrx_word' id='word_1_254' title='bbox 825 4466 926 4517; x_wconf 87' lang='lat' dir='ltr'><strong>est.</strong></span> <span class='ocrx_word' id='word_1_255' title='bbox 1016 4462 1296 4531; x_wconf 83' lang='lat' dir='ltr'><strong>Scriptum</strong></span> <span class='ocrx_word' id='word_1_256' title='bbox 1343 4481 1437 4517; x_wconf 88' lang='lat' dir='ltr'><strong>au·</strong></span> 
     </span>
     <span class='ocr_line' id='line_1_51' title="bbox 283 4536 1436 4601; baseline 0.003 -16"><span class='ocrx_word' id='word_1_257' title='bbox 283 4538 401 4585; x_wconf 84' lang='lat' dir='ltr'><strong>tem</strong></span> <span class='ocrx_word' id='word_1_258' title='bbox 445 4549 645 4601; x_wconf 89' lang='lat' dir='ltr'><strong>poema</strong></span> <span class='ocrx_word' id='word_1_259' title='bbox 691 4538 778 4587; x_wconf 89' lang='lat' dir='ltr'><strong>est</strong></span> <span class='ocrx_word' id='word_1_260' title='bbox 825 4537 1062 4589; x_wconf 85' lang='lat' dir='ltr'><strong>exeunte</strong></span> <span class='ocrx_word' id='word_1_261' title='bbox 1116 4551 1262 4588; x_wconf 88' lang='lat' dir='ltr'><strong>anno</strong></span> <span class='ocrx_word' id='word_1_262' title='bbox 1314 4536 1436 4589; x_wconf 83' lang='grc'><strong>723.</strong></span> 
     </span>
     <span class='ocr_line' id='line_1_52' title="bbox 285 4602 1438 4675; baseline 0.003 -18"><span class='ocrx_word' id='word_1_263' title='bbox 285 4602 432 4657; x_wconf 88' lang='lat' dir='ltr'><strong>Tum</strong></span> <span class='ocrx_word' id='word_1_264' title='bbox 469 4604 616 4659; x_wconf 89' lang='lat' dir='ltr'><strong>enim</strong></span> <span class='ocrx_word' id='word_1_265' title='bbox 654 4605 857 4661; x_wconf 85' lang='lat' dir='ltr'><strong>curiosi</strong></span> <span class='ocrx_word' id='word_1_266' title='bbox 890 4605 1142 4661; x_wconf 84' lang='lat' dir='ltr'><strong>homines</strong></span> <span class='ocrx_word' id='word_1_267' title='bbox 1168 4623 1438 4675; x_wconf 88' lang='lat' dir='ltr'><strong>quaerere</strong></span> 
     </span>
    </p>
   </div>
   <div class='ocr_carea' id='block_1_7' title="bbox 1530 1314 2685 4679">
    <p class='ocr_par' dir='ltr' id='par_1_9' title="bbox 1530 1314 2685 3320">
     <span class='ocr_line' id='line_1_53' title="bbox 1533 1314 2681 1389; baseline -0.003 -16"><span class='ocrx_word' id='word_1_268' title='bbox 1533 1320 1845 1389; x_wconf 85' lang='lat' dir='ltr'><strong>potuerunt</strong></span> <span class='ocrx_word' id='word_1_269' title='bbox 1881 1317 1951 1372; x_wconf 91' lang='lat' dir='ltr'><strong>de</strong></span> <span class='ocrx_word' id='word_1_270' title='bbox 1988 1314 2155 1371; x_wconf 87' lang='lat' dir='ltr'><strong>Dacis</strong></span> <span class='ocrx_word' id='word_1_271' title='bbox 2190 1314 2267 1387; x_wconf 84' lang='lat' dir='ltr'><strong>(v.</strong></span> <span class='ocrx_word' id='word_1_272' title='bbox 2292 1314 2407 1385; x_wconf 78' lang='lat'>53),</span> <span class='ocrx_word' id='word_1_273' title='bbox 2445 1315 2542 1384; x_wconf 89' lang='lat' dir='ltr'><strong>qui</strong></span> <span class='ocrx_word' id='word_1_274' title='bbox 2566 1316 2681 1369; x_wconf 81' lang='lat' dir='ltr'><strong>An-</strong></span> 
     </span>
     <span class='ocr_line' id='line_1_54' title="bbox 1535 1386 2681 1458; baseline -0.002 -15"><span class='ocrx_word' id='word_1_275' title='bbox 1535 1390 1690 1444; x_wconf 92' lang='lat' dir='ltr'><strong>tonio</strong></span> <span class='ocrx_word' id='word_1_276' title='bbox 1730 1407 1893 1458; x_wconf 87' lang='lat' dir='ltr'><strong>quem</strong></span> <span class='ocrx_word' id='word_1_277' title='bbox 1930 1387 2264 1443; x_wconf 87' lang='lat' dir='ltr'><strong>adiuverant</strong></span> <span class='ocrx_word' id='word_1_278' title='bbox 2299 1386 2531 1441; x_wconf 84' lang='lat' dir='ltr'><strong>Actiaca</strong></span> <span class='ocrx_word' id='word_1_279' title='bbox 2578 1404 2681 1457; x_wconf 88' lang='lat' dir='ltr'><strong>pu·</strong></span> 
     </span>
     <span class='ocr_line' id='line_1_55' title="bbox 1534 1458 2683 1532; baseline -0.003 -16"><span class='ocrx_word' id='word_1_280' title='bbox 1534 1479 1649 1532; x_wconf 80' lang='lat' dir='ltr'><strong>gna</strong></span> <span class='ocrx_word' id='word_1_281' title='bbox 1692 1460 1911 1517; x_wconf 83' lang='lat' dir='ltr'><strong>devicto</strong></span> <span class='ocrx_word' id='word_1_282' title='bbox 1966 1463 2149 1517; x_wconf 86' lang='lat' dir='ltr'><strong>motus</strong></span> <span class='ocrx_word' id='word_1_283' title='bbox 2208 1458 2447 1521; x_wconf 84' lang='lat' dir='ltr'><strong>ciebant,</strong></span> <span class='ocrx_word' id='word_1_284' title='bbox 2494 1462 2559 1513; x_wconf 87' lang='lat' dir='ltr'><strong>ut</strong></span> <span class='ocrx_word' id='word_1_285' title='bbox 2600 1458 2683 1512; x_wconf 91' lang='lat' dir='ltr'><strong>in·</strong></span> 
     </span>
     <span class='ocr_line' id='line_1_56' title="bbox 1535 1530 2685 1602; baseline -0.003 -15"><span class='ocrx_word' id='word_1_286' title='bbox 1535 1532 1790 1602; x_wconf 88' lang='lat' dir='ltr'><strong>sequenti</strong></span> <span class='ocrx_word' id='word_1_287' title='bbox 1860 1549 2003 1586; x_wconf 87' lang='lat' dir='ltr'><strong>anno</strong></span> <span class='ocrx_word' id='word_1_288' title='bbox 2071 1530 2146 1584; x_wconf 89' lang='lat' dir='ltr'><strong>M.</strong></span> <span class='ocrx_word' id='word_1_289' title='bbox 2204 1530 2430 1585; x_wconf 85' lang='lat' dir='ltr'><strong>Crassus</strong></span> <span class='ocrx_word' id='word_1_290' title='bbox 2488 1535 2685 1585; x_wconf 90' lang='lat' dir='ltr'><strong>contra</strong></span> 
     </span>
     <span class='ocr_line' id='line_1_57' title="bbox 1535 1601 2683 1671; baseline -0.003 -12"><span class='ocrx_word' id='word_1_291' title='bbox 1535 1622 1630 1659; x_wconf 89' lang='lat' dir='ltr'><strong>eos</strong></span> <span class='ocrx_word' id='word_1_292' title='bbox 1664 1604 2014 1671; x_wconf 64' lang='lat' dir='ltr'><strong>mittet-etun</strong></span> <span class='ocrx_word' id='word_1_293' title='bbox 2048 1607 2171 1657; x_wconf 88' lang='lat' dir='ltr'><strong>tum</strong></span> <span class='ocrx_word' id='word_1_294' title='bbox 2208 1602 2381 1657; x_wconf 87' lang='lat' dir='ltr'><strong>etiam</strong></span> <span class='ocrx_word' id='word_1_295' title='bbox 2420 1601 2683 1671; x_wconf 83' lang='lat' dir='ltr'><strong>frequens</strong></span> 
     </span>
     <span class='ocr_line' id='line_1_58' title="bbox 1533 1672 2683 1731; baseline -0.004 0"><span class='ocrx_word' id='word_1_296' title='bbox 1533 1677 1685 1731; x_wconf 86' lang='lat' dir='ltr'><strong>inter</strong></span> <span class='ocrx_word' id='word_1_297' title='bbox 1719 1677 1865 1731; x_wconf 83' lang='lat' dir='ltr'><strong>cives</strong></span> <span class='ocrx_word' id='word_1_298' title='bbox 1907 1691 2090 1730; x_wconf 76' lang='lat' dir='ltr'><strong>sermo</strong></span> <span class='ocrx_word' id='word_1_299' title='bbox 2136 1676 2258 1729; x_wconf 87' lang='lat' dir='ltr'><strong>erat</strong></span> <span class='ocrx_word' id='word_1_300' title='bbox 2302 1672 2371 1727; x_wconf 91' lang='lat' dir='ltr'><strong>de</strong></span> <span class='ocrx_word' id='word_1_301' title='bbox 2416 1673 2683 1727; x_wconf 83' lang='lat' dir='ltr'><strong>distribu-</strong></span> 
     </span>
     <span class='ocr_line' id='line_1_59' title="bbox 1534 1744 2679 1818; baseline -0.003 -16"><span class='ocrx_word' id='word_1_302' title='bbox 1534 1748 1688 1803; x_wconf 89' lang='lat' dir='ltr'><strong>tione</strong></span> <span class='ocrx_word' id='word_1_303' title='bbox 1722 1764 2007 1818; x_wconf 77' lang='lat' dir='ltr'><strong>agmrnm,</strong></span> <span class='ocrx_word' id='word_1_304' title='bbox 2041 1762 2151 1814; x_wconf 86' lang='lat' dir='ltr'><strong>qua</strong></span> <span class='ocrx_word' id='word_1_305' title='bbox 2186 1744 2555 1815; x_wconf 87' lang='lat' dir='ltr'><strong>periculosam</strong></span> <span class='ocrx_word' id='word_1_306' title='bbox 2592 1762 2679 1801; x_wconf 85' lang='lat' dir='ltr'><strong>ve-</strong></span> 
     </span>
     <span class='ocr_line' id='line_1_60' title="bbox 1533 1816 2683 1873; baseline -0.002 0"><span class='ocrx_word' id='word_1_307' title='bbox 1533 1822 1859 1873; x_wconf 87' lang='lat' dir='ltr'><strong>teranorum</strong></span> <span class='ocrx_word' id='word_1_308' title='bbox 1912 1818 2159 1873; x_wconf 91' lang='lat' dir='ltr'><strong>militum</strong></span> <span class='ocrx_word' id='word_1_309' title='bbox 2214 1818 2274 1870; x_wconf 91' lang='lat' dir='ltr'><strong>in</strong></span> <span class='ocrx_word' id='word_1_310' title='bbox 2319 1816 2486 1871; x_wconf 85' lang='lat' dir='ltr'><strong>Italia</strong></span> <span class='ocrx_word' id='word_1_311' title='bbox 2540 1816 2683 1871; x_wconf 88' lang='lat' dir='ltr'><strong>sedi-</strong></span> 
     </span>
     <span class='ocr_line' id='line_1_61' title="bbox 1535 1887 2683 1945; baseline -0.003 -1"><span class='ocrx_word' id='word_1_312' title='bbox 1535 1892 1747 1945; x_wconf 89' lang='lat' dir='ltr'><strong>tionem</strong></span> <span class='ocrx_word' id='word_1_313' title='bbox 1780 1908 1849 1944; x_wconf 88' lang='lat' dir='ltr'><strong>ex</strong></span> <span class='ocrx_word' id='word_1_314' title='bbox 1882 1889 2016 1944; x_wconf 86' lang='lat' dir='ltr'><strong>Asia</strong></span> <span class='ocrx_word' id='word_1_315' title='bbox 2054 1887 2317 1943; x_wconf 85' lang='lat' dir='ltr'><strong>advolans</strong></span> <span class='ocrx_word' id='word_1_316' title='bbox 2344 1887 2683 1943; x_wconf 85' lang='lat' dir='ltr'><strong>Octavianus</strong></span> 
     </span>
     <span class='ocr_line' id='line_1_62' title="bbox 1534 1959 2683 2017; baseline -0.003 0"><span class='ocrx_word' id='word_1_317' title='bbox 1534 1962 1719 2017; x_wconf 88' lang='lat' dir='ltr'><strong>media</strong></span> <span class='ocrx_word' id='word_1_318' title='bbox 1764 1962 1917 2017; x_wconf 88' lang='lat' dir='ltr'><strong>inter</strong></span> <span class='ocrx_word' id='word_1_319' title='bbox 1952 1976 2123 2015; x_wconf 89' lang='lat' dir='ltr'><strong>annos</strong></span> <span class='ocrx_word' id='word_1_320' title='bbox 2170 1961 2458 2013; x_wconf 78' lang='lat'>723—724</span> <span class='ocrx_word' id='word_1_321' title='bbox 2500 1959 2683 2015; x_wconf 85' lang='lat' dir='ltr'><strong>hieme</strong></span> 
     </span>
     <span class='ocr_line' id='line_1_63' title="bbox 1534 2030 2682 2103; baseline -0.003 -16"><span class='ocrx_word' id='word_1_322' title='bbox 1534 2034 1755 2089; x_wconf 81' lang='lat' dir='ltr'><strong>sedavit</strong></span> <span class='ocrx_word' id='word_1_323' title='bbox 1791 2034 1865 2099; x_wconf 78' lang='lat' dir='ltr'><strong>(v,</strong></span> <span class='ocrx_word' id='word_1_324' title='bbox 1905 2034 2017 2101; x_wconf 81' lang='lat'>55);</span> <span class='ocrx_word' id='word_1_325' title='bbox 2062 2038 2185 2086; x_wconf 90' lang='lat' dir='ltr'><strong>tum</strong></span> <span class='ocrx_word' id='word_1_326' title='bbox 2228 2030 2469 2101; x_wconf 87' lang='lat' dir='ltr'><strong>denique</strong></span> <span class='ocrx_word' id='word_1_327' title='bbox 2514 2048 2682 2103; x_wconf 78' lang='lat' dir='ltr'><strong>nego-</strong></span> 
     </span>
     <span class='ocr_line' id='line_1_64' title="bbox 1533 2103 2680 2173; baseline -0.003 -14"><span class='ocrx_word' id='word_1_328' title='bbox 1533 2104 1667 2159; x_wconf 87' lang='lat' dir='ltr'><strong>tiosi</strong></span> <span class='ocrx_word' id='word_1_329' title='bbox 1700 2105 1954 2159; x_wconf 83' lang='lat' dir='ltr'><strong>homines</strong></span> <span class='ocrx_word' id='word_1_330' title='bbox 1990 2103 2288 2158; x_wconf 84' lang='lat' dir='ltr'><strong>Horatium</strong></span> <span class='ocrx_word' id='word_1_331' title='bbox 2335 2118 2537 2173; x_wconf 80' lang='lat' dir='ltr'><strong>rogare</strong></span> <span class='ocrx_word' id='word_1_332' title='bbox 2583 2120 2680 2172; x_wconf 91' lang='lat' dir='ltr'><strong>po-</strong></span> 
     </span>
     <span class='ocr_line' id='line_1_65' title="bbox 1535 2174 2681 2243; baseline -0.003 -12"><span class='ocrx_word' id='word_1_333' title='bbox 1535 2180 1787 2243; x_wconf 89' lang='lat' dir='ltr'><strong>tuerunt,</strong></span> <span class='ocrx_word' id='word_1_334' title='bbox 1810 2180 1875 2231; x_wconf 88' lang='lat' dir='ltr'><strong>ut</strong></span> <span class='ocrx_word' id='word_1_335' title='bbox 1907 2175 2146 2231; x_wconf 90' lang='lat' dir='ltr'><strong>tabellas</strong></span> <span class='ocrx_word' id='word_1_336' title='bbox 2171 2192 2297 2229; x_wconf 86' lang='lat' dir='ltr'><strong>suas</strong></span> <span class='ocrx_word' id='word_1_337' title='bbox 2322 2174 2489 2229; x_wconf 88' lang='lat' dir='ltr'><strong>anulo</strong></span> <span class='ocrx_word' id='word_1_338' title='bbox 2517 2174 2681 2229; x_wconf 87' lang='lat' dir='ltr'><strong>Octa-</strong></span> 
     </span>
     <span class='ocr_line' id='line_1_66' title="bbox 1535 2246 2679 2316; baseline -0.002 -15"><span class='ocrx_word' id='word_1_339' title='bbox 1535 2248 1688 2302; x_wconf 83' lang='lat' dir='ltr'><strong>viani</strong></span> <span class='ocrx_word' id='word_1_340' title='bbox 1736 2265 1771 2302; x_wconf 90' lang='lat' dir='ltr'><strong>a</strong></span> <span class='ocrx_word' id='word_1_341' title='bbox 1804 2248 2127 2303; x_wconf 80' lang='lat' dir='ltr'><strong>Maecenate</strong></span> <span class='ocrx_word' id='word_1_342' title='bbox 2170 2246 2543 2316; x_wconf 77' lang='lat' dir='ltr'><strong>obsignandas</strong></span> <span class='ocrx_word' id='word_1_343' title='bbox 2588 2261 2679 2299; x_wconf 90' lang='lat' dir='ltr'><strong>cu-</strong></span> 
     </span>
     <span class='ocr_line' id='line_1_67' title="bbox 1533 2316 2680 2388; baseline -0.003 -14"><span class='ocrx_word' id='word_1_344' title='bbox 1533 2324 1690 2374; x_wconf 87' lang='lat' dir='ltr'><strong>raret</strong></span> <span class='ocrx_word' id='word_1_345' title='bbox 1726 2319 1802 2388; x_wconf 87' lang='lat' dir='ltr'><strong>(v.</strong></span> <span class='ocrx_word' id='word_1_346' title='bbox 1824 2319 1929 2385; x_wconf 82' lang='lat'><strong>38).</strong></span> <span class='ocrx_word' id='word_1_347' title='bbox 1984 2318 2293 2373; x_wconf 86' lang='lat' dir='ltr'><strong>Maecenati</strong></span> <span class='ocrx_word' id='word_1_348' title='bbox 2330 2318 2479 2371; x_wconf 91' lang='lat' dir='ltr'><strong>enim</strong></span> <span class='ocrx_word' id='word_1_349' title='bbox 2518 2316 2680 2371; x_wconf 88' lang='lat' dir='ltr'><strong>Octa-</strong></span> 
     </span>
     <span class='ocr_line' id='line_1_68' title="bbox 1533 2388 2679 2459; baseline -0.002 -15"><span class='ocrx_word' id='word_1_350' title='bbox 1533 2392 1731 2446; x_wconf 83' lang='lat' dir='ltr'><strong>vianus</strong></span> <span class='ocrx_word' id='word_1_351' title='bbox 1770 2390 1840 2445; x_wconf 89' lang='lat' dir='ltr'><strong>ad</strong></span> <span class='ocrx_word' id='word_1_352' title='bbox 1887 2390 2098 2444; x_wconf 89' lang='lat' dir='ltr'><strong>bellum</strong></span> <span class='ocrx_word' id='word_1_353' title='bbox 2143 2388 2497 2459; x_wconf 85' lang='lat' dir='ltr'><strong>proficiscens</strong></span> <span class='ocrx_word' id='word_1_354' title='bbox 2545 2406 2679 2442; x_wconf 91' lang='lat' dir='ltr'><strong>anu·</strong></span> 
     </span>
     <span class='ocr_line' id='line_1_69' title="bbox 1534 2459 2681 2533; baseline -0.003 -17"><span class='ocrx_word' id='word_1_355' title='bbox 1534 2464 1654 2517; x_wconf 89' lang='lat' dir='ltr'><strong>lum</strong></span> <span class='ocrx_word' id='word_1_356' title='bbox 1706 2461 2079 2533; x_wconf 79' lang='lat' dir='ltr'><strong>signatorium</strong></span> <span class='ocrx_word' id='word_1_357' title='bbox 2134 2459 2387 2531; x_wconf 77' lang='lat' dir='ltr'><strong>sphingis</strong></span> <span class='ocrx_word' id='word_1_358' title='bbox 2437 2461 2515 2514; x_wconf 92' lang='lat' dir='ltr'><strong>im</strong></span> <span class='ocrx_word' id='word_1_359' title='bbox 2590 2460 2681 2514; x_wconf 88' lang='lat' dir='ltr'><strong>ine</strong></span> 
     </span>
     <span class='ocr_line' id='line_1_70' title="bbox 1532 2532 2679 2605; baseline -0.001 -17"><span class='ocrx_word' id='word_1_360' title='bbox 1532 2534 1867 2605; x_wconf 73' lang='lat' dir='ltr'><strong>insignitum</strong></span> <span class='ocrx_word' id='word_1_361' title='bbox 1902 2532 2273 2595; x_wconf 87' lang='lat' dir='ltr'><strong>commiserat,</strong></span> <span class='ocrx_word' id='word_1_362' title='bbox 2312 2537 2378 2586; x_wconf 83' lang='lat' dir='ltr'><strong>ut</strong></span> <span class='ocrx_word' id='word_1_363' title='bbox 2400 2549 2543 2586; x_wconf 87' lang='lat' dir='ltr'><strong>unus</strong></span> <span class='ocrx_word' id='word_1_364' title='bbox 2596 2536 2679 2587; x_wconf 85' lang='lat' dir='ltr'><strong>ta-</strong></span> 
     </span>
     <span class='ocr_line' id='line_1_71' title="bbox 1534 2602 2681 2673; baseline -0.002 -14"><span class='ocrx_word' id='word_1_365' title='bbox 1534 2606 1657 2661; x_wconf 85' lang='lat' dir='ltr'><strong>licis</strong></span> <span class='ocrx_word' id='word_1_366' title='bbox 1712 2606 1879 2661; x_wconf 87' lang='lat' dir='ltr'><strong>rebus</strong></span> <span class='ocrx_word' id='word_1_367' title='bbox 1928 2608 2235 2673; x_wconf 87' lang='lat' dir='ltr'><strong>praeesset;</strong></span> <span class='ocrx_word' id='word_1_368' title='bbox 2296 2603 2388 2657; x_wconf 86' lang='lat' dir='ltr'><strong>cui</strong></span> <span class='ocrx_word' id='word_1_369' title='bbox 2454 2602 2681 2657; x_wconf 85' lang='lat' dir='ltr'><strong>exeunti</strong></span> 
     </span>
     <span class='ocr_line' id='line_1_72' title="bbox 1534 2672 2683 2732; baseline -0.003 0"><span class='ocrx_word' id='word_1_370' title='bbox 1534 2677 1758 2732; x_wconf 88' lang='lat' dir='ltr'><strong>demum</strong></span> <span class='ocrx_word' id='word_1_371' title='bbox 1798 2692 1947 2731; x_wconf 87' lang='lat' dir='ltr'><strong>anno</strong></span> <span class='ocrx_word' id='word_1_372' title='bbox 1981 2676 2088 2729; x_wconf 83' lang='lat'><strong>723</strong></span> <span class='ocrx_word' id='word_1_373' title='bbox 2124 2674 2303 2730; x_wconf 89' lang='lat' dir='ltr'><strong>socius</strong></span> <span class='ocrx_word' id='word_1_374' title='bbox 2337 2672 2561 2729; x_wconf 87' lang='lat' dir='ltr'><strong>additus</strong></span> <span class='ocrx_word' id='word_1_375' title='bbox 2596 2678 2683 2729; x_wconf 83' lang='lat' dir='ltr'><strong>est</strong></span> 
     </span>
     <span class='ocr_line' id='line_1_73' title="bbox 1533 2746 2680 2819; baseline -0.003 -17"><span class='ocrx_word' id='word_1_376' title='bbox 1533 2749 1807 2819; x_wconf 80' lang='lat' dir='ltr'><strong>Agrippa.</strong></span> <span class='ocrx_word' id='word_1_377' title='bbox 1845 2748 2045 2803; x_wconf 86' lang='lat' dir='ltr'><strong>Restat</strong></span> <span class='ocrx_word' id='word_1_378' title='bbox 2071 2752 2135 2803; x_wconf 87' lang='lat' dir='ltr'><strong>ut</strong></span> <span class='ocrx_word' id='word_1_379' title='bbox 2157 2764 2409 2804; x_wconf 85' lang='lat' dir='ltr'><strong>moneam</strong></span> <span class='ocrx_word' id='word_1_380' title='bbox 2448 2763 2519 2799; x_wconf 91' lang='lat' dir='ltr'><strong>ne</strong></span> <span class='ocrx_word' id='word_1_381' title='bbox 2556 2746 2680 2815; x_wconf 88' lang='lat' dir='ltr'><strong>quis</strong></span> 
     </span>
     <span class='ocr_line' id='line_1_74' title="bbox 1534 2818 2681 2875; baseline -0.003 0"><span class='ocrx_word' id='word_1_382' title='bbox 1534 2820 1727 2875; x_wconf 90' lang='lat' dir='ltr'><strong>eodem</strong></span> <span class='ocrx_word' id='word_1_383' title='bbox 1776 2836 1925 2875; x_wconf 90' lang='lat' dir='ltr'><strong>anno</strong></span> <span class='ocrx_word' id='word_1_384' title='bbox 1962 2818 2225 2874; x_wconf 88' lang='lat' dir='ltr'><strong>Sabinam</strong></span> <span class='ocrx_word' id='word_1_385' title='bbox 2271 2818 2463 2871; x_wconf 84' lang='lat' dir='ltr'><strong>villam</strong></span> <span class='ocrx_word' id='word_1_386' title='bbox 2502 2818 2681 2872; x_wconf 86' lang='lat' dir='ltr'><strong>Hora-</strong></span> 
     </span>
     <span class='ocr_line' id='line_1_75' title="bbox 1532 2890 2679 2957; baseline 0 -12"><span class='ocrx_word' id='word_1_387' title='bbox 1532 2892 1616 2947; x_wconf 90' lang='lat' dir='ltr'><strong>tio</strong></span> <span class='ocrx_word' id='word_1_388' title='bbox 1661 2892 1851 2945; x_wconf 88' lang='lat' dir='ltr'><strong>datam</strong></span> <span class='ocrx_word' id='word_1_389' title='bbox 1896 2908 2013 2945; x_wconf 85' lang='lat' dir='ltr'><strong>esse</strong></span> <span class='ocrx_word' id='word_1_390' title='bbox 2058 2890 2281 2957; x_wconf 81' lang='lat' dir='ltr'><strong>credat3</strong></span> <span class='ocrx_word' id='word_1_391' title='bbox 2330 2890 2499 2943; x_wconf 89' lang='lat' dir='ltr'><strong>immo</strong></span> <span class='ocrx_word' id='word_1_392' title='bbox 2545 2906 2679 2945; x_wconf 80' lang='lat' dir='ltr'><strong>vero</strong></span> 
     </span>
     <span class='ocr_line' id='line_1_76' title="bbox 1531 2961 2681 3032; baseline -0.002 -15"><span class='ocrx_word' id='word_1_393' title='bbox 1531 2962 1871 3018; x_wconf 89' lang='lat' dir='ltr'><strong>desiderium</strong></span> <span class='ocrx_word' id='word_1_394' title='bbox 1907 2962 2074 3031; x_wconf 88' lang='lat' dir='ltr'><strong>ruris,</strong></span> <span class='ocrx_word' id='word_1_395' title='bbox 2110 2966 2276 3032; x_wconf 76' lang='lat' dir='ltr'><strong>grata</strong></span> <span class='ocrx_word' id='word_1_396' title='bbox 2300 2961 2681 3015; x_wconf 87' lang='lat' dir='ltr'><strong>rusticationis</strong></span> 
     </span>
     <span class='ocr_line' id='line_1_77' title="bbox 1531 3032 2680 3105; baseline -0.004 -15"><span class='ocrx_word' id='word_1_397' title='bbox 1531 3035 1855 3105; x_wconf 86' lang='lat' dir='ltr'><strong>descriptio,</strong></span> <span class='ocrx_word' id='word_1_398' title='bbox 1890 3034 2131 3089; x_wconf 88' lang='lat' dir='ltr'><strong>rusticae</strong></span> <span class='ocrx_word' id='word_1_399' title='bbox 2154 3033 2305 3087; x_wconf 83' lang='lat' dir='ltr'><strong>vitae</strong></span> <span class='ocrx_word' id='word_1_400' title='bbox 2339 3032 2680 3088; x_wconf 85' lang='lat' dir='ltr'><strong>consuetudo</strong></span> 
     </span>
     <span class='ocr_line' id='line_1_78' title="bbox 1531 3106 2681 3174; baseline -0.001 -14"><span class='ocrx_word' id='word_1_401' title='bbox 1531 3106 1849 3161; x_wconf 87' lang='lat' dir='ltr'><strong>firmissime</strong></span> <span class='ocrx_word' id='word_1_402' title='bbox 1908 3106 2200 3173; x_wconf 83' lang='lat' dir='ltr'><strong>evincunt,</strong></span> <span class='ocrx_word' id='word_1_403' title='bbox 2262 3121 2467 3174; x_wconf 86' lang='lat' dir='ltr'><strong>paucos</strong></span> <span class='ocrx_word' id='word_1_404' title='bbox 2529 3108 2681 3159; x_wconf 87' lang='lat' dir='ltr'><strong>certe</strong></span> 
     </span>
     <span class='ocr_line' id='line_1_79' title="bbox 1535 3175 2678 3233; baseline -0.003 -1"><span class='ocrx_word' id='word_1_405' title='bbox 1535 3196 1707 3232; x_wconf 91' lang='lat' dir='ltr'><strong>annos</strong></span> <span class='ocrx_word' id='word_1_406' title='bbox 1744 3178 2041 3233; x_wconf 88' lang='lat' dir='ltr'><strong>Horatium</strong></span> <span class='ocrx_word' id='word_1_407' title='bbox 2078 3177 2191 3231; x_wconf 88' lang='lat' dir='ltr'><strong>iam</strong></span> <span class='ocrx_word' id='word_1_408' title='bbox 2226 3175 2485 3231; x_wconf 87' lang='lat' dir='ltr'><strong>habuisse</strong></span> <span class='ocrx_word' id='word_1_409' title='bbox 2520 3192 2678 3229; x_wconf 87' lang='lat' dir='ltr'><strong>suum</strong></span> 
     </span>
     <span class='ocr_line' id='line_1_80' title="bbox 1530 3250 1841 3320; baseline 0 -17"><span class='ocrx_word' id='word_1_410' title='bbox 1530 3250 1841 3320; x_wconf 89' lang='lat' dir='ltr'><strong>praedium.</strong></span> 
     </span>
    </p>

    <p class='ocr_par' dir='ltr' id='par_1_10' title="bbox 1530 3318 2681 4679">
     <span class='ocr_line' id='line_1_81' title="bbox 1607 3318 2679 3390; baseline -0.002 -16"><span class='ocrx_word' id='word_1_411' title='bbox 1607 3321 1673 3375; x_wconf 89' lang='lat' dir='ltr'><strong>V.</strong></span> <span class='ocrx_word' id='word_1_412' title='bbox 1704 3324 1752 3374; x_wconf 91' lang='lat'><strong>1.</strong></span> <span class='ocrx_word' id='word_1_413' title='bbox 1788 3320 1950 3390; x_wconf 77' lang='lat' dir='ltr'><strong>votis]</strong></span> <span class='ocrx_word' id='word_1_414' title='bbox 1988 3320 2139 3375; x_wconf 84' lang='lat' dir='ltr'><strong>Raro</strong></span> <span class='ocrx_word' id='word_1_415' title='bbox 2172 3318 2323 3390; x_wconf 87' lang='lat' dir='ltr'><strong>apud</strong></span> <span class='ocrx_word' id='word_1_416' title='bbox 2348 3318 2523 3373; x_wconf 92' lang='lat' dir='ltr'><strong>bonos</strong></span> <span class='ocrx_word' id='word_1_417' title='bbox 2548 3318 2679 3373; x_wconf 89' lang='lat' dir='ltr'><strong>scri-</strong></span> 
     </span>
     <span class='ocr_line' id='line_1_82' title="bbox 1532 3390 2679 3462; baseline -0.003 -15"><span class='ocrx_word' id='word_1_418' title='bbox 1532 3398 1724 3462; x_wconf 88' lang='lat' dir='ltr'><strong>ptores</strong></span> <span class='ocrx_word' id='word_1_419' title='bbox 1766 3391 2045 3461; x_wconf 85' lang='lat' dir='ltr'><strong>pedestris</strong></span> <span class='ocrx_word' id='word_1_420' title='bbox 2092 3390 2365 3446; x_wconf 89' lang='lat' dir='ltr'><strong>orationis</strong></span> <span class='ocrx_word' id='word_1_421' title='bbox 2412 3395 2543 3444; x_wconf 83' lang='lat' dir='ltr'><strong>vota</strong></span> <span class='ocrx_word' id='word_1_422' title='bbox 2596 3390 2679 3443; x_wconf 89' lang='lat' dir='ltr'><strong>di·</strong></span> 
     </span>
     <span class='ocr_line' id='line_1_83' title="bbox 1534 3462 2680 3533; baseline -0.002 -15"><span class='ocrx_word' id='word_1_423' title='bbox 1534 3469 1740 3519; x_wconf 82' lang='lat' dir='ltr'><strong>cuntur</strong></span> <span class='ocrx_word' id='word_1_424' title='bbox 1772 3480 1877 3533; x_wconf 89' lang='lat' dir='ltr'><strong>pro</strong></span> <span class='ocrx_word' id='word_1_425' title='bbox 1914 3464 2143 3533; x_wconf 85' lang='lat' dir='ltr'><strong>optatis,</strong></span> <span class='ocrx_word' id='word_1_426' title='bbox 2176 3479 2339 3531; x_wconf 87' lang='lat' dir='ltr'><strong>saepe</strong></span> <span class='ocrx_word' id='word_1_427' title='bbox 2370 3462 2521 3531; x_wconf 87' lang='lat' dir='ltr'><strong>apud</strong></span> <span class='ocrx_word' id='word_1_428' title='bbox 2552 3479 2680 3531; x_wconf 89' lang='lat' dir='ltr'><strong>poe-</strong></span> 
     </span>
     <span class='ocr_line' id='line_1_84' title="bbox 1535 3534 2678 3603; baseline -0.003 -14"><span class='ocrx_word' id='word_1_429' title='bbox 1535 3540 1622 3589; x_wconf 89' lang='lat' dir='ltr'><strong>tas</strong></span> <span class='ocrx_word' id='word_1_430' title='bbox 1658 3552 1861 3603; x_wconf 89' lang='lat' dir='ltr'><strong>eosque</strong></span> <span class='ocrx_word' id='word_1_431' title='bbox 1883 3535 1980 3603; x_wconf 89' lang='lat' dir='ltr'><strong>qui</strong></span> <span class='ocrx_word' id='word_1_432' title='bbox 2005 3535 2177 3589; x_wconf 88' lang='lat' dir='ltr'><strong>secuti</strong></span> <span class='ocrx_word' id='word_1_433' title='bbox 2208 3539 2341 3588; x_wconf 87' lang='lat' dir='ltr'><strong>sunt</strong></span> <span class='ocrx_word' id='word_1_434' title='bbox 2362 3534 2678 3601; x_wconf 87' lang='lat' dir='ltr'><strong>scriptores.</strong></span> 
     </span>
     <span class='ocr_line' id='line_1_85' title="bbox 1534 3604 2680 3675; baseline -0.003 -14"><span class='ocrx_word' id='word_1_435' title='bbox 1534 3607 1605 3661; x_wconf 84' lang='lat' dir='ltr'><strong>cf.</strong></span> <span class='ocrx_word' id='word_1_436' title='bbox 1626 3624 1674 3661; x_wconf 87' lang='lat' dir='ltr'><strong>v.</strong></span> <span class='ocrx_word' id='word_1_437' title='bbox 1696 3609 1781 3661; x_wconf 83' lang='lat'><strong>59.</strong></span> <span class='ocrx_word' id='word_1_438' title='bbox 1815 3604 1995 3675; x_wconf 84' lang='lat' dir='ltr'><strong>Epist.</strong></span> <span class='ocrx_word' id='word_1_439' title='bbox 2014 3606 2059 3673; x_wconf 89' lang='grc' dir='ltr'><strong>Ι,</strong></span> <span class='ocrx_word' id='word_1_440' title='bbox 2085 3608 2167 3671; x_wconf 87' lang='grc'><strong>11,</strong></span> <span class='ocrx_word' id='word_1_441' title='bbox 2199 3607 2251 3659; x_wconf 79' lang='grc' dir='ltr'><strong>ὅ.</strong></span> <span class='ocrx_word' id='word_1_442' title='bbox 2276 3604 2320 3671; x_wconf 90' lang='lat'><strong>1,</strong></span> <span class='ocrx_word' id='word_1_443' title='bbox 2342 3609 2426 3665; x_wconf 80' lang='lat'><strong>14,</strong></span> <span class='ocrx_word' id='word_1_444' title='bbox 2445 3607 2531 3657; x_wconf 85' lang='lat'><strong>41.</strong></span> <span class='ocrx_word' id='word_1_445' title='bbox 2564 3605 2609 3672; x_wconf 93' lang='grc' dir='ltr'><strong>Ι,</strong></span> <span class='ocrx_word' id='word_1_446' title='bbox 2628 3606 2680 3672; x_wconf 83' lang='grc'><strong>2,</strong></span> 
     </span>
     <span class='ocr_line' id='line_1_86' title="bbox 1533 3675 2679 3749; baseline -0.003 -18"><span class='ocrx_word' id='word_1_447' title='bbox 1533 3680 1621 3749; x_wconf 66' lang='grc'><strong>56.</strong></span> <span class='ocrx_word' id='word_1_448' title='bbox 1656 3678 1769 3734; x_wconf 87' lang='lat' dir='ltr'><strong>Sat.</strong></span> <span class='ocrx_word' id='word_1_449' title='bbox 1790 3679 1833 3739; x_wconf 92' lang='lat' dir='ltr'><strong>I,</strong></span> <span class='ocrx_word' id='word_1_450' title='bbox 1856 3681 1903 3745; x_wconf 94' lang='lat'><strong>1,</strong></span> <span class='ocrx_word' id='word_1_451' title='bbox 1922 3678 2009 3731; x_wconf 83' lang='lat'><strong>22.</strong></span> <span class='ocrx_word' id='word_1_452' title='bbox 2044 3676 2224 3731; x_wconf 87' lang='lat' dir='ltr'><strong>Carm.</strong></span> <span class='ocrx_word' id='word_1_453' title='bbox 2245 3676 2341 3745; x_wconf 87' lang='lat' dir='ltr'><strong>IV,</strong></span> <span class='ocrx_word' id='word_1_454' title='bbox 2365 3678 2448 3744; x_wconf 78' lang='lat'><strong>13,</strong></span> <span class='ocrx_word' id='word_1_455' title='bbox 2474 3678 2517 3729; x_wconf 85' lang='grc'><strong>1.</strong></span> <span class='ocrx_word' id='word_1_456' title='bbox 2545 3675 2601 3730; x_wconf 88' lang='lat' dir='ltr'><strong>C.</strong></span> <span class='ocrx_word' id='word_1_457' title='bbox 2622 3675 2679 3729; x_wconf 83' lang='lat' dir='ltr'><strong>S.</strong></span> 
     </span>
     <span class='ocr_line' id='line_1_87' title="bbox 1534 3746 2677 3819; baseline 0 -18"><span class='ocrx_word' id='word_1_458' title='bbox 1534 3752 1622 3801; x_wconf 89' lang='grc'><strong>71.</strong></span> <span class='ocrx_word' id='word_1_459' title='bbox 1660 3749 1840 3819; x_wconf 85' lang='lat' dir='ltr'><strong>Epod.</strong></span> <span class='ocrx_word' id='word_1_460' title='bbox 1863 3752 1915 3818; x_wconf 72' lang='grc'><strong>7,</strong></span> <span class='ocrx_word' id='word_1_461' title='bbox 1936 3752 1988 3804; x_wconf 89' lang='grc'><strong>9.</strong></span> <span class='ocrx_word' id='word_1_462' title='bbox 2019 3750 2104 3816; x_wconf 87' lang='lat'><strong>17,</strong></span> <span class='ocrx_word' id='word_1_463' title='bbox 2120 3749 2208 3801; x_wconf 84' lang='grc'><strong>62.</strong></span> <span class='ocrx_word' id='word_1_464' title='bbox 2235 3750 2463 3817; x_wconf 67' lang='grc' dir='ltr'><strong>-ἑιιρίε</strong></span> <span class='ocrx_word' id='word_1_465' title='bbox 2482 3746 2677 3817; x_wconf 74' lang='lat' dir='ltr'><strong>aquae]</strong></span> 
     </span>
     <span class='ocr_line' id='line_1_88' title="bbox 1533 3818 2678 3890; baseline -0.005 -14"><span class='ocrx_word' id='word_1_466' title='bbox 1533 3821 1627 3877; x_wconf 89' lang='lat' dir='ltr'><strong>Sic</strong></span> <span class='ocrx_word' id='word_1_467' title='bbox 1662 3822 1960 3890; x_wconf 82' lang='lat' dir='ltr'><strong>coniunge;</strong></span> <span class='ocrx_word' id='word_1_468' title='bbox 1998 3824 2063 3875; x_wconf 88' lang='lat' dir='ltr'><strong>ut</strong></span> <span class='ocrx_word' id='word_1_469' title='bbox 2098 3818 2279 3889; x_wconf 86' lang='lat' dir='ltr'><strong>Epist.</strong></span> <span class='ocrx_word' id='word_1_470' title='bbox 2302 3818 2347 3883; x_wconf 85' lang='lat'><strong>1,</strong></span> <span class='ocrx_word' id='word_1_471' title='bbox 2378 3820 2463 3886; x_wconf 75' lang='lat'><strong>15,</strong></span> <span class='ocrx_word' id='word_1_472' title='bbox 2491 3820 2575 3871; x_wconf 87' lang='grc'><strong>16.</strong></span> <span class='ocrx_word' id='word_1_473' title='bbox 2610 3848 2678 3858; x_wconf 90' lang='grc'>-</span> 
     </span>
     <span class='ocr_line' id='line_1_89' title="bbox 1531 3889 2681 3962; baseline -0.004 -14"><span class='ocrx_word' id='word_1_474' title='bbox 1531 3910 1696 3962; x_wconf 77' lang='lat' dir='ltr'><strong>super</strong></span> <span class='ocrx_word' id='word_1_475' title='bbox 1738 3893 1849 3961; x_wconf 74' lang='lat' dir='ltr'><strong>his]</strong></span> <span class='ocrx_word' id='word_1_476' title='bbox 1893 3893 1959 3946; x_wconf 92' lang='lat' dir='ltr'><strong>In</strong></span> <span class='ocrx_word' id='word_1_477' title='bbox 2006 3908 2173 3961; x_wconf 88' lang='lat' dir='ltr'><strong>prosa</strong></span> <span class='ocrx_word' id='word_1_478' title='bbox 2225 3891 2423 3945; x_wconf 90' lang='lat' dir='ltr'><strong>melius</strong></span> <span class='ocrx_word' id='word_1_479' title='bbox 2472 3889 2681 3944; x_wconf 88' lang='lat' dir='ltr'><strong>dicitur</strong></span> 
     </span>
     <span class='ocr_line' id='line_1_90' title="bbox 1531 3961 2681 4033; baseline -0.004 -13"><span class='ocrx_word' id='word_1_480' title='bbox 1531 3980 1697 4033; x_wconf 79' lang='lat' dir='ltr'><strong>super</strong></span> <span class='ocrx_word' id='word_1_481' title='bbox 1732 3964 1875 4019; x_wconf 77' lang='lat' dir='ltr'><strong>haec.</strong></span> <span class='ocrx_word' id='word_1_482' title='bbox 1915 3964 2173 4019; x_wconf 87' lang='lat' dir='ltr'><strong>Ceterum</strong></span> <span class='ocrx_word' id='word_1_483' title='bbox 2214 3962 2285 4017; x_wconf 81' lang='lat' dir='ltr'><strong>cf.</strong></span> <span class='ocrx_word' id='word_1_484' title='bbox 2306 3963 2486 4016; x_wconf 87' lang='lat' dir='ltr'><strong>Carm.</strong></span> <span class='ocrx_word' id='word_1_485' title='bbox 2500 3961 2572 4025; x_wconf 86' lang='lat'><strong>11,</strong></span> <span class='ocrx_word' id='word_1_486' title='bbox 2596 3963 2681 4030; x_wconf 83' lang='lat'><strong>18,</strong></span> 
     </span>
     <span class='ocr_line' id='line_1_91' title="bbox 1537 4032 2675 4105; baseline -0.004 -16"><span class='ocrx_word' id='word_1_487' title='bbox 1537 4040 1599 4089; x_wconf 90' lang='lat'><strong>11</strong></span> <span class='ocrx_word' id='word_1_488' title='bbox 1636 4054 1720 4105; x_wconf 91' lang='lat' dir='ltr'><strong>sq.</strong></span> <span class='ocrx_word' id='word_1_489' title='bbox 1756 4036 1856 4103; x_wconf 89' lang='grc' dir='ltr'><strong>ΠΙ,</strong></span> <span class='ocrx_word' id='word_1_490' title='bbox 1895 4038 1979 4101; x_wconf 88' lang='grc'><strong>16,</strong></span> <span class='ocrx_word' id='word_1_491' title='bbox 2012 4036 2081 4089; x_wconf 89' lang='grc'><strong>29</strong></span> <span class='ocrx_word' id='word_1_492' title='bbox 2112 4052 2193 4103; x_wconf 88' lang='lat' dir='ltr'><strong>sq.</strong></span> <span class='ocrx_word' id='word_1_493' title='bbox 2230 4032 2411 4103; x_wconf 88' lang='lat' dir='ltr'><strong>Epod.</strong></span> <span class='ocrx_word' id='word_1_494' title='bbox 2440 4037 2485 4095; x_wconf 86' lang='lat'><strong>1,</strong></span> <span class='ocrx_word' id='word_1_495' title='bbox 2507 4035 2675 4085; x_wconf 77' lang='lat'><strong>81.-</strong></span> 
     </span>
     <span class='ocr_line' id='line_1_92' title="bbox 1533 4104 2681 4171; baseline -0.007 -8"><span class='ocrx_word' id='word_1_496' title='bbox 1533 4108 1703 4163; x_wconf 78' lang='lat' dir='ltr'><strong>Maia</strong></span> <span class='ocrx_word' id='word_1_497' title='bbox 1732 4113 1861 4163; x_wconf 81' lang='lat' dir='ltr'><strong>nate</strong></span> <span class='ocrx_word' id='word_1_498' title='bbox 1921 4106 2153 4161; x_wconf 88' lang='lat' dir='ltr'><strong>Invocat</strong></span> <span class='ocrx_word' id='word_1_499' title='bbox 2187 4104 2529 4161; x_wconf 86' lang='lat' dir='ltr'><strong>Mercurium</strong></span> <span class='ocrx_word' id='word_1_500' title='bbox 2564 4120 2681 4171; x_wconf 74' lang='grc' dir='ltr'><strong>κερ-</strong></span> 
     </span>
     <span class='ocr_line' id='line_1_93' title="bbox 1534 4176 2679 4248; baseline -0.003 -16"><span class='ocrx_word' id='word_1_501' title='bbox 1534 4180 1699 4248; x_wconf 77' lang='grc' dir='ltr'><strong>δῷον.</strong></span> <span class='ocrx_word' id='word_1_502' title='bbox 1749 4178 1819 4234; x_wconf 81' lang='lat' dir='ltr'><strong>cf.</strong></span> <span class='ocrx_word' id='word_1_503' title='bbox 1900 4184 1975 4233; x_wconf 87' lang='lat' dir='ltr'><strong>at.</strong></span> <span class='ocrx_word' id='word_1_504' title='bbox 2013 4178 2086 4246; x_wconf 90' lang='lat' dir='ltr'><strong>H,</strong></span> <span class='ocrx_word' id='word_1_505' title='bbox 2124 4178 2176 4244; x_wconf 79' lang='lat'><strong>3,</strong></span> <span class='ocrx_word' id='word_1_506' title='bbox 2214 4178 2299 4231; x_wconf 86' lang='grc'><strong>68.</strong></span> <span class='ocrx_word' id='word_1_507' title='bbox 2346 4176 2547 4231; x_wconf 84' lang='lat' dir='ltr'><strong>Matris</strong></span> <span class='ocrx_word' id='word_1_508' title='bbox 2585 4192 2679 4229; x_wconf 85' lang='lat' dir='ltr'><strong>au-</strong></span> 
     </span>
     <span class='ocr_line' id='line_1_94' title="bbox 1531 4247 2680 4319; baseline -0.005 -14"><span class='ocrx_word' id='word_1_509' title='bbox 1531 4254 1645 4306; x_wconf 89' lang='lat' dir='ltr'><strong>tem</strong></span> <span class='ocrx_word' id='word_1_510' title='bbox 1683 4267 1883 4305; x_wconf 89' lang='lat' dir='ltr'><strong>nomen</strong></span> <span class='ocrx_word' id='word_1_511' title='bbox 1908 4251 1969 4304; x_wconf 90' lang='lat' dir='ltr'><strong>in</strong></span> <span class='ocrx_word' id='word_1_512' title='bbox 1992 4250 2251 4319; x_wconf 87' lang='lat' dir='ltr'><strong>precibus</strong></span> <span class='ocrx_word' id='word_1_513' title='bbox 2282 4247 2553 4303; x_wconf 87' lang='lat' dir='ltr'><strong>blandum</strong></span> <span class='ocrx_word' id='word_1_514' title='bbox 2578 4251 2680 4301; x_wconf 89' lang='lat' dir='ltr'><strong>est.</strong></span> 
     </span>
     <span class='ocr_line' id='line_1_95' title="bbox 1531 4317 2679 4392; baseline -0.005 -15"><span class='ocrx_word' id='word_1_515' title='bbox 1531 4352 1601 4363; x_wconf 92' lang='lat'><strong>—-</strong></span> <span class='ocrx_word' id='word_1_516' title='bbox 1631 4321 1890 4392; x_wconf 73' lang='lat' dir='ltr'><strong>propria]</strong></span> <span class='ocrx_word' id='word_1_517' title='bbox 1928 4326 1993 4375; x_wconf 89' lang='lat' dir='ltr'><strong>ut</strong></span> <span class='ocrx_word' id='word_1_518' title='bbox 2028 4321 2141 4375; x_wconf 88' lang='lat' dir='ltr'><strong>Sat.</strong></span> <span class='ocrx_word' id='word_1_519' title='bbox 2168 4321 2240 4389; x_wconf 89' lang='grc' dir='ltr'><strong>ΙΙ,</strong></span> <span class='ocrx_word' id='word_1_520' title='bbox 2256 4322 2308 4386; x_wconf 88' lang='grc'><strong>2,</strong></span> <span class='ocrx_word' id='word_1_521' title='bbox 2334 4321 2453 4372; x_wconf 83' lang='grc'><strong>129.</strong></span> <span class='ocrx_word' id='word_1_522' title='bbox 2498 4317 2679 4387; x_wconf 86' lang='lat' dir='ltr'><strong>Epist.</strong></span> 
     </span>
     <span class='ocr_line' id='line_1_96' title="bbox 1533 4390 2680 4461; baseline -0.003 -13"><span class='ocrx_word' id='word_1_523' title='bbox 1533 4393 1607 4461; x_wconf 91' lang='lat'><strong>11,</strong></span> <span class='ocrx_word' id='word_1_524' title='bbox 1629 4396 1679 4461; x_wconf 87' lang='grc'><strong>2,</strong></span> <span class='ocrx_word' id='word_1_525' title='bbox 1704 4394 1821 4446; x_wconf 81' lang='lat'><strong>158.</strong></span> <span class='ocrx_word' id='word_1_526' title='bbox 1844 4422 1910 4431; x_wconf 91' lang='lat'>—</span> <span class='ocrx_word' id='word_1_527' title='bbox 1930 4393 1984 4447; x_wconf 74' lang='lat' dir='ltr'><strong>si</strong></span> <span class='ocrx_word' id='word_1_528' title='bbox 2016 4408 2186 4461; x_wconf 67' lang='lat' dir='ltr'><strong>neque</strong></span> <span class='ocrx_word' id='word_1_529' title='bbox 2219 4391 2349 4461; x_wconf 80' lang='lat' dir='ltr'><strong>cet-J</strong></span> <span class='ocrx_word' id='word_1_530' title='bbox 2396 4390 2680 4459; x_wconf 86' lang='lat' dir='ltr'><strong>Frequens</strong></span> 
     </span>
     <span class='ocr_line' id='line_1_97' title="bbox 1533 4461 2679 4533; baseline -0.002 -15"><span class='ocrx_word' id='word_1_531' title='bbox 1533 4466 1593 4520; x_wconf 89' lang='lat' dir='ltr'><strong>in</strong></span> <span class='ocrx_word' id='word_1_532' title='bbox 1628 4464 1889 4533; x_wconf 87' lang='lat' dir='ltr'><strong>precibus</strong></span> <span class='ocrx_word' id='word_1_533' title='bbox 1925 4464 2205 4533; x_wconf 82' lang='lat' dir='ltr'><strong>particula</strong></span> <span class='ocrx_word' id='word_1_534' title='bbox 2239 4464 2308 4531; x_wconf 76' lang='lat' dir='ltr'><strong>si,</strong></span> <span class='ocrx_word' id='word_1_535' title='bbox 2344 4461 2443 4517; x_wconf 89' lang='lat' dir='ltr'><strong>ubi</strong></span> <span class='ocrx_word' id='word_1_536' title='bbox 2492 4461 2679 4517; x_wconf 89' lang='lat' dir='ltr'><strong>mode·</strong></span> 
     </span>
     <span class='ocr_line' id='line_1_98' title="bbox 1530 4533 2679 4604; baseline -0.003 -13"><span class='ocrx_word' id='word_1_537' title='bbox 1530 4538 1643 4591; x_wconf 89' lang='lat' dir='ltr'><strong>stia</strong></span> <span class='ocrx_word' id='word_1_538' title='bbox 1676 4536 1978 4603; x_wconf 86' lang='lat' dir='ltr'><strong>indicatur,</strong></span> <span class='ocrx_word' id='word_1_539' title='bbox 2016 4552 2158 4604; x_wconf 85' lang='lat' dir='ltr'><strong>quae</strong></span> <span class='ocrx_word' id='word_1_540' title='bbox 2200 4535 2361 4590; x_wconf 89' lang='lat' dir='ltr'><strong>decet</strong></span> <span class='ocrx_word' id='word_1_541' title='bbox 2396 4533 2679 4589; x_wconf 87' lang='lat' dir='ltr'><strong>infirmum</strong></span> 
     </span>
     <span class='ocr_line' id='line_1_99' title="bbox 1531 4605 2679 4679; baseline -0.003 -17"><span class='ocrx_word' id='word_1_542' title='bbox 1531 4624 1707 4679; x_wconf 83' lang='lat' dir='ltr'><strong>genus</strong></span> <span class='ocrx_word' id='word_1_543' title='bbox 1746 4607 2069 4671; x_wconf 85' lang='lat' dir='ltr'><strong>humanum,</strong></span> <span class='ocrx_word' id='word_1_544' title='bbox 2094 4611 2153 4662; x_wconf 86' lang='lat' dir='ltr'><strong>et</strong></span> <span class='ocrx_word' id='word_1_545' title='bbox 2185 4607 2461 4677; x_wconf 88' lang='lat' dir='ltr'><strong>probatur</strong></span> <span class='ocrx_word' id='word_1_546' title='bbox 2496 4605 2679 4674; x_wconf 87' lang='lat' dir='ltr'><strong>simul,</strong></span> 
     </span>
    </p>
   </div>
  </div>
 </body>
</html>
