3092 5059
400 222 524 287 102

1364 222 1828 291 GARMJNUM

805 407 1267 485 Insanientis
1322 408 1505 485 dum
1557 409 1983 504 sapientiae

902 534 1316 615 Consultus
1370 560 1566 631 erro,
1621 558 1826 609 nunc
1877 544 2300 609 retrorsum

995 656 1195 733 Vela
1249 658 1437 734 dare
1488 671 1722 757 atque
1771 659 2054 733 iterare
2105 682 2366 731 cursus

742 838 767 877 5
804 805 1065 906 Cogor
1116 806 1457 883 relictos:
1504 834 1838 907 namque
1893 807 2296 903 Diespiter,

397 1003 804 1074 Epicureorum
828 1002 1142 1074 disciplina,
1180 1022 1323 1073 quae
1358 1004 1430 1059 ad
1464 1004 1546 1059 hi-

395 1075 681 1130 latitatem
718 1076 871 1130 vitae
904 1076 1147 1131 maxime
1180 1078 1547 1147 pertinerent,

395 1146 455 1200 in
492 1164 653 1201 suum
688 1147 796 1201 sibi
836 1165 997 1202 usum
1032 1154 1360 1218 sumpserat.
1412 1148 1550 1203 Inde

394 1218 537 1272 illud
588 1223 673 1273 est
725 1218 876 1288 quod
940 1217 1055 1273 Sat.
1103 1218 1148 1288 1,
1194 1222 1244 1283 5,
1286 1220 1386 1273 101
1427 1236 1547 1288 sqq

396 1290 630 1359 legitur5
680 1290 881 1358 quibus
917 1291 1188 1359 versibus,
1225 1291 1442 1346 scilicet
1476 1309 1550 1345 ne

395 1361 629 1415 deorum
670 1360 865 1416 hilaris
912 1362 1032 1415 vita
1072 1362 1319 1433 regendo
1357 1368 1416 1417 et
1452 1363 1547 1417 ad-

396 1432 765 1487 ministrando
806 1432 1014 1488 mundo
1053 1434 1331 1503 turbetur,
1368 1435 1550 1488 omnis

395 1502 627 1558 deorum
680 1504 749 1559 de
804 1504 1049 1559 humano
1111 1522 1315 1576 genere
1370 1507 1550 1575 deque

395 1575 465 1629 iis
504 1592 645 1645 quae
676 1574 801 1631 fieri
838 1576 1089 1631 videmus
1129 1578 1189 1631 in
1224 1594 1415 1633 rerum
1452 1596 1547 1633 na-

396 1650 527 1701 tura
578 1664 711 1703 cura
758 1651 855 1702 aut
901 1648 1257 1717 providentia
1310 1650 1550 1703 tollitur.

396 1718 449 1773 A
492 1736 602 1787 qua
638 1721 915 1774 sententia
948 1720 1103 1773 virili
1142 1724 1327 1775 aetate
1366 1737 1550 1803 rever-

398 1806 506 1859 sus,
546 1806 672 1844 cum
708 1790 962 1845 divinam
996 1797 1241 1846 mentem
1278 1797 1337 1847 et
1370 1791 1431 1845 in
1466 1809 1550 1846 re-

280 1923 287 1929 ,
394 1878 521 1915 rum
574 1866 777 1917 natura
830 1867 889 1917 et
940 1863 1001 1916 in
1056 1863 1287 1918 humani
1329 1864 1552 1933 generis

392 1931 525 1987 fatis
575 1934 935 2002 conspicuam
984 1938 1041 1989 et
1087 1938 1338 2004 apertam
1388 1934 1551 1989 intel-

394 2002 638 2072 lexisset,
683 2006 1071 2061 necessitatem
1116 2005 1343 2076 publice
1378 2007 1552 2061 etiam

395 2076 783 2131 retractandae
838 2076 1116 2147 opinionis
1163 2078 1273 2132 sibi
1325 2078 1552 2147 imposi-

396 2150 513 2202 tam
576 2152 733 2203 ratus
794 2147 902 2203 hoo
963 2149 1210 2204 carmine
1268 2149 1552 2219 professus

397 2224 508 2281 est,
556 2220 969 2288 providentiam
1011 2220 1263 2275 divinam
1310 2238 1420 2275 non
1456 2221 1549 2277 de-

397 2291 700 2346 monstrari
755 2292 981 2360 quidem
1024 2292 1249 2361 placitis
1307 2291 1550 2361 philoso-

392 2362 574 2431 phicis
612 2362 708 2416 sed
745 2362 1103 2417 manifestam
1132 2380 1248 2418 esse
1276 2364 1553 2432 omnibus,

396 2433 601 2502 quibus
636 2434 840 2488 mentis
864 2439 1070 2489 natura
1106 2438 1163 2489 et
1202 2435 1347 2488 acies
1372 2435 1554 2490 libera

396 2504 471 2560 sit
509 2523 573 2560 ac
607 2523 721 2559 non
756 2510 1047 2561 occaecata
1082 2505 1239 2559 falsis
1275 2504 1553 2561 humanae

394 2576 701 2647 sapientiae
755 2576 1043 2631 doctrinis.
1127 2576 1313 2645 Quare
1365 2578 1554 2633 redire

396 2664 454 2701 se
491 2648 573 2701 ait
611 2648 680 2702 ad
715 2648 928 2718 primos
970 2666 1161 2703 sensus
1209 2655 1417 2704 natura
1451 2650 1551 2703 hu-

398 2736 561 2773 mano
609 2721 823 2789 pectori
872 2720 1088 2788 insitos,
1138 2720 1457 2788 relinquere
1494 2739 1554 2775 se

394 2790 641 2845 ieiunam
676 2808 741 2846 ac
778 2790 1045 2861 frigidam
1071 2792 1403 2861 sapientiam
1428 2810 1553 2861 per—

395 2878 555 2917 verso
571 2863 823 2917 acumine
843 2868 1198 2934 procreatam
1212 2862 1448 2933 (stroph.
1467 2864 1545 2933 1);

395 2952 527 2987 nam
562 2933 797 2989 meliora
832 2934 1059 2989 doctum
1096 2935 1289 2989 videre
1320 2952 1378 2989 se
1405 2935 1545 2989 divi·

394 3024 525 3059 nam
572 3023 799 3060 manum
834 3010 1123 3075 potentem
1168 3024 1234 3061 ac
1268 3006 1547 3061 valentem

394 3077 453 3131 in
496 3094 687 3131 rerum
722 3081 943 3146 natura,
980 3078 1169 3132 omnia
1204 3079 1377 3133 etiam
1405 3096 1550 3148 quae

393 3149 637 3203 maxime
690 3149 989 3203 videantur
1044 3148 1227 3204 aliena
1282 3150 1430 3204 inter
1488 3167 1547 3205 se

395 3220 827 3291 coniungentem
868 3220 992 3289 (str.
1030 3222 1083 3275 2.
1126 3222 1201 3289 8),
1246 3238 1547 3291 agnoscere

393 3308 453 3345 se
488 3291 724 3346 deorum
748 3296 1085 3361 potestatem
1111 3310 1175 3347 ac
1198 3294 1546 3347 voluntatem

390 3363 451 3417 in
488 3362 786 3418 contrariis
824 3368 883 3418 et
924 3363 1221 3433 insperatis
1258 3364 1547 3419 hominum

393 3433 528 3488 fatis
555 3452 619 3489 ac
641 3434 1117 3491 vicissitudinibus
1142 3436 1261 3503 (str-
1290 3438 1365 3505 4).
1406 3436 1546 3491 Poe-

393 3509 510 3561 tam
536 3510 725 3561 autem
751 3506 909 3561 decet
936 3524 1050 3561 ιιοιι
1076 3507 1383 3563 abstractas
1408 3526 1545 3577 quas

394 3582 597 3631 vocant
666 3579 969 3633 sententias
1041 3596 1372 3661 proponere,
1446 3580 1545 3633 sed

392 3648 663 3717 exemplis
707 3650 939 3719 propius
988 3650 1201 3705 animos
1255 3651 1546 3705 hominum

394 3720 755 3803 tangentibus
815 3726 873 3775 et
931 3722 999 3775 ex'
1058 3722 1369 3806 cottidiana
1426 3723 1547 3775 vita

390 3791 584 3860 petitis
641 3808 762 3847 rem
812 3792 1123 3861 illustrare;
1185 3794 1267 3849 sic
1327 3794 1543 3848 intelle·

391 3862 604 3933 gendus
640 3881 742 3933 per
777 3882 981 3933 purum
1015 3868 1216 3919 tonans
1244 3864 1543 3935 Diespiter,

390 3934 691 4073 ἷῗὲξῗξ.
724 3938 1053 4063 ἔξὲἒῷΐο
1067 3938 1545 4077 mmm

392 4078 655 4132 notitiam
692 4079 1079 4149 adipiscimur3
1115 4086 1203 4135 est
1238 4080 1387 4134 enim
1424 4080 1545 4133 veri

390 4149 589 4217 simile,
603 4150 925 4205 Teridatem
934 4120 1237 4223 significari
1258 4150 1545 4206 aPrahate

390 4220 659 4277 redeunte
700 4223 1010 4291 expulsum.
1086 4221 1247 4289 Quod
1294 4223 1343 4276 si
1388 4226 1543 4277 recte

389 4291 757 4363 intellegitur,
797 4294 975 4363 liquet
1012 4311 1234 4349 carmen
1272 4292 1543 4362 scriptum

391 4380 509 4419 esse
554 4381 619 4418 eo
674 4370 787 4491 tPem
828 4382 925 4420 ore
972 4383 1081 4436 quo
1130 4366 1277 4420 inter
1314 4363 1542 4419 Terida·

390 4440 507 4490 tem
566 4440 625 4490 et
840 4442 988 4492 atem
1054 4436 1265 4491 bellum
1328 4436 1541 4493 Romae

394 4507 553 4575 quasi
586 4506 781 4563 fabula
806 4508 947 4575 suin
982 4508 1052 4563 cf.
1081 4508 1153 4563 ad
1178 4508 1357 4563 Carm.
1382 4509 1427 4577 1,
1451 4510 1539 4562 26.

389 4578 462 4649 11,
498 4580 548 4631 2.
624 4579 709 4633 De
745 4596 857 4649 qua
894 4579 1009 4634 levi
1043 4578 1321 4635 Teridatis
1368 4580 1539 4652 signi·

1649 1002 1912 1059 ficatione
1953 1020 2067 1058 non
2111 1020 2337 1073 possum
2373 1020 2487 1057 non
2525 1020 2814 1145 apfoff?

1652 1076 1983 1131 Buttmanni
2019 1075 2194 1129 verba
2231 1074 2396 1143 Myth
2293 1074 2528 1145 ytholog

1654 1150 1786 1201 321.
1839 1147 1980 1216 „Mit
2027 1146 2180 1201 einer
2227 1146 2814 1217 Zeitungsnachricht,

1651 1236 1813 1273 wenn
1851 1220 1939 1273 ich
1977 1234 2038 1272 so
2073 1234 2244 1287 sagen
2282 1216 2430 1285 darf,
2478 1236 2580 1271 zur
2615 1218 2814 1273 Besta'-

1651 1292 1699 1345 ti
1778 1308 1855 1361 ng
1929 1291 2080 1344 eines
2151 1288 2386 1344 Gemein
2425 1290 2628 1359 latzes,
2713 1289 2814 1345 be·

1653 1380 1712 1418 sc
1749 1362 1896 1417 liisse
1931 1361 2050 1416 sich
2085 1362 2209 1415 eine
2245 1360 2385 1415 erha
2423 1378 2526 1415 ene
2545 1330 2664 1416 Ode
2696 1380 2814 1416 von

1652 1452 1760 1489 nur
1807 1433 2103 1488 sechszehn
2153 1432 2349 1486 Zeilen
2403 1432 2548 1487 nach
2595 1434 2818 1488 meiner

1652 1504 2036 1575 Empfindung
2073 1501 2338 1558 schlecht.
2396 1502 2551 1558 Aber
2589 1504 2651 1558 in
2688 1522 2814 1559 aus-

1653 1578 1957 1648 gesuchten
2002 1575 2242 1631 Worten
2287 1575 2586 1647 allgemein
2629 1577 2812 1647 gelas-

1654 1667 1776 1716 sen,
1837 1652 1998 1717 entsp
2000 1644 2148 1701 richt
2213 1645 2315 1700 der
2378 1646 2644 1701 Gedanke
2704 1647 2813 1702 der

1654 1719 1866 1775 Wiirde
1920 1719 2018 1774 des
2067 1718 2308 1786 Ganzen,
2368 1718 2638 1773 wahrend
2686 1718 2815 1774 eine

1657 1795 1843 1846 ernste
1898 1789 2264 1859 Anspielung,
2317 1806 2377 1843 so
2421 1790 2596 1844 leicht
2643 1808 2812 1873 ange-

1655 1863 1872 1932 bracht,
1919 1861 2096 1916 durch
2142 1860 2235 1915 die
2275 1860 2444 1915 Wahl
2487 1861 2640 1915 eines
2691 1879 2810 1917 em-

1654 1935 1818 2005 zigen
1859 1902 2122 2001 Wortes,
2182 1949 2250 1986 zu
2305 1932 2460 1986 einer
2517 1932 2662 2002 Zeit,
2723 1950 2812 1989 wo

1649 2007 1806 2076 jenes
1853 2004 2143 2074 Ereigniss
2195 1973 2662 2059 wahrscheinlich’
2716 2005 2814 2060 die

1657 2077 1986 2161 allgemeine
2004 2074 2523 2130 Aufmerksamkeit
2554 2076 2814 2131 beschaf-

1655 2150 1816 2219 tigte,
1853 2148 2014 2202 nicht
2055 2145 2255 2201 anders
2293 2146 2374 2201 als
2409 2147 2574 2202 einen
2610 2147 2816 2204 hiichst

1655 2220 2001 2320 wohlgefalli
2041 2236 2114 2273 en
2191 2218 2483 2275 Eindruck
2573 2219 2814 2274 macheu

1653 2292 1916 2347 konnte.“
2041 2294 2242 2361 egatur
2287 2288 2616 2360 Lessinqius
2663 2290 2810 2361 Opp.

1657 2362 1742 2419 ed.
1781 2361 2008 2419 Lachm.
2042 2361 2135 2415 IV.
2173 2377 2230 2430 p.
2259 2361 2344 2415 34.

1728 2434 1791 2489 V.
1820 2436 1869 2487 2.
1907 2432 2252 2489 Insanientis
2287 2430 2620 2503 sapientiae]
2661 2432 2813 2502 Oxy-

1655 2524 1882 2574 moron3
1941 2505 2292 2559 simillimum
2344 2507 2574 2573 praeter
2629 2504 2812 2560 multa

1659 2578 1769 2633 alia
1805 2582 1890 2632 est
1923 2576 2108 2645 Epist.
2145 2575 2316 2663 1,12,
2358 2577 2441 2628 19.
2495 2575 2810 2663 cf.Eu1-ip.

1655 2646 1877 2704 Heracl.
1897 2650 2027 2702 902.
2066 2642 2166 2717 ,,οὖ
2195 2665 2306 2729 χρη
2327 2658 2475 2699 ποτε
2512 2640 2633 2700 τόδ’
2670 2644 2810 2731 ‹inpe-

1657 2724 1873 2785 λέσθαι,
1919 2720 2088 2803 τιμᾶν
2140 2712 2321 2777 θεοὺς·
2379 2714 2410 2771 ὁ
2460 2715 2650 2789 δὲμὴ
2699 2714 2809 2791 φά-

1658 2809 1808 2846 σκων
1870 2786 2036 2860 ἐγγὺς
2095 2789 2314 2877 μανιῶν
2385 2739 2649 2844 ἐλαύνει]6
2731 2790 2812 2845 id.

1653 2864 1852 2918 Bacch.
1911 2864 2039 2916 386:
2117 2857 2454 2947 ,,Ἀχαλίνων
2515 2856 2811 2930 στομάτων

1651 2930 1869 3005 ἀνόμου
1915 2935 1962 2986 τ’
2019 2930 2340 3019 ἀφροσυνας
2386 2952 2448 2987 το
2489 2934 2645 2993 τέλος
2691 2934 2810 2993 dvc·

1652 3011 1827 3093 wyla-
1899 3003 1954 3061 Ο
2001 3006 2062 3058 δὲ
2105 3006 2198 3063 τᾶς
2235 3001 2464 3087 ἡσυχίας
2497 3009 2684 3072 βίοτος
2717 3010 2810 3059 καὶ

1651 3076 1714 3131 τὸ
1777 3082 2006 3148 φρονεῖν
2055 3068 2360 3129 ἀσάλευτόν
2401 3092 2458 3129 τε
2505 3081 2684 3163 μένει
2715 3080 2810 3130 καὶ

1655 3154 1872 3220 συνέχει
1938 3148 2131 3216 δῶμα·
2203 3142 2402 3230 πρόσω
2467 3145 2576 3232 γὰρ
2651 3142 2811 3233 ὅμως

1653 3224 1850 3289 αἰθέρα
1905 3226 2148 3277 ναίοντες
2205 3215 2412 3305 ὁρῶσιν
2475 3216 2541 3271 τὰ
2597 3220 2814 3288 βροτῶν

1655 3290 1970 3378 Οὐρανίδα.
2049 3286 2128 3343 Τὸ
2183 3286 2372 3361 σοφὸν
2411 3289 2462 3341 δ’
2509 3285 2573 3343 οἰ·
2609 3296 2810 3375 σοφία,

1652 3358 1714 3418 τό
1754 3380 1816 3463 τιε
1865 3358 1946 3434 μὴ
1993 3358 2170 3428 θνητὰ
2209 3366 2439 3433 φρονεῖν
2473 3360 2684 3433 βραχὺς
2725 3366 2812 3416 αὶ-

1655 3430 1766 3489 aiv!
1832 3464 1897 3473 —
1955 3431 2254 3503 consultus]
2291 3450 2436 3487 nove
2473 3434 2704 3499 dictum,
2741 3439 2812 3489 ut

1655 3507 1867 3563 Colum.
1911 3504 2016 3571 XI,
2059 3508 2106 3571 1,
2149 3507 2214 3557 12
2266 3504 2593 3573 „universae
2642 3474 2810 3561 disci·

1649 3579 1838 3649 plinae
1899 3575 2204 3631 consultus.
2207 3575 2239 3605 “
2304 3606 2369 3615 —
2435 3592 2628 3633 cursus
2681 3577 2810 3633 reli-

1652 3648 1787 3718 etos]
1851 3648 1990 3703 Cum
2049 3647 2146 3701 vul
2189 3665 2222 3701 ο
2287 3648 2512 3703 dicatur
2575 3648 2808 3719 relegere

1651 3722 1814 3787 viam,
1850 3719 2074 3787 similia,
2167 3718 2374 3773 einsius
2417 3722 2476 3773 et
2515 3718 2809 3775 Bentleius

1651 3760 1866 3848 reloet’os
1927 3794 2122 3845 contra
2183 3790 2342 3845 codd.
2407 3792 2808 3846 auctoritatem

1651 3862 2006 3919 scribendum
2079 3878 2196 3917 esse
2265 3866 2558 3931 putarunt,
2631 3867 2806 3931 atque

1603 3936 1620 3949 ⁰
1651 3936 1895 4005 explicat
1963 3932 2251 3988 Bentleius
2319 3950 2516 3988 cursus
2581 3936 2808 3990 reiectos

1648 4007 1850 4063 iterare
1919 4006 2066 4059 idem
2133 4021 2252 4059 esse
2311 4004 2463 4074 quod
2525 4005 2809 4075 rekyendo

1649 4080 1864 4134 iterare.
1936 4078 2017 4131 At
2073 4081 2242 4146 poeta
2293 4093 2407 4131 non
2460 4076 2568 4131 hoc
2620 4077 2806 4131 solum

1649 4149 1831 4204 voluit
1883 4148 2086 4214 dicere,
2138 4147 2248 4202 sibi
2289 4146 2636 4203 redeundum
2683 4166 2808 4205 esse

1649 4222 1841 4275 eadem
1889 4220 1998 4287 via,
2047 4236 2158 4287 qua
2205 4220 2282 4273 sit
2324 4235 2670 4290 progressus,
2709 4219 2810 4275 sed

1650 4294 1820 4348 etiam
1857 4297 2068 4347 rectam
2105 4294 2163 4344 et
2201 4290 2272 4345 ad
2304 4298 2514 4346 veram'
2533 4291 2806 4347 humana·

1647 4382 1774 4419 rum
1835 4381 1900 4419 ac
1957 4362 2278 4416 divinarum
2337 4380 2527 4417 rerum
2584 4364 2804 4417 intelle-

1646 4436 1896 4506 gentiam
1957 4434 2120 4488 unioe
2177 4433 2574 4503 perducentem
2632 4435 2806 4503 viam,

1648 4524 1822 4577 prave
1887 4524 1922 4560 a
1979 4522 2038 4559 se
2098 4504 2372 4573 relictam,
2437 4506 2806 4574 repetendam

1648 4596 1782 4634 esse.
1809 4606 1871 4619 --
1903 4575 2213 4647 Diespiter]
2237 4575 2422 4631 Varro
2447 4577 2584 4648 ling.
2609 4577 2710 4633 lat.
2732 4578 2804 4647 V,
