3092 5059
1073 231 1236 297 LIB.
1281 228 1390 297 IV.
1437 228 1688 296 GARM.
1734 229 1877 296 XV.

2548 229 2671 295 285

781 418 900 494 Ne
942 444 1184 519 parva
1234 416 1717 517 Tyrrhenum
1770 442 1910 516 per
1962 441 2256 516 aequor

880 542 1078 619 Vela
1131 542 1418 618 darem.
1515 542 1703 637 Tua,
1762 541 2065 637 Caesar,
2118 551 2323 616 aetas

622 728 648 769 s
685 693 983 790 Fruges
1037 704 1113 765 et
1163 690 1370 787 agris
1418 688 1721 764 rettulit
1766 688 2045 764 uberes

680 817 781 892 Et
829 816 1051 915 signa
1103 828 1367 891 nostro
1419 814 1751 891 restituit
1796 812 1968 888 Iovi

782 943 1122 1043 Derepta
1170 940 1633 1017 Parthorum
1684 941 2037 1039 superbis

878 1068 1234 1142 Postibus
1282 1079 1359 1141 et
1407 1090 1731 1141 vacuum
1785 1064 2063 1141 duellis

684 1218 958 1295 Ianum
1013 1217 1317 1309 Quirini
1363 1215 1635 1291 clausit
1684 1228 1759 1290 et
1810 1214 2161 1292 ordinem

609 1379 658 1416 ιο
691 1346 1004 1420 Rectum
1061 1342 1417 1437 evaganti
1466 1341 1688 1416 frena
1737 1342 2094 1419 licentiae

787 1468 1057 1544 Iniecit
1107 1468 1544 1565 emovitque
1598 1465 1863 1566 culpas

880 1592 980 1667 Et
1027 1586 1332 1669 veteres
1377 1591 1770 1666 revocavit
1818 1603 2045 1685 artes,

687 1742 836 1817 Per
887 1768 1074 1841 quas
1130 1740 1490 1816 Latinum
1541 1768 1823 1817 nomen
1875 1755 1952 1817 et
2000 1742 2245 1817 Italae

697 1865 1031 1943 Crevere
1079 1868 1280 1942 vires
1333 1868 1699 1966 famaque
1751 1880 1825 1941 et
1867 1867 2146 1965 imperi

280 2075 451 2131 huius
511 2075 646 2130 libri
703 2076 824 2131 siue
883 2076 1214 2130 necessitate
1267 2075 1434 2128 nimis

281 2148 576 2203 removeri.

363 2219 428 2273 V.
464 2221 516 2271 2.
554 2218 836 2289 increpuit
869 2218 1016 2289 lyra]
1056 2218 1279 2287 pulsata
1313 2217 1436 2285 lyra

283 2308 374 2345 me
413 2290 722 2358 admonuit,
759 2308 830 2345 ne
873 2290 1086 2344 relictis
1133 2288 1436 2343 levioribus

287 2361 628 2417 carminibus
677 2362 916 2433 grandia
964 2366 1258 2422 tentarem,
1317 2360 1435 2428 qui-

282 2432 388 2487 bus
429 2434 612 2502 impar
660 2438 804 2487 esset
849 2450 974 2487 mea
1019 2433 1156 2501 lyra.
1231 2432 1436 2515 Apollo

285 2505 434 2559 enim
484 2505 644 2573 quasi
692 2506 966 2574 choragus
1015 2509 1112 2567 est,
1163 2504 1258 2571 qui
1313 2520 1438 2557 can-

285 2582 438 2631 tores
494 2577 566 2631 ab
627 2576 795 2631 rectis
859 2576 1040 2630 modis
1116 2574 1438 2629 aberrantes

285 2647 538 2733 graviter
595 2652 748 2702 tacta
813 2648 935 2717 lyra
997 2646 1322 2716 interpellat
1381 2650 1440 2700 et

283 2720 532 2787 increpat
587 2719 626 2773 i.
664 2737 711 2773 e.
776 2718 1026 2789 corrigit,
1082 2718 1288 2773 erroris
1345 2717 1438 2772 ad—

285 2795 492 2845 monet.
568 2790 649 2844 Cf.
712 2789 872 2845 Ovid.
931 2792 998 2844 A.
1051 2792 1120 2844 A.
1178 2790 1250 2857 ΙΙ,
1307 2790 1438 2843 493:

287 2862 476 2932 „Haec
545 2878 650 2933 ego
713 2878 840 2915 cum
909 2878 1193 2929 canerem,
1253 2861 1438 2915 subito

287 2932 618 2987 manifestus
665 2934 872 3001 Apollo
921 2933 1104 2988 Movit
1151 2934 1440 2987 inauratae

290 3005 498 3075 pollice
535 3004 630 3059 fila
668 3005 872 3073 lyrae.“
908 3005 1074 3075 Verg.
1097 3004 1285 3061 Bucol.
1306 3005 1358 3065 6,
1378 3006 1435 3057 3:

291 3076 468 3145 „Cum
533 3092 792 3131 canerem
862 3094 924 3130 re
963 3094 1020 3131 es
1079 3082 1136 3130 et
1207 3041 1438 3145 proelia,

289 3147 560 3248 Cynthius
635 3166 826 3202 aurem
939 3148 1063 3203 ellit
1131 3152 1190 3202 et
1253 3147 1440 3201 admo-

290 3220 470 3275 nuit“
537 3220 684 3273 Cave
723 3219 915 3289 igitur,
949 3236 1020 3274 ne
1043 3219 1256 3303 iungas
1293 3218 1442 3286 loqui

289 3292 434 3361 lyra,
481 3306 593 3360 quo
639 3290 954 3360 perversius
1001 3291 1096 3345 vix
1144 3289 1442 3359 quiequam

288 3366 479 3431 potest
513 3362 769 3445 eogitari.
800 3392 862 3403 --
883 3361 1085 3431 parva]
1135 3362 1259 3416 Non
1297 3361 1441 3415 inso-

289 3434 395 3489 lita
431 3433 612 3503 poesis
652 3434 997 3503 comparatio
1039 3450 1163 3487 cum
1215 3433 1441 3503 naviga-

173 3538 190 3553 ·
291 3508 462 3559 tione.
535 3504 605 3559 of.
645 3505 900 3574 Propert.
938 3504 1035 3573 IV,
1072 3507 1123 3572 8,
1163 3506 1221 3558 3.
1264 3502 1443 3573 „Quid

291 3594 382 3631 me
417 3576 699 3631 scribendi
737 3582 856 3631 tam
905 3545 1126 3631 vastum
1165 3576 1344 3630 mittis
1384 3574 1444 3628 in

289 3648 539 3717 aequor?
577 3647 703 3703 Non
741 3652 872 3702 sunt
907 3653 1042 3717 apta
1075 3665 1230 3703 meae
1277 3664 1443 3717 gran·

292 3719 390 3773 dia
433 3720 562 3773 vela
606 3718 768 3773 rati.“
851 3719 1198 3788 Tyrrhenum
1257 3723 1444 3773 autem

294 3808 450 3846 mare
487 3808 599 3845 non
636 3808 742 3859 pro
773 3794 968 3860 quovis
1011 3792 1171 3859 mari,
1207 3789 1306 3845 sed
1341 3807 1445 3859 pro

294 3868 474 3930 vaste,
524 3868 716 3931 aperto
768 3863 912 3917 mari
955 3864 1198 3931 positum
1237 3867 1335 3917 est.

291 3932 635 4003 uberes]cf.
698 3934 878 3989 Garm.
940 3934 1050 4003 IV,
1114 3936 1166 4002 5,
1233 3935 1316 3987 18.
1377 3962 1445 3974 -

291 4004 479 4075 siqua]
523 4005 807 4059 Restituta
853 4022 886 4059 a
925 4004 1148 4060 Parthis
1193 4023 1349 4059 arma
1397 4022 1445 4059 a.

295 4094 354 4131 ιι.
392 4078 517 4144 734,
558 4076 753 4131 Crasso
791 4077 1028 4146 aliisque
1061 4078 1198 4132 olim
1235 4080 1446 4145 erepta,

295 4149 450 4203 iuter
494 4146 728 4216 pacifica
778 4149 1019 4220 Augusti
1077 4166 1248 4218 opera
1301 4166 1445 4203 oom-

295 4219 600 4275 memorari
646 4220 790 4274 bene
832 4224 1113 4289 poterant,
1160 4220 1291 4289 quia
1333 4237 1448 4273 non

295 4290 447 4345 bello
497 4290 679 4346 coacti
723 4291 820 4346 sed
873 4292 991 4346 solo
1051 4292 1290 4346 nominis
1336 4292 1446 4345 Au·-

293 4364 449 4434 gusti
500 4366 718 4417 terrore
782 4363 1024 4431 permoti
1082 4362 1282 4418 Parthi
1343 4379 1444 4416 sua

294 4438 497 4504 sponte
540 4450 606 4489 ea
651 4433 1028 4489 reddiderant.
1103 4434 1280 4502 Quam
1327 4450 1447 4489 rem

295 4509 586 4576 Augustus
629 4522 732 4574 pro
779 4522 1005 4577 magna
1057 4507 1297 4561 victoria
1351 4506 1446 4561 ha-

293 4578 442 4633 buit.
542 4575 727 4645 Quare
787 4576 1056 4633 Horatius
1127 4596 1250 4633 eam
1323 4594 1450 4633 eum

1542 4363 1867 4433 dimovitque

1534 2075 1724 2128 clauso
1774 2074 1909 2129 Iano
1954 2076 2128 2130 etiam
2162 2074 2342 2146 Epist.
2378 2075 2451 2143 Π,
2493 2079 2541 2144 1,
2576 2076 2683 2129 255

1533 2146 1978 2229 coniungendam
2026 2148 2267 2216 putavit.
2314 2176 2378 2185 —
2408 2116 2682 2216 podibus]

1533 2218 1892 2287 templorum,
1927 2218 1988 2272 in
2024 2218 2225 2288 quibus
2266 2236 2531 2289 suspensa
2566 2216 2683 2271 fue-

1535 2294 1682 2343 rant.
1756 2288 2075 2359 Peregrinis
2121 2290 2297 2360 igitur
2343 2290 2452 2344 diis
2490 2293 2683 2359 erepta

1535 2377 1695 2414 arma
1728 2362 1981 2415 restituit
2003 2362 2293 2431 Augustus
2326 2366 2513 2415 nostro
2547 2361 2684 2427 Iovi,

1536 2432 1574 2485 i.
1610 2449 1657 2485 e.
1698 2433 1863 2486 rectis
1900 2432 2027 2496 diis;
2076 2450 2395 2502 quanquam
2442 2450 2503 2487 re
2548 2448 2684 2487 vera

1535 2520 1647 2557 non
1687 2504 1807 2557 lovi
1845 2504 1942 2558 sed
1972 2504 2145 2559 Marti
2172 2504 2357 2559 Ultori
2396 2506 2684 2574 Augustus

1537 2574 1868 2643 eadicavit.
1944 2575 2025 2629 Of.
2063 2576 2150 2645 Ep
2154 2576 2243 2630 ist.
2282 2576 2328 2644 Ι,
2370 2575 2451 2629 18.
2492 2577 2577 2629 56.
2615 2602 2683 2616 -·-

1539 2644 1741 2699 Ianum
1785 2645 2035 2717 Quirini]
2083 2648 2151 2701 In
2198 2648 2305 2702 hac
2356 2664 2419 2701 re
2472 2663 2687 2701 summa

1538 2718 1781 2788 Augusti
1831 2719 2079 2773 cernitur
2122 2718 2257 2773 laus.
2335 2717 2507 2773 Nam.
2568 2717 2685 2787 „Ia-

1536 2807 1671 2842 num
1735 2788 2027 2857 Quirinum
2046 2830 2060 2859 ,
2133 2791 2321 2859 inquit
2390 2790 2688 2845 Suetonius

1539 2861 1687 2925 (Oct.
1708 2862 1821 2928 22),
1858 2862 2028 2917 semel
2062 2867 2231 2932 atque
2268 2861 2473 2916 iterum
2496 2879 2531 2915 a
2558 2878 2686 2915 eon-

1538 2932 1661 2987 dita
1724 2932 1875 2987 Urbe
1941 2934 2269 2988 memoriam
2338 2936 2471 2987 ante
2530 2949 2686 2987 suam
2784 2968 2791 2975 -

1539 3004 1788 3059 clausum
1822 3004 1883 3058 in
1924 3006 2102 3059 multo
2126 3005 2387 3060 breviore
2418 3004 2689 3073 temporis

1539 3076 1723 3145 spatio
1760 3080 1915 3130 terra
1949 3077 2203 3145 marique
2238 3094 2377 3146 pace
2410 3080 2577 3145 parta
2598 3081 2688 3130 ter

1539 3147 1757 3202 elusit.“
1860 3148 2138 3202 Dicebant
2204 3148 2429 3217 quidem
2485 3147 2689 3201 Ianum

1539 3218 1833 3288 Quirinum
1847 3260 1860 3284 ‚
1916 3220 2013 3273 sed
2064 3236 2255 3274 omnes
2310 3219 2469 3273 codd.
2528 3234 2687 3287 prae·

1540 3290 1677 3344 bent
1750 3290 1990 3359 Quirini.
2098 3290 2350 3361 Reliquit
2419 3290 2689 3345 Horatius

1539 3362 1834 3431 vulgarem
1893 3362 2208 3430 formulam,
2278 3366 2343 3416 ut
2402 3361 2602 3416 Ianum
2656 3379 2690 3415 a

1542 3432 1775 3499 Quirino
1812 3434 2057 3502 positum
2096 3433 2403 3501 Quiritium
2449 3451 2567 3488 esse
2606 3433 2691 3486 in-

1541 3504 1771 3559 dicaret.
1800 3535 1865 3544 -—
1890 3506 2137 3560 ordinem
2159 3504 2375 3574 rectum]
2397 3505 2507 3559 Per
2540 3504 2691 3559 bella

1541 3576 1733 3630 civilia
1766 3575 1951 3646 pudor
1986 3581 2043 3631 et
2080 3578 2347 3631 severitas
2392 3576 2692 3645 impudici-

1543 3648 1657 3702 tiae
1698 3652 1755 3703 et
1804 3648 2059 3702 luxuriae
2097 3652 2404 3717 cesserant3
2440 3648 2693 3703 restituit

1543 3724 1815 3788 quantum
1872 3719 2097 3788 quidem
2152 3720 2340 3789 potuit
2401 3721 2691 3791 Augustus

1543 3796 1727 3845 castos
1760 3808 1945 3845 mores
1991 3791 2207 3861 legibus
2246 3810 2295 3846 a.
2335 3793 2441 3845 736
2479 3792 2549 3845 de
2592 3808 2691 3859 pu·

1544 3861 1739 3917 dicitia
1777 3866 1944 3931 atque
1989 3862 2059 3916 de
2103 3863 2435 3918 maritandis
2480 3862 2691 3917 ordini·

1542 3933 1648 3988 bus
1684 3934 1934 4003 perlatis.
1975 3934 2057 3989 Of.
2094 3934 2274 3989 Carm.
2300 3932 2395 4003 IV,
2424 3938 2476 4002 5,
2502 3937 2567 3987 21
2590 3951 2692 4002 sq.‚

1545 4006 1697 4075 quod
1732 4022 1957 4061 carmen
1988 4011 2172 4060 totum
2210 4024 2338 4062 oum
2382 4006 2489 4060 hoc
2521 4024 2554 4059 a
2594 4021 2691 4075 po-

1545 4078 1653 4132 site
1695 4078 2011 4147 comparari
2054 4083 2257 4147 potest.
2293 4106 2364 4118 —-
2396 4084 2543 4131 artes
2605 4077 2691 4129 ln·

1543 4150 1892 4219 telleguntur
1914 4149 2230 4220 frugalitas,
2260 4148 2533 4219 patientia
2557 4165 2691 4230 pau·-

1543 4221 1800 4290 pertatis,
1836 4221 2072 4289 iustitia,
2120 4220 2465 4275 continentia
2500 4220 2690 4274 animi.

1545 4320 1617 4331 -
1642 4291 1952 4361 emovitque]
1982 4292 2220 4363 Legitur
2242 4293 2415 4347 etiam
2447 4292 2507 4345 in
2532 4290 2690 4345 codd.

1890 4368 1947 4417 et
1973 4364 2295 4433 emovitque.
2330 4362 2473 4416 illud
2504 4368 2693 4417 tamen

1545 4433 1933 4559 1Elei-{itionum
1972 4434 2043 4489 cf.
2072 4434 2184 4489 Sat.
2209 4434 2281 4502 H,
2304 4437 2356 4502 3,
2382 4436 2467 4489 28.
2506 4434 2694 4503 Epist.

1606 4546 1621 4575 2
1695 4546 1709 4574 2
1745 4508 1831 4561 46.

1619 4577 1685 4632 V.
1727 4580 1811 4632 15.
1866 4576 1941 4632 ad
1994 4578 2177 4646 ortus]
2230 4577 2397 4633 Multi
2452 4577 2696 4634 editores
