3092 5059
1153 219 1665 312 PRAEFATIO.
2520 221 2645 288 613

239 407 328 482 L.
360 407 538 482 Piso
593 408 967 506 pontifex,
1023 433 1282 483 rarum
1329 408 1410 483 in
1453 419 1663 482 tanta
1700 407 2175 503 claritudine,
2215 408 2378 483 fato
2429 409 2641 504 obiit,

242 532 532 607 nullius
597 531 902 608 servilis
962 533 1384 608 sententiae
1445 545 1721 629 sponte
1795 545 2059 608 auctor
2120 547 2217 628 et,
2289 535 2643 632 quotiens

243 659 653 734 necessitas
721 658 1134 754 ingrueret,
1203 659 1591 756 sapienter
1654 657 2083 734 moderans
2189 659 2495 735 Patrem
2570 660 2642 734 ei

242 783 672 858 censorium
725 781 967 859 fuisse
1017 782 1472 858 memoravi:
1523 795 1733 858 aetas
1769 783 1867 858 ad
1907 783 2459 880 octogesimum
2506 811 2640 860 an—

241 933 427 983 num
481 909 894 1005 processit3
948 907 1180 982 decus
1231 907 1699 1008 triumphale
1742 908 1821 981 in
1858 907 2183 983 Thracia
2230 923 2638 984 meruerat.

243 1032 396 1110 Sed
453 1033 872 1129 praecipua
927 1059 1017 1108 ex
1062 1057 1154 1108 eo
1204 1031 1476 1129 gloria,
1532 1032 1741 1131 quod
1797 1033 2235 1130 praefectus
2279 1034 2467 1110 Urbi
2526 1059 2641 1108 re-

241 1184 424 1237 cens
478 1159 916 1236 continuam
977 1169 1433 1258 potestatem
1489 1171 1565 1232 et
1616 1157 2029 1233 insolentia
2090 1159 2418 1254 parendi
2468 1185 2643 1259 gra-

243 1287 536 1361 viorem
570 1284 766 1360 mire
797 1279 1329 1381 temperavit.“
1360 1283 1698 1360 Velleius
1730 1283 2019 1360 Patere.
2047 1283 2153 1380 Π,
2185 1287 2319 1359 98:
2351 1287 2643 1382 „Atrox

239 1412 323 1486 in
375 1409 707 1486 Thracia
767 1409 1060 1484 bellum
1123 1423 1374 1485 ortum
1427 1408 1515 1483 L.
1574 1409 1897 1504 Pisonis,
1970 1435 2196 1509 quem
2259 1408 2643 1510 hodieque

243 1534 917 1633 diligentissimum
984 1547 1216 1634 atque
1279 1534 1610 1611 eundem
1680 1533 2158 1616 lenissimum
2217 1537 2643 1611 securitatis

243 1664 589 1738 urbanae
639 1659 1030 1736 custodem
1087 1659 1482 1757 habemus,
1523 1661 1765 1735 virtus
1812 1661 2286 1758 compressit.
2340 1659 2453 1736 De
2490 1641 2641 1760 quo

241 1786 412 1861 viro
490 1786 640 1862 hoc
698 1785 1050 1861 omnibus
1121 1785 1605 1861 sentiendum
1672 1811 1763 1860 ac
1825 1784 2435 1882 praedicandum
2507 1794 2672 1881 ests

243 1937 411 1990 esse
457 1937 728 1988 mores
797 1911 957 1986 eius
1011 1910 1282 2007 vigore
1330 1936 1422 1986 ac
1474 1911 1789 1986 lenitate
1839 1910 2518 2008 temperatissimos
2572 1921 2647 1986 et

243 2037 372 2112 vix
443 2061 880 2137 quenquam
953 2036 1278 2136 reperiri
1342 2062 1591 2134 posse,
1660 2035 1794 2135 qui
1862 2049 1991 2110 aut
2042 2035 2284 2111 otium
2348 2035 2644 2112 valdius

248 2163 530 2261 diligat
599 2174 734 2238 aut
807 2161 1115 2238 facilius
1196 2162 1532 2237 sufficiat
1604 2161 1917 2259 negotio
1988 2172 2065 2235 et
2129 2161 2375 2258 magis
2449 2186 2645 2260 quae

243 2287 554 2386 agenda
606 2299 784 2362 sunt
835 2299 1050 2366 curet
1101 2289 1266 2362 sine
1331 2287 1490 2362 ulla
1545 2285 2053 2362 ostentatione
2106 2281 2467 2382 agendi.“
2567 2285 2645 2360 Is
2698 2348 2703 2356 .

243 2412 484 2510 igitur
557 2423 776 2488 natus
838 2424 998 2487 erat
1065 2438 1140 2488 a.·
1191 2415 1358 2509 705,
1428 2410 1691 2486 consul
1757 2438 1825 2487 a.
1883 2437 1957 2485 u.
2017 2415 2190 2505 7393
2274 2435 2513 2510 quare
2580 2411 2647 2486 si

241 2539 1041 2632 vicenariusuxorem
1079 2537 1318 2632 duxit,
1365 2535 1583 2611 annis
1630 2541 2021 2611 743-746
2065 2535 2309 2612 filium
2359 2536 2647 2612 habere

239 2665 502 2765 potuit
553 2666 850 2739 17-20
914 2688 1154 2737 annos
1220 2675 1506 2738 natum.
1610 2661 1805 2738 Nam
1861 2661 2007 2737 hoc
2076 2661 2267 2736 mihi
2336 2685 2649 2759 quoque

245 2802 545 2866 certum
602 2789 926 2887 videtur,
984 2790 1341 2865 emissam
1390 2815 1556 2864 esse
1608 2787 1806 2862 hanc
1840 2786 2246 2884 epistulam
2286 2786 2646 2864 extremis

244 2918 449 2991 vitae
493 2917 712 2990 annis
764 2915 1110 3010 Horatii3
1184 2939 1623 3014 quanquam
1677 2914 1756 2986 in
1810 2912 1953 2987 hac
2004 2937 2311 3012 quoque
2364 2937 2447 2986 re
2498 2913 2648 2986 viri

247 3041 458 3116 docti
522 3042 602 3115 in
665 3041 818 3116 alia
883 3041 1140 3117 omnia
1211 3040 1743 3114 discesserunt.
1848 3037 2009 3113 Alii
2072 3040 2271 3114 enim
2352 3037 2648 3114 Satirae

246 3167 316 3256 I,
363 3171 410 3242 4
461 3193 770 3243 versum
829 3169 922 3242 63
985 3165 1478 3267 arripuerunt
1546 3148 1647 3240 et'
1685 3177 2127 3260 comparata
2178 3189 2345 3240 cum
2401 3177 2648 3240 extre-

245 3295 396 3368 mis
446 3293 678 3392 primi
728 3292 912 3368 libri
963 3292 1388 3390 primisque
1433 3289 1755 3365 secundi
1804 3289 2053 3364 satiris
2110 3288 2481 3389 epistulae
2516 3313 2649 3362 na·

251 3433 428 3494 tura
473 3419 675 3523 hunc
722 3417 1004 3492 librum
1059 3395 1567 3516 compositum
1603 3413 2038 3490 iudicarunt
2072 3415 2385 3509 vigente
2421 3413 2651 3487 etiam

249 3542 564 3618 Horatii
615 3556 861 3618 aetate
915 3555 986 3618 et
1040 3553 1215 3616 ante
1266 3541 1695 3640 perfectum
1733 3540 2057 3615 alterum
2106 3540 2511 3614 satirarum
2555 3537 2649 3611 li·

249 3669 518 3764 brum3
573 3669 663 3743 in
709 3694 858 3766 qua
907 3693 995 3744 re
1045 3665 1220 3742 ideo
1274 3689 1751 3761 magnopere
1806 3677 2179 3760 errarunt,
2234 3662 2441 3762 quod
2497 3661 2649 3736 dis-

251 3793 717 3892 positionem
747 3791 1120 3892 epistulae
1151 3771 1526 3866 incertam
1557 3789 1709 3864 sibi
1733 3789 2115 3866 finxerunt
2143 3801 2218 3864 et
2251 3813 2528 3885 vagam
2550 3781 2647 3883 *).

333 4065 386 4132 *)
445 4065 712 4119 Estraeus
772 4079 1100 4134 prosopogr.
1154 4061 1292 4116 Hor.
1349 4075 1403 4130 p.
1503 4076 1554 4113 a.
1593 4057 1749 4111 730st
1826 4056 1906 4110 Id.
1946 4073 1998 4125 p.
2038 4056 2165 4110 289:
2213 4054 2525 4136 „Pisonem,
2562 4054 2653 4108 cui

252 4137 386 4189 206:
481 4135 690 4204 „Recte
747 4133 1062 4189 Reenenius
1125 4133 1265 4202 disp.
1339 4131 1409 4186 de
1504 4129 1773 4184 Horatius
1832 4127 2075 4196 filiisque
2134 4132 2311 4180 artem
2372 4131 2651 4195 poeticam

257 4207 420 4276 epist.
469 4207 542 4261 ad
579 4207 687 4260 Pis.
723 4223 780 4274 p.
817 4207 888 4258 58
926 4205 1188 4266 ostendit,
1227 4207 1408 4258 artem
1503 4201 1809 4270 inscripsit,
1848 4201 1918 4254 ad
1956 4198 2122 4252 Bruti
2158 4198 2335 4252 socios
2372 4215 2497 4252 cnm
2522 4197 2651 4250 Rec-

255 4279 536 4348 poeticam
561 4278 732 4332 fuisse
759 4278 1027 4346 scriptam
1051 4281 1182 4330 ante
1205 4294 1254 4330 a.
1285 4275 1407 4342 735,
1459 4327 1470 4336 ,
1503 4274 1667 4328 nenio
1712 4271 1879 4341 (disp.
1924 4271 1996 4325 de
2040 4270 2203 4340 epist.
2250 4269 2323 4323 ad
2365 4269 2480 4322 Pis.
2518 4270 2653 4322 Am·

263 4367 374 4419 quo
399 4356 652 4405 mortuus
691 4354 776 4403 est
799 4348 1111 4418 Vergilius3
1143 4347 1236 4401 hic
1259 4347 1406 4400 enim
1504 4344 1703 4399 stelod.
1765 4343 1927 4410 1806)
1984 4341 2197 4396 referre
2261 4358 2375 4395 non
2435 4339 2651 4394 dubito.

261 4439 386 4476 cum
441 4421 612 4476 Vario
665 4439 718 4474 v.
781 4422 850 4472 53
889 4437 969 4489 sq.
1033 4419 1184 4474 inter
1253 4418 1410 4471 vivos
1505 4417 1614 4472 Hic
1658 4415 1805 4470 enim
1846 4413 2067 4468 invictis
2118 4413 2461 4482 argumentis
2500 4411 2651 4465 Piso·

259 4495 749 4559 commemoratur,
777 4493 898 4546 tum
929 4507 1149 4559 quoque
1175 4492 1410 4558 propter
1505 4505 1635 4543 nem
1672 4487 1955 4542 diversum
1978 4502 2089 4539 non
2128 4501 2245 4538 esse
2280 4484 2545 4555 probavit
2580 4483 2652 4538 ab

259 4583 341 4620 vs.
389 4567 494 4619 488
539 4583 638 4635 sq„
689 4568 820 4635 post
875 4562 1093 4617 obitum
1151 4560 1412 4630 Quintilii
1507 4559 1627 4628 illo,
1664 4575 1831 4630 quem
1870 4556 2152 4630 significat
2174 4555 2354 4614 Tacit.
2380 4559 2527 4612 Ann.
2552 4555 2653 4625 111,
