3092 5059
431 230 555 296 364

1373 232 1880 300 SATIRARUM

535 414 980 518 Simplicior
1031 420 1204 518 quis
1255 432 1330 494 et
1375 434 1508 516 est,
1568 420 1874 518 qualem
1931 446 2055 496 me
2112 446 2339 519 saepe
2389 420 2721 496 libenter

537 539 972 618 Obtulerim
1017 544 1183 640 tibi,
1241 546 1665 639 Maecenas,
1721 557 1805 618 ut
1858 547 2059 621 forte
2106 546 2494 643 legentem

452 697 503 737 es
541 664 700 741 Aut
748 667 1058 742 tacitum
1112 668 1464 766 impellat
1515 672 1787 769 quovis
1842 696 2197 746 sermone
2248 672 2633 767 molestus,

539 790 1002 887 „Communi
1055 819 1280 869 sensu
1334 794 1567 893 plane
1614 793 1871 872 caret“
1922 796 2331 895 inquimus.

2434 796 2651 873 Eheu

541 914 788 1008 Quam
843 930 1133 994 temere
1185 919 1264 995 in
1318 934 1621 997 nosmet
1669 921 1923 1018 legem
1978 922 2359 997 sancimus
2398 920 2789 1022 iniquam!

537 1039 735 1115 Nam
787 1042 988 1118 vitiis
1041 1070 1269 1120 nemo
1323 1046 1489 1121 sine
1545 1046 1911 1141 nascitur3
1967 1049 2299 1143 optimus
2350 1046 2487 1122 ille
2538 1060 2674 1141 est,

542 1164 695 1257 Qui
747 1167 1078 1243 minimis
1123 1182 1466 1265 urgetur.
1518 1168 1837 1246 Amicus
1880 1171 2127 1247 dulcis
2179 1184 2266 1247 ut
2314 1196 2645 1269 aequum
2700 1184 2843 1267 est,

456 1332 505 1371 το
545 1294 741 1372 Cum
800 1320 970 1373 mea
1023 1310 1468 1396 compenset
1518 1298 1721 1373 vitiis
1776 1299 2000 1394 bona,
2056 1298 2407 1395 pluribus
2454 1297 2685 1391 hisce,

541 1418 627 1496 Si
673 1419 909 1495 modo
962 1421 1187 1518 plura
1239 1420 1432 1496 mihi
1486 1422 1688 1496 bona
1740 1435 1930 1519 sunt,
1984 1422 2325 1518 inclinet,
2380 1421 2625 1497 amari

541 1544 623 1621 Si
677 1544 926 1620 volet:
980 1545 1123 1621 hac
1174 1545 1350 1643 lege
1400 1545 1477 1620 in
1531 1546 1823 1621 trutina
1870 1560 2206 1643 ponetur
2258 1546 2554 1623 eadem.

543 1668 699 1761 Qui
747 1696 845 1745 ne
897 1670 1293 1746 tuberibus
1343 1672 1681 1771 propriis
1735 1671 2077 1748 offendat
2128 1674 2457 1747 amicum

539 1794 912 1887 Postulat,
967 1797 1317 1894 ignoscet
1367 1798 1709 1873 verrucis
1762 1797 2008 1873 illius:
2060 1824 2391 1897 aequum
2440 1810 2574 1893 est,

461 1950 511 1991 τε
547 1918 889 1995 Peccatis
941 1922 1242 1997 veniam
1296 1936 1740 2022 poscentem
1793 1922 2123 1999 reddere
2172 1948 2457 1998 rursus.

541 2042 915 2144 Denique,
965 2058 1338 2145 quatenus
1395 2046 1651 2123 excidi
1693 2048 2000 2144 penitus
2051 2047 2326 2123 vitium
2377 2048 2560 2144 irae,

543 2169 822 2247 Cetera
871 2170 1056 2245 item
1108 2184 1502 2269 nequeunt
1552 2172 1803 2247 stultis
1854 2171 2270 2264 haerentia,
2326 2196 2463 2247 cur
2512 2198 2671 2247 non

548 2294 1030 2371 Ponderibus
1085 2294 1575 2395 modulisque
1626 2297 1777 2372 suis
1829 2294 2022 2372 ratio
2076 2298 2334 2393 utitur,
2388 2323 2478 2373 ac
2532 2322 2652 2373 res

539 2419 648 2495 Ut
699 2444 1052 2519 quaeque
1103 2433 1237 2515 est,
1293 2422 1398 2496 ita
1447 2421 1843 2521 suppliciis
1898 2421 2177 2498 delicta
2233 2424 2589 2498 coercet?

440 2647 545 2717 git,
616 2644 790 2699 talem
848 2662 908 2699 se
961 2662 1075 2699 non
1130 2645 1366 2713 praebet
1421 2647 1599 2716 qualis

443 2722 545 2771 est.
587 2744 654 2755 -
703 2716 914 2785 qualem
947 2716 1050 2786 me]
1091 2717 1128 2770 i.
1167 2734 1212 2771 e.
1250 2719 1472 2787 qualem
1509 2736 1600 2773 me

443 2788 554 2843 tibi
595 2804 760 2856 saepe
805 2787 987 2842 obtuli
1024 2792 1082 2842 et
1118 2788 1360 2843 libenter
1396 2790 1599 2858 obtuli,

445 2863 510 2914 ut
546 2877 618 2914 ne
664 2876 814 2915 nunc
852 2859 1080 2929 quidem
1125 2861 1430 2929 paeniteat.
1500 2863 1599 2917 Li·

443 2932 631 2987 beuter
666 2936 752 2985 est
796 2936 1014 3000 sponte,
1063 2933 1335 2998 consulto,
1381 2938 1449 2988 ut
1481 2932 1597 2988 Sat.

445 3003 494 3071 1,
528 3005 576 3067 1,
605 3004 695 3056 63.
733 3002 1052 3073 Simplioem
1077 3004 1255 3074 igitur
1291 2972 1348 3058 e't
1382 3011 1599 3060 rectum

445 3091 628 3143 neque
663 3074 854 3129 nimiis
899 3074 1074 3129 falsae
1109 3076 1397 3130 cuiusdam
1431 3078 1597 3131 urba·

445 3146 642 3200 nitatis
683 3146 904 3217 legibus
940 3146 1340 3215 obsequentem
1383 3165 1443 3202 se
1479 3166 1599 3203 esse

445 3217 1244 3345 ἓιίῗῗωΜὲξῗἺὲῗὲῗιιὲῗὲἔ.
1261 3224 1597 3346 Pam&

445 3362 822 3417 assentatione
858 3362 1038 3416 libera
1083 3362 1314 3416 eluceat.
1385 3363 1470 3418 Ne
1505 3382 1598 3417 ru-

444 3432 714 3487 sticitatis
755 3432 970 3502 aliquid
995 3433 1234 3488 Horatio
1271 3434 1601 3490 obtrudere·

447 3508 560 3572 tur,
604 3504 906 3559 Horkelius
955 3504 1190 3571 licenter,
1229 3504 1597 3562 Schneidewi-

445 3592 550 3630 nus
599 3575 792 3631 libenti
835 3576 1188 3631 scribendum
1233 3594 1352 3631 esse
1399 3579 1598 3633 docue-

447 3651 606 3715 runt;
685 3648 781 3701 sed
841 3664 1024 3717 neque
1085 3650 1446 3705 excusatione
1503 3668 1599 3705 ne-

447 3736 558 3787 que
611 3718 935 3773 adulatione
990 3737 1128 3802 opus
1184 3724 1285 3774 est.
1343 3750 1408 3761 -
1469 3738 1598 3791 quo-

444 3790 547 3859 vis]
585 3789 816 3845 Secutus
837 3808 959 3845 sum
998 3792 1056 3844 in
1083 3792 1454 3862 interpunctis
1477 3811 1599 3849 ver-

446 3860 644 3915 borum
694 3862 1034 3917 Fritschium
1092 3868 1151 3918 et
1195 3864 1598 3921 Ecksteimum.

447 3933 540 3986 Ad
576 3951 630 3987 v.
669 3934 922 3989 molestus
967 3934 1041 3989 cf.
1080 3934 1193 3991 Cic.
1230 3936 1300 3990 de
1345 3942 1488 3991 orat.
1525 3938 1600 4005 ΙΙ,

449 4006 507 4058 3:
568 4022 701 4072 „nos
748 4004 989 4074 quidem,
1031 4007 1142 4061 nisi
1189 4007 1337 4061 forte
1379 3978 1601 4063 molesti

449 4075 873 4144 intervenimus,
926 4078 1144 4133 venisse
1187 4078 1492 4147 delectat&
1541 4084 1602 4134 et

447 4147 688 4215 impellat
743 4148 958 4202 dictum
1005 4156 1090 4204 est
1136 4155 1201 4204 ut
1251 4150 1403 4219 apud
1447 4120 1598 4205 P’ers.

449 4221 502 4286 2,
540 4220 634 4271 21:
687 4219 871 4281 „Iovis
908 4238 1099 4276 aurem
1135 4221 1424 4291 impellere
1460 4228 1599 4276 tem-

449 4290 629 4359 ptasf‘
661 4320 728 4330 —
765 4293 1034 4345 communi
1068 4292 1251 4362 sensu]
1293 4294 1410 4346 eius
1447 4294 1597 4363 quod

450 4362 624 4416 decet
709 4362 898 4429 Quint.
956 4364 1000 4432 Ι,
1061 4366 1112 4431 2,
1167 4365 1261 4417 2οε
1336 4364 1601 4432 „Sensum

451 4450 653 4573 Ξὲἓὲἓζ
709 4436 840 4559 ἓξὲξ.
855 4404 1446 4577 οἳῖἷῖπίἱῃὲἱῗέἓέ
1502 4438 1602 4593 ξξέ

1428 4549 1441 4577 ²

453 4592 566 4630 non
636 4544 953 4632 bominibus
1013 4579 1196 4633 solnm
1263 4578 1360 4634 sed
1429 4580 1603 4634 mutis

1694 2664 1916 2717 quoque
1986 2646 2321 2701 animalibus
2394 2647 2669 2701 naturalis
2742 2651 2845 2711 est,

1692 2719 2094 2856 aetem,
2110 2748 2228 2859 ῖ.
2231 2718 2679 2845 ‘'w-w
2714 2686 2849 2845 ¹:325

1690 2831 2187 2989 ᾘΡΐοὶῗέῃῗζῖἒ
2222 2862 2849 3002 ”⁰1¹35ss3ss332‘1‘232212

1694 3024 1727 3059 a
1781 3006 2007 3059 nomine
2058 3022 2159 3059 suo
2204 3004 2485 3059 disiuncta
2534 3004 2606 3059 cf.
2643 3003 2761 3059 Sat.

1698 3076 2847 3145 10‚.916‚.516,.11511,6,34.

1692 3149 1873 3218 Epist.
1912 3149 1955 3217 I,
1995 3150 2046 3216 2,
2082 3148 2132 3201 6.
2206 3147 2567 3217 Gompemare
2611 3148 2849 3202 verbum

1693 3220 1905 3289 duplici
1952 3221 2171 3275 ratione
2220 3224 2409 3289 potest
2458 3220 2741 3290 coniungi,
2784 3224 2853 3273 ut

1692 3291 1945 3346 mutandi
2003 3308 2223 3361 quoque
2270 3289 2461 3356 verba,
2517 3290 2588 3345 de
2644 3290 2851 3361 quibus

1693 3364 1823 3417 vide
1871 3363 1944 3417 ad
1990 3363 2173 3416 Carm.
2225 3362 2485 3431 Ι,17,2.
2560 3361 2848 3417 012ονίὰ

1693 3434 1825 3489 Her.
1862 3438 1913 3501 3,
1952 3436 2044 3488 51.
2110 3434 2252 3503 „Tot
2294 3438 2487 3487 tamen
2532 3434 2748 3488 amissis
2790 3440 2851 3488 te

1693 3507 2171 3576 compensavimus
2206 3522 2396 3559 unum.
2403 3506 2429 3533 “
2482 3534 2547 3544 -
2600 3506 2848 3576 inclinet]

1694 3578 2020 3646 Asyndeton
2038 3582 2373 3646 compenset.
2390 3576 2663 3632 Anclinet.
2690 3576 2850 3631 Mad·

1693 3650 1893 3721 vigius,
1944 3666 2070 3704 cum
2106 3650 2287 3718 priori
2324 3650 2639 3704 sententiae
2674 3665 2851 3731 prave

1696 3722 1929 3792 adiungi
1964 3720 2347 3775 condicionem
2375 3724 2622 3791 putaret,
2652 3721 2734 3774 sic
2766 3720 2849 3773 in-

1695 3793 2013 3863 terpunxit:
2048 3794 2291 3861 „amicus
2318 3792 2514 3859 diolci-s,
2538 3797 2599 3845 iet
2618 3808 2849 3860 aequum

1694 3870 1791 3933 est,
1825 3881 1945 3919 cum
1988 3881 2103 3918 mea
2152 3869 2449 3933 compenset
2484 3864 2641 3917 vitiis
2678 3864 2851 3931 bona3

1691 3937 1947 4005 pluribus
1994 3935 2150 4003 hisce,
2206 3935 2260 3988 si
2282 3934 2459 3989 modo
2501 3935 2675 4005 plura
2716 3904 2853 3989 mihi

1695 4008 1841 4061 bona
1878 4012 2025 4075 sunt,
2066 4006 2305 4061 inclinet.
2378 4006 2578 4060 Amori
2616 4006 2669 4060 si
2710 4007 2850 4061 volet

1695 4080 1799 4135 hae
1827 4080 1956 4149 leye,
1991 4080 2054 4132 in
2090 4078 2303 4133 trutina
2334 4082 2575 4147 ponetur
2610 4077 2845 4133 eadem!

1697 4180 1764 4191 —
1802 4150 1904 4205 hac
1945 4149 2079 4219 1090]
2124 4147 2379 4203 Videnda
2428 4149 2518 4203 lex
2564 4149 2625 4203 in
2662 4149 2851 4203 verbis

1692 4222 1947 4291 pluribus
1998 4222 2143 4275 hisce
2193 4220 2434 4287 inclinet,
2488 4236 2602 4275 non
2653 4221 2713 4274 in
2758 4238 2850 4274 vv.

1697 4296 1765 4347 73
1805 4309 1905 4361 sq„
1958 4292 2057 4360 qui
2094 4292 2331 4346 rationis
2366 4292 2685 4346 reddendae
2725 4308 2849 4346 cau·-

1696 4382 1757 4418 sa
1802 4363 2103 4419 adduntur.
2144 4392 2217 4403 -·
2259 4363 2553 4433 quatenus]
2604 4364 2735 4418 vide
2778 4364 2851 4417 ad

1698 4436 1813 4490 Sat.
1844 4436 1888 4503 Ι,
1921 4438 1965 4504 1,
1990 4437 2075 4489 64.
2116 4464 2179 4475 -
2220 4434 2425 4503 stultis]
2467 4452 2534 4489 ex
2574 4436 2854 4490 sententia

1698 4507 2015 4561 Stoicorum
2052 4524 2241 4561 omnes
2268 4506 2429 4560 stulti
2466 4524 2655 4561 sumus
2692 4524 2851 4577 prae-

1698 4584 1789 4633 ter
1824 4596 1955 4635 vere
2008 4580 2337 4653 sapientem.
2408 4577 2524 4634 Sat.
2561 4578 2635 4649 11,
2672 4578 2723 4646 3,
2763 4581 2851 4633 82.
