3092 5059
450 242 573 310 644

1526 243 1786 310 LIBER

549 434 748 509 Nam
763 457 1015 532 neque
1030 433 1325 510 chorda
1340 459 1612 510 sonum
1631 432 1895 510 reddit
1907 457 2138 533 quem
2155 429 2319 508 vult
2332 454 2602 506 manus
2617 440 2696 506 et-
2707 451 2922 522 mens,

548 559 1063 658 Poscentique
1116 585 1437 657 gravem
1491 585 1867 660 persaepe
1921 557 2244 635 remittit
2292 567 2630 652 acutum3

448 716 524 757 κω
547 684 708 760 Nec
756 709 1061 783 semper
1111 685 1336 763 feriet
1389 684 1939 785 quodcumque
1991 683 2414 758 minabitur
2464 705 2712 756 arcus.

554 809 842 885 Verum
884 811 1021 886 ubi
1056 810 1285 908 plura
1332 811 1580 886 nitent
1631 811 1714 885 in
1767 809 2126 904 carmine,
2179 831 2338 884 non
2389 831 2534 906 ego
2583 803 2845 903 paucis

551 933 927 1011 Offendar
982 935 1327 1027 maculis,
1385 958 1576 1034 quas
1621 947 1756 1010 aut
1803 935 2104 1011 incuria
2156 931 2359 1009 fudit

551 1057 713 1134 Aut
760 1059 1096 1136 humana
1146 1086 1420 1160 parum
1476 1061 1678 1136 cavit
1727 1075 2024 1137 natura.

2130 1058 2340 1151 Quid
2389 1081 2577 1154 ergo
2631 1055 2800 1130 est?

550 1184 657 1261 Ut
704 1187 1036 1284 scriptor
1086 1188 1154 1262 si
1191 1201 1460 1284 peccat
1510 1186 1722 1263 idem
1768 1186 2132 1263 librarius
2181 1208 2449 1284 usque,

449 1339 525 1381 ⁸⁵⁵
555 1309 927 1402 Quamvis
978 1323 1093 1388 est
1140 1314 1498 1411 monitus,
1559 1313 1783 1389 venia
1834 1323 2064 1408 caret3
2132 1323 2220 1388 ut
2267 1305 2758 1386 citharoedus

550 1435 893 1533 Ridetur,
952 1437 1246 1514 chorda
1296 1439 1431 1538 qui
1482 1464 1791 1536 semper
1842 1439 2155 1514 oberrat
2203 1435 2515 1514 eadem:

552 1559 679 1636 Sic
730 1562 945 1657 mihi,
1003 1563 1139 1661 qui
1182 1563 1507 1638 multum
1553 1577 1817 1660 cessat,
1869 1563 1958 1638 fit
2009 1561 2414 1639 Choerilus
2457 1558 2614 1653 ille,

551 1683 801 1776 Quem
851 1686 971 1762 bis
1022 1699 1237 1763 terve
1288 1688 1578 1763 bonum
1629 1713 1804 1765 cum
1852 1689 2014 1764 risu
2063 1687 2340 1780 miror3
2397 1697 2476 1761 et
2523 1683 2744 1758 idem

548 1809 928 1909 Indignor
984 1812 1449 1911 quandoque
1498 1812 1750 1888 bonus
1793 1812 2156 1888 dormitat
2207 1811 2620 1887 Homerus.
2723 1820 2728 1824 ’

448 1965 523 2006 aso
550 1935 837 2012 Verum
888 1939 1107 2036 operi
1156 1936 1395 2035 longo
1446 1938 1568 2012 fas
1625 1950 1740 2012 est
1790 1937 2167 2038 obrepere
2217 1961 2592 2014 somnum.

552 2059 660 2137 Ut
710 2061 1031 2160 pictura,
1082 2063 1375 2162 poesis:
1432 2062 1579 2138 erit
1629 2087 1848 2160 quae,
1901 2063 1966 2138 si
2015 2062 2338 2163 propius
2387 2074 2561 2157 stes,

450 2301 774 2385 detrimento
795 2318 979 2358 carere
996 2307 1245 2373 possunt,
1280 2317 1389 2356 mm
1414 2306 1606 2356 amant

452 2391 577 2499 ξεῖ
601 2373 1604 2517 wymvffffissffaess’ffsffzzssssir

452 2515 1466 2658 ΞῖξῖἶιξὲἶὴαῐῖαἬῑέἕὲἔἎῗὲἕ
1475 2516 1602 2641 εἰῇ.

454 2677 567 2714 non
591 2661 1015 2714 committantur
1047 2660 1331 2729 pravitate
1366 2659 1603 2726 consilii,

452 2732 676 2786 veniam
712 2732 955 2786 debeant
990 2731 1309 2801 impetrare.
1336 2759 1405 2770 --
1428 2729 1604 2800 fudit]

452 2802 934 2858 accommodatum
971 2803 1205 2857 verbum
1230 2803 1303 2857 ad
1336 2802 1603 2864 maculas,

453 2879 517 2928 ut
552 2875 911 2929 continuetur
946 2875 1292 2945 metaphora.
1330 2874 1401 2928 ef.
1423 2872 1537 2928 Sat.
1558 2872 1602 2938 1,

452 2949 503 3008 6,
529 2947 599 3000 66
610 2963 729 3015 sqq.
751 2976 818 2986 -
838 2947 1085 3016 scriptor
1104 2943 1389 3014 librarius]
1410 2961 1603 2999 servus

456 3017 554 3086 qui
588 3018 763 3072 libros
800 3018 1083 3072 describit.
1126 3047 1192 3056 —
1225 3021 1419 3087 peccat
1441 3015 1604 3084 idem]

452 3089 561 3143 Cic.
599 3089 667 3143 N.
692 3089 767 3143 D.
802 3089 849 3157 1,
888 3091 982 3146 12:
1025 3089 1371 3158 „Xenophon
1410 3087 1604 3142 eadem

450 3159 568 3214 fere
586 3161 833 3232 peecat.“
866 3161 1063 3230 vulgo:
1090 3161 1151 3215 in
1174 3161 1367 3215 eodem
1390 3163 1603 3229 peccat.

452 3261 519 3270 —
564 3237 627 3285 ut
669 3232 1037 3300 dthwoedus]
1092 3231 1184 3286 Sic
1231 3237 1382 3286 recte
1432 3231 1606 3285 etiam

451 3303 673 3357 Miiller.
728 3304 969 3374 Kriiger.
1016 3303 1301 3358 Eckstein.
1361 3301 1603 3356 Doeder-

451 3375 572 3443 lin„
614 3391 718 3429 nec
765 3373 1195 3445 praeferendum
1230 3379 1281 3429 et
1317 3391 1443 3428 cum
1481 3374 1602 3428 Rit-

450 3450 573 3500 tero
614 3453 713 3501 aut
748 3447 995 3514 Keller0‚
1033 3446 1183 3516 quod
1208 3446 1281 3500 ab
1315 3445 1436 3500 loco
1472 3446 1602 3499 alie·

448 3535 585 3572 num
621 3522 722 3572 est.
762 3549 828 3557 —
866 3517 1063 3588 cessat]
1102 3517 1171 3573 cf.
1211 3517 1392 3587 Epist.
1440 3516 1509 3584 11,
1550 3518 1603 3584 2,

454 3591 536 3642 14.
576 3617 644 3628 -·
681 3588 987 3659 Choerilus]
1040 3590 1169 3644 vide
1206 3589 1277 3643 ad
1314 3587 1493 3657 Epist.
1532 3588 1604 3656 11,

456 3664 505 3729 1,
539 3662 662 3714 232.
712 3689 779 3700 —
825 3661 909 3714 bis
950 3661 1109 3730 terve]
1149 3661 1276 3715 vide
1314 3659 1387 3714 ad
1422 3658 1601 3728 Epod.

453 3734 505 3798 5,
539 3733 626 3786 33.
668 3761 733 3772 --
773 3731 1119 3804 quandoque]
1158 3731 1287 3786 vide
1324 3730 1394 3784 ad
1422 3731 1602 3785 Carm.

449 3803 544 3870 IV,
604 3807 651 3864 1,
706 3806 789 3856 17.
855 3833 922 3843 --
984 3805 1245 3859 dormitat
1304 3803 1602 3872 Homerus]

452 3873 858 3942 quaesiverunt
910 3876 1261 3945 interpretes,
1322 3873 1603 3942 quodnam

452 3945 682 4000 Homeri
729 3947 931 4001 vitium
978 3947 1248 4001 Horatius
1305 3945 1602 4015 reprehen-

454 4018 586 4072 dere
623 4017 899 4072 videatur.
938 4017 1025 4071 Tu
1062 4022 1249 4073 autem
1285 4017 1403 4071 noli
1436 4035 1602 4086 quae-

452 4106 595 4156 rere,
630 4089 726 4144 sed
750 4089 879 4144 vide
903 4107 1120 4145 mecum
1138 4089 1447 4144 Homerum
1474 4105 1603 4158 pro-

450 4162 699 4231 positum
734 4165 1004 4229 tanquam
1042 4162 1330 4230 exemplar
1365 4160 1605 4230 perfecti

451 4237 671 4302 poetae,
706 4233 803 4300 qui
838 4234 1043 4286 merito
1081 4233 1302 4288 veniam
1344 4229 1603 4301 accipiat,

452 4306 501 4358 si
524 4303 806 4358 interdum
838 4321 1029 4359 somno
1055 4305 1247 4375 aliquo
1270 4304 1602 4373 abripiatur.

454 4375 686 4441 Quintil.
722 4375 793 4438 X,
832 4378 881 4443 1,
910 4377 1003 4430 24:
1048 4376 1275 4445 „Neque
1310 4375 1371 4429 id
1408 4376 1602 4430 statim

452 4447 661 4514 legenti
703 4463 1030 4514 persuasum
1076 4449 1167 4514 sit,
1220 4448 1408 4501 omnia
1460 4463 1603 4516 quae

454 4533 513 4568 m
628 4517 641 4528 ’
681 4521 937 4572 auctores
971 4519 1235 4584 dixerint,
1268 4519 1463 4586 utique
1486 4535 1604 4572 esse

453 4602 525 4655 pe
580 4591 718 4641 ecta.
754 4588 899 4642 Nam
924 4595 981 4642 et
1006 4591 1275 4644 labuntur
1300 4589 1602 4658 aliquando

1699 2304 1756 2354 et
1794 2300 1950 2354 oneri
1995 2299 2202 2354 cedunt
2249 2303 2308 2353 et
2351 2299 2654 2369 indulgent
2701 2299 2848 2369 inge-

1697 2373 1922 2425 niorum
1960 2388 2188 2426 suorum
2225 2371 2534 2440 voluptati3
2571 2387 2683 2424 nec
2717 2387 2849 2424 sem-

1697 2460 1800 2513 per
1847 2443 2150 2498 intendunt
2195 2443 2444 2497 animum
2491 2446 2552 2496 et
2595 2459 2850 2496 nonnun-

1699 2532 1865 2583 quam
1906 2515 2238 2586 fatigantur,
2275 2531 2403 2568 cum
2429 2512 2692 2568 Ciceroni
2729 2513 2849 2568 dor-

1697 2586 1892 2641 mitare
1939 2587 2169 2640 interim
2213 2585 2632 2653 Demosthenes,
2673 2584 2846 2638 Hora·

1697 2657 1780 2712 tio
1818 2675 1951 2712 vero
1989 2658 2160 2712 etiam
2190 2656 2466 2711 Homerus
2502 2656 2622 2726 ipse
2663 2657 2846 2711 videa·

1695 2730 1842 2783 tur.“
1903 2727 2258 2784 Weissenfels
2293 2729 2329 2782 l.
2367 2729 2406 2782 l.
2442 2745 2498 2797 p.
2527 2729 2662 2781 183:
2703 2727 2846 2796 „Das

1699 2801 1926 2855 hindert
1959 2801 2116 2854 nicht
2149 2817 2220 2853 zu
2253 2800 2511 2868 glauben,
2553 2799 2688 2854 dass
2727 2800 2846 2853 dem

1697 2873 1900 2940 Horaz,
1959 2872 2064 2926 wie
2107 2871 2396 2926 manchem
2453 2870 2672 2926 andern
2731 2869 2845 2925 auf·

1697 2944 2045 2998 merksamen
2119 2943 2288 2998 Leser
2357 2942 2596 2996 Homers
2681 2942 2844 2996 echon

1696 3016 1862 3085 lange
1897 3032 2001 3069 vor
2023 3013 2086 3068 F.
2103 3016 2174 3068 A.
2195 3013 2352 3069 Wolf
2383 3013 2498 3067 und
2519 3013 2844 3067 Lachmann

1701 3127 1750 3140 ..
1772 3126 1786 3140 .
1810 3086 1968 3140 .hier
2002 3085 2117 3140 und
2155 3085 2228 3139 da
2260 3085 2320 3138 in
2356 3085 2544 3139 diesen
2571 3085 2740 3154 Epeu
2761 3085 2846 3138 ein

1698 3157 2101 3227 Widerspruch
2123 3157 2230 3211 mit
2253 3161 2420 3210 etwas
2445 3155 2702 3225 anderm,
2726 3173 2846 3209 vor·

1697 3229 1799 3283 her
1819 3229 2098 3299 Gesagten
2135 3225 2474 3298 ausgefallen
2499 3228 2592 3282 ist.
2632 3225 2850 3282 Darauf

1697 3306 1852 3370 passt
1915 3301 2056 3356 auch
2129 3300 2316 3354 besser
2391 3299 2492 3354 der
2551 3298 2846 3354 Ausdruck

1697 3371 2068 3426 schlafen.“
2102 3401 2163 3409 —
2196 3371 2432 3440 pictura]
2456 3370 2526 3425 cf.
2546 3371 2664 3426 Cic.
2690 3371 2844 3424 Tusc-

1701 3444 1765 3512 V,
1785 3445 1872 3512 39,
1901 3445 2022 3496 114.
2061 3441 2348 3498 Plutarch.
2376 3442 2446 3496 de
2478 3442 2623 3513 glor.
2645 3442 2843 3498 Athen.

1697 3533 1752 3585 p.
1791 3516 1914 3569 346.
1951 3514 2044 3568 R:
2094 3512 2184 3582 ,,Ὁ
2226 3513 2545 3585 Σιμωνίδης
2591 3513 2694 3582 τὴν
2741 3514 2846 3584 μὲν

1699 3591 2020 3658 ζωγραφίαν
2053 3590 2280 3652 ποίησιν
2315 3586 2620 3642 σιωπῶσαν
2655 3603 2844 3654 noom-

1697 3652 1946 3728 γόρευεν,
1999 3654 2097 3723 τὴν
2141 3657 2207 3710 δὲ
2253 3662 2479 3724 ποίησιν
2525 3661 2844 3728 ζωγραφίαν

1698 3729 2021 3796 λαλοῦσαν,“
2055 3745 2372 3798 quanquam
2401 3733 2554 3784 recte
2588 3733 2840 3783 notatum

1699 3807 1798 3864 est,
1845 3801 1904 3854 in
1951 3817 2014 3854 eo
2061 3801 2448 3869 similibusque
2490 3801 2630 3855 locis
2673 3801 2840 3854 inter-

1697 3890 1828 3927 nam
1885 3873 2044 3941 quasi
2107 3877 2368 3926 naturam
2422 3873 2732 3926 carminum
2789 3875 2844 3924 et

1698 3944 2018 3999 tabularum
2069 3943 2328 4013 spectari,
2366 3941 2665 3998 Horatium
2711 3957 2838 3998 vero

1699 4017 1768 4072 de
1809 4021 2039 4070 externa
2075 4015 2367 4084 utriusque
2403 4015 2542 4069 artis
2587 4015 2839 4070 similitu·

1699 4089 1828 4144 dine
1863 4087 2020 4156 loqui
2055 4091 2112 4140 et
2149 4086 2365 4154 docere,
2394 4085 2617 4142 diversa
2639 4087 2840 4140 utrius-

1699 4177 1807 4228 que
1843 4160 1982 4213 artis
2011 4175 2182 4228 opera
2215 4158 2436 4212 diverso
2473 4159 2644 4212 etiam
2677 4156 2839 4212 modo

1699 4230 1995 4287 diiudicari
2032 4233 2308 4298 oportere.
2347 4229 2606 4284 Ceterum
2635 4229 2837 4284 Keller.

1698 4303 1916 4372 Epileg.
1963 4319 2017 4372 p.
2059 4303 2164 4356 766
2219 4301 2300 4356 sio
2343 4300 2502 4355 iubet
2547 4299 2835 4370 coniungi:

1703 4379 1799 4444 „ut
1850 4374 2092 4443 pictura,
2151 4371 2334 4442 poesis
2391 4372 2521 4438 erit,
2579 4389 2738 4442 quae,
2791 4370 2837 4424 si

1699 4446 1857 4514 cet.“,
1895 4445 2019 4500 ideo
2047 4445 2290 4499 maxime
2313 4448 2516 4511 motus,
2551 4445 2681 4513 quia
2711 4447 2838 4512 post

1698 4536 1750 4572 v.
1770 4516 1954 4586 possis
1985 4517 2218 4570 verbum
2245 4522 2326 4571 est
2351 4533 2461 4570 non
2490 4517 2634 4571 bene
2655 4513 2837 4568 omitti

1696 4606 1858 4659 posse
1900 4588 2154 4657 putavit3
2201 4589 2262 4642 in
2301 4605 2414 4657 qua
2457 4605 2522 4643 re
2564 4605 2678 4643 non
2709 4585 2834 4640 hae·
