3092 5059
422 220 548 287 428

1377 220 1879 288 SATIRARUM

525 410 974 488 Praesentes
1001 409 1292 503 Austri,
1328 410 1638 510 coquite
1664 408 1941 485 horum
1973 407 2320 485 obsonia.
2360 407 2831 508 Quanquam

523 535 748 612 Putet
799 560 988 633 aper
1036 536 1563 633 rhombusque
1616 560 1904 630 recens,
1970 534 2177 611 mala
2238 534 2463 631 copia
2512 532 2829 632 quando

523 659 868 757 Aegrum
921 660 1286 737 sollicitat
1337 660 1837 756 stomachum,
1890 685 2063 735 cum
2115 659 2389 757 rapula
2440 658 2713 757 plenus

525 784 787 884 Atque
835 785 1094 861 acidas
1145 786 1442 862 mavult
1490 785 1761 861 inulas.
1852 785 2205 861 Necdum
2256 784 2502 858 omnis
2554 784 2833 860 abacta

441 940 492 983 ιε
529 909 944 1009 Pauperies
998 913 1246 1013 epulis
1297 937 1609 1012 regum:
1662 938 1839 988 nam
1895 910 2175 987 vilibus
2228 910 2391 985 ovis

525 1035 946 1135 Nigrisque
1002 1048 1114 1112 est
1166 1036 1357 1114 oleis
1408 1036 1643 1113 hodie
1694 1036 1933 1111 locus.

2038 1033 2273 1111 Haud
2324 1035 2433 1111 ita
2483 1033 2791 1132 pridem

527 1159 845 1237 Galloni
897 1164 1302 1260 praeconis
1353 1176 1518 1239 erat
1570 1164 2014 1260 acipensere
2063 1185 2332 1236 mensa

523 1285 872 1362 Infamia.
932 1286 1184 1379 Quid?
1229 1301 1415 1363 tunc
1457 1287 1825 1363 rhombos
1871 1286 2125 1361 minus
2174 1310 2469 1385 aequor
2516 1284 2833 1362 alebat?

525 1412 763 1487 Tutus
821 1425 986 1487 erat
1034 1412 1404 1489 rhombus
1455 1425 1779 1513 tutoque
1832 1412 2132 1487 ciconia
2180 1409 2389 1505 nido,

441 1568 493 1609 so
526 1536 792 1611 Donec
847 1561 982 1611 vos
1031 1550 1303 1614 auctor
1355 1537 1623 1612 docuit
1673 1536 2127 1635 praetorius.

2230 1534 2435 1631 Ergo

525 1662 608 1741 Si
661 1662 831 1760 quis
883 1688 1088 1737 nunc
1133 1687 1442 1761 mergos
1495 1686 1765 1739 suaves
1818 1660 2150 1737 edixerit
2192 1686 2423 1755 assos,

527 1788 837 1863 Parebit
890 1787 1112 1887 pravi
1165 1784 1437 1861 docilis
1487 1786 1834 1863 Romana
1886 1787 2263 1861 iuventus.

527 1911 906 1989 Sordidus
956 1938 1005 1988 a
1055 1911 1264 1989 tenui
1316 1912 1522 1987 victu
1576 1909 1895 1988 distabit
1944 1908 2207 1987 Ofello

524 2038 830 2115 Iudice:
881 2064 1062 2115 nam
1115 2038 1400 2115 frustra
1443 2037 1716 2113 vitium
1766 2036 2131 2113 vitaveris
2182 2035 2401 2132 illud,

441 2197 491 2241 ω
529 2162 615 2239 Si
663 2176 742 2239 te
790 2163 946 2239 alio
1001 2189 1329 2262 pravum
1381 2162 1817 2239 detorseris.

497 2352 562 2407 V.
582 2355 668 2407 40.
709 2352 812 2423 At]
837 2353 1179 2409 Exsecratur
1203 2352 1420 2409 Ofellus
1446 2372 1579 2423 epu-

423 2426 506 2479 las
543 2425 958 2480 luxuriosorum
992 2430 1264 2495 optatque
1302 2430 1367 2480 ut
1382 2426 1583 2480 Austri

425 2514 518 2551 eas
564 2496 959 2566 putrefaciunt.
1033 2496 1234 2552 Statim
1283 2501 1472 2553 autem
1521 2516 1583 2553 se

425 2568 734 2638 corrigens:
774 2586 1091 2638 quanquam
1129 2568 1264 2637 quid
1299 2586 1438 2639 opus
1479 2574 1581 2639 est,

423 2640 626 2709 inquit,
685 2640 793 2695 hac
845 2640 1244 2708 exsecratione,
1307 2657 1432 2695 cum
1494 2659 1579 2697 re-

423 2715 608 2765 centes
647 2713 820 2766 etiam
855 2712 967 2767 cibi
1005 2712 1213 2766 talibus
1258 2712 1583 2796 hominibus

420 2787 882 2924 2325&ssssss
907 2788 1581 2925 ssffpffisstssffin‘t‘issssqffi

424 2926 630 2980 lassum
667 2925 984 2995 pervellunt
1017 2926 1364 2982 stomachum
1379 2928 1407 2981 ’ἓ
1463 2928 1579 2983 Sat.

425 2997 498 3065 H,
517 3000 568 3065 8,
589 2998 640 3051 Β.
661 3000 749 3081 5·1.
775 3026 843 3037 -
881 2996 1109 3082 Austri]
1147 3017 1299 3054 nunc
1338 2999 1581 3055 Sirooco.

423 3068 1184 3210 moeffiqxztggripgff'fzogff.
1203 3071 1579 3197 uthilolnvo-

423 3216 637 3266 cantur.
690 3242 755 3251 —
805 3214 984 3283 putet]
1032 3217 1232 3283 putere
1271 3214 1379 3268 tibi
1424 3214 1579 3269 vide-

422 3287 534 3346 tur,
576 3285 933 3352 quantumvis
979 3285 1054 3339 sit
1098 3302 1307 3340 recens.
1363 3314 1428 3368 ‘.'''
1487 3301 1578 3340 ra-

415 3353 878 3495 ξῖἐῇονῗῖᾙῖῗιῗ.
913 3356 1070 3481 Ii’llin8
1083 3356 1577 3495 &SE—xlvlrgaggl

425 3514 561 3566 „per
605 3515 663 3552 se
708 3498 993 3553 stomacho
1041 3498 1444 3559 inimicissima.
1489 3517 1578 3553 ea·

425 3568 548 3623 dem
603 3568 860 3624 dulcibus
911 3569 1103 3623 mixtis
1157 3570 1577 3625 saluberrima.“

421 3669 492 3751 Ξ
519 3640 1259 3782 ῗῖἵεῖῗοὲῗὲῗῖᾝᾱέἧῖέ
1298 3643 1579 3783 Ἑὲἲῶᾞ·

425 3786 540 3837 tem
577 3785 844 3838 excitant.
883 3782 967 3837 De
1003 3785 1062 3839 ni
1135 3785 1181 3838 is
1217 3786 1276 3849 (i.
1314 3803 1361 3839 e.
1397 3790 1579 3839 matu·

424 3853 693 3924 rioribus)
727 3855 870 3909 Plin.
892 3855 958 3911 N.
981 3854 1052 3910 H.
1128 3856 1194 3920 V,
1213 3859 1276 3910 2:
1318 3856 1577 3924 „Quanto

421 3925 701 3980 maturior
735 3927 889 3996 baca,
927 3932 1086 3983 tanto
1119 3928 1387 4000 pinguior
1415 3946 1577 3983 sucus

422 3996 719 4066 minusque
754 4003 968 4069 gratus.
1008 3999 1238 4069 Optima
1262 4005 1448 4054 autem
1487 4018 1575 4054 ae-

423 4072 508 4123 tas
565 4069 638 4123 ad
689 4069 1096 4139 decerpendum
1153 4072 1302 4125 inter
1355 4072 1576 4140 copiam

420 4140 846 4209 bonitatemque
880 4143 1178 4213 incipiente
1213 4144 1353 4196 baca
1397 4143 1575 4211 πέρνα-

420 4212 624 4266 scere.“
649 4240 720 4251 —
747 4212 992 4284 Galloni]
1021 4213 1350 4282 „Gallonius
1371 4230 1575 4282 praeco

423 4282 640 4352 primus
702 4284 1077 4352 acipenserem
1149 4301 1283 4339 suae
1352 4301 1577 4341 mensae

421 4354 1084 4481 ἰρρᾳῧιιὶῐέὲἑιιατειιθίιιοε
1135 4357 1297 4481 hung
1335 4356 1577 4483 etianfiea

473 4441 564 4478 uei
589 4441 643 4478 10
837 4444 921 4481 ur.
1085 4444 1218 4481 mm.
1299 4444 1366 4481 ru
1409 4468 1421 4480 .

423 4495 610 4563 spexit
659 4495 927 4551 Horatius
987 4498 1058 4553 ad
1110 4514 1302 4553 versus
1351 4445 1577 4565 fiucilii,

423 4581 566 4632 quos
605 4567 853 4621 servavit
889 4566 998 4623 Cic.
1039 4568 1109 4624 de
1145 4568 1240 4623 fin.
1279 4569 1352 4637 H,
1388 4571 1440 4639 8,
1475 4572 1573 4625 252

1922 2161 2376 2257 Avidienus,

1676 2352 1759 2422 „O
1781 2353 1963 2419 Publi,
1998 2370 2033 2408 o
2056 2370 2279 2424 gurges.
2307 2352 2548 2423 Galloni,
2574 2370 2635 2409 es
2660 2354 2833 2409 homo

1676 2426 1859 2479 miser.
1952 2424 2173 2481 Cenasti
2233 2424 2293 2479 in
2358 2424 2481 2479 vita
2538 2442 2831 2495 nunquam

1674 2496 1831 2564 bene,
1886 2514 2013 2551 cum
2060 2496 2252 2552 omnia
2289 2497 2349 2552 in
2392 2496 2502 2551 ista
2538 2496 2835 2552 Consumis

1676 2568 1895 2638 squilla,
1948 2573 2117 2637 atque
2152 2569 2472 2639 acipensere
2516 2586 2645 2623 cum
2682 2570 2831 2624 deci·

1674 2640 1892 2695 mano.“
1931 2639 2209 2695 Ciceronis
2240 2645 2427 2695 aetate
2451 2641 2831 2712 acipenserem

1674 2712 2021 2766 rarissimum
2088 2728 2157 2766 ac
2227 2712 2538 2781 pretiosum
2615 2712 2827 2781 piscem

1674 2783 1863 2851 fuisse,
1916 2783 2271 2854 intellegitur
2324 2784 2495 2839 etiam
2544 2800 2613 2838 ex
2664 2782 2829 2838 Tusc.

1675 2855 1774 2922 111,
1820 2857 1899 2919 18,
1940 2856 2025 2908 43.
2073 2884 2139 2894 —
2186 2855 2328 2925 erat]
2366 2854 2497 2910 vide
2532 2855 2605 2909 ad
2644 2856 2829 2910 Carm.

1674 2927 1774 2992 111,
1818 2928 1900 2994 16,
1940 2926 2027 2980 26.
2066 2954 2129 2966 --
2170 2942 2371 2995 aequor
2408 2926 2607 2996 alebat]
2644 2926 2831 2982 Resti-

1673 2998 1759 3052 tui
1796 2998 2133 3067 scripturam
2169 2998 2509 3067 optimorum
2548 3004 2607 3051 et
2650 2999 2831 3068 pluri·

1672 3086 1893 3124 morum
1934 3068 2188 3123 codicum
2234 3086 2361 3124 cum
2414 3070 2689 3139 Cruqui03
2734 3086 2823 3124 ae-

1675 3156 1811 3210 quor
1848 3140 1903 3195 h.
1940 3139 1998 3208 1.,
2036 3146 2103 3194 ut
2139 3141 2318 3195 Carm.
2357 3141 2401 3207 I,
2436 3144 2519 3209 14,
2556 3140 2607 3195 9.
2646 3140 2749 3211 ΠΙ,
2774 3144 2829 3209 6,

1674 3214 1743 3265 34
1790 3210 1862 3266 de
1898 3213 2040 3266 mari
2085 3214 2332 3281 positum
2374 3214 2651 3281 universe,
2706 3213 2829 3267 sine

1671 3283 1921 3353 partium
1958 3282 2295 3338 discrimine.
2359 3283 2452 3339 Sic
2485 3285 2658 3339 etiam
2695 3282 2829 3338 Hol-

1674 3355 1817 3422 der.;
1854 3358 2054 3409 contra
2080 3354 2335 3409 Mueller.
2361 3354 2557 3411 Lehrs.
2584 3354 2829 3410 Fritsch.

1673 3441 1917 3495 aequora
1937 3426 2170 3481 alebant.
2196 3456 2262 3466 —
2282 3426 2626 3497 praetotius]
2645 3426 2829 3495 „Sem-

1672 3496 1903 3567 pronius
1964 3496 2144 3552 Rufus
2212 3498 2529 3567 praetorius
2602 3499 2829 3553 institu-

1674 3569 1783 3624 isse
1842 3569 2091 3623 creditur
2150 3573 2217 3625 ut
2280 3570 2623 3625 ciconiarum
2688 3570 2831 3640 pulli

1672 3640 2173 3695 manducarentur:
2211 3658 2385 3710 quare
2406 3659 2535 3697 cum
2570 3642 2629 3695 in
2668 3658 2829 3712 prae·

1673 3718 1803 3766 tura
1838 3711 2083 3781 petenda
2116 3714 2397 3782 repulsam
2435 3714 2675 3779 tulisset,
2710 3714 2831 3767 tale

1674 3783 2020 3854 epigramma
2042 3784 2275 3839 meruit:
2302 3784 2694 3910 „Ciconiarq'm
2714 3784 2831 3911 Rlll-

2590 3862 2607 3925 (
2658 3874 2753 3912 eer
2816 3898 2831 3910 .

1674 3926 1815 3981 coni.
1866 3926 1985 3991 etsi,
2038 3926 2359 3983 Buecheler.
2384 3928 2552 3993 licet)
2610 3927 2831 3983 duobus

1672 3997 1985 4068 elegantior
2068 3999 2324 4068 Plancis3
2418 3998 2829 4070 Suffragiorum

1670 4074 1881 4139 puncta
1905 4086 2017 4124 non
2055 4071 2191 4125 tulit
2214 4076 2447 4141 septem,
2470 4070 2827 4126 Ciconiarum

1670 4141 1910 4211 populus
1949 4142 2100 4197 ultus
2148 4147 2233 4197 est
2266 4144 2561 4197 mortem.“
2616 4142 2826 4197 Comm.

1674 4212 1840 4280 Cruq.
1876 4212 1931 4265 Is
1954 4214 2129 4285 igitur
2154 4215 2243 4269 vel
2280 4218 2476 4283 postea
2499 4220 2824 4284 praeturam

1678 4283 1927 4338 obtinuit
1962 4286 2052 4340 vel
2090 4286 2290 4341 festive
2322 4285 2541 4340 ridetur
2565 4286 2639 4340 ab
2660 4286 2829 4341 Hora.

1673 4356 1753 4410 tio
1794 4360 1853 4409 et
1886 4355 2096 4411 ironice
2128 4358 2444 4425 praetorius
2490 4358 2829 4426 appellatur.

1674 4456 1741 4466 -
1766 4429 1999 4497 napos]
2022 4428 2323 4483 durissima
2350 4445 2532 4483 carne.
2572 4428 2646 4484 cf.
2667 4427 2826 4483 ovid.

1672 4498 1899 4552 Metam.
1936 4499 2035 4568 XI,
2065 4500 2187 4555 793.
2222 4499 2358 4554 Hor.
2395 4498 2577 4569 Epod.
2618 4502 2702 4562 10,
2738 4500 2829 4552 22-

1671 4596 1739 4609 —
1765 4566 2023 4641 edixerit]
2058 4576 2331 4641 tanquam
2362 4576 2608 4641 praetor.
2642 4570 2827 4641 Epist.

1673 3854 1763 3908 fus
1818 3854 1925 3909 iste
1978 3856 2237 3911 conditor
2286 3856 2397 3911 Hic
2450 3861 2537 3911 est
