3092 5059
1163 252 1619 322 EDITIONIS
1666 256 1753 321 11.
2560 286 2667 321 xm

256 442 558 543 scripta,
614 470 692 542 p.
739 448 834 519 15
899 445 1294 545 professus
1337 470 1529 521 sum.
1632 444 1858 520 Nunc
1902 443 2154 540 video,
2210 467 2321 520 ne
2363 444 2656 523 Staius·

255 594 418 645 rum
471 569 789 667 quidem
841 569 917 645 ei
958 567 1114 668 legi
1166 571 1471 665 favere3
1525 595 1672 645 nec
1722 570 1945 645 aliter
1995 569 2363 647 Ger-herus
2404 569 2536 645 1.1.
2584 596 2661 667 p.

259 698 348 769 10
389 720 508 795 sq.
619 691 1040 771 Kirclmeri
1109 693 1264 770 alia
1317 696 1514 772 ratio
1570 707 1715 790 est3
1786 695 1853 769 is
1907 695 2137 789 enim,
2197 722 2371 771 cum
2418 708 2662 792 antea,

253 821 365 897 uti
415 823 714 897 fatetur
763 846 840 917 p.
891 824 1010 915 64,
1062 820 1210 896 hac
1261 822 1744 923 potissimum
1798 820 2279 897 dubitatione
2328 821 2666 897 deterre-

262 960 501 1043 retur,
549 968 928 1046 quaenam
957 946 1260 1023 interna
1295 948 1523 1022 huius
1566 947 1889 1023 odarum
1935 946 2013 1021 in
2046 948 2387 1023 carmina
2438 960 2667 1024 tetra·

253 1072 574 1170 stropha
639 1072 1040 1148 divisionis
1105 1074 1326 1171 quasi
1381 1072 1510 1149 lex
1566 1098 1731 1149 esse
1782 1084 2064 1170 posset,
2130 1098 2298 1148 cum
2358 1086 2671 1149 externa

255 1210 464 1273 certe
553 1184 830 1274 norma
877 1222 1036 1275 non
1121 1198 1446 1275 firmiter
1520 1199 1930 1274 constituta
2008 1210 2439 1295 appareret,
2512 1198 2663 1273 iam

254 1347 567 1399 causam
621 1322 764 1398 sibi
801 1350 894 1399 ac
921 1322 1178 1421 legem
1203 1324 1638 1424 repperisse
1672 1324 1881 1399 visus
1920 1336 2053 1400 est.
2112 1322 2390 1399 Sta'tuit
2436 1324 2663 1419 enim,

253 1448 672 1525 Horatium
723 1453 985 1525 omnia
1033 1476 1181 1525 sua
1232 1454 1585 1526 carmina
1654 1453 1901 1552 lyrica
1956 1477 2038 1525 eo
2094 1452 2413 1525 consilio
2469 1475 2665 1524 com-

253 1578 594 1675 posm‘ssc
649 1600 954 1675 eamque-
992 1574 1337 1677 formam
1413 1580 1809 1651 metricam
1856 1580 1961 1650 iis
2010 1579 2370 1670 induisse,
2425 1588 2509 1649 ut
2560 1576 2670 1649 ad

258 1702 526 1800 lyram,
577 1705 654 1775 si
697 1726 852 1776 non
903 1705 1164 1776 omnia
1215 1715 1730 1796 cantarentur,
1779 1716 1863 1776 at
1907 1715 2100 1776 certe
2138 1706 2449 1777 cantari
2493 1726 2666 1802 pos-

253 1840 434 1903 sent.
539 1824 634 1900 In
689 1850 844 1925 qua
897 1852 984 1902 re
1037 1826 1156 1902 vir
1213 1826 1701 1903 doctissimus
1752 1824 2075 1901 mirifice
2111 1824 2477 1924 deceptus
2532 1835 2666 1899 est.

255 1951 482 2047 Nam,
539 1964 624 2026 ut
653 1952 917 2049 paucis
964 1950 1340 2049 exemplis
1381 1951 1788 2050 defungar,
1836 1950 2180 2025 carmina
2223 1974 2421 2048 quae
2468 1948 2666 2019 κατὰ

256 2078 536 2174 στίχον
581 2076 1006 2174 composita
1055 2090 1252 2173 sunt,
1307 2074 1559 2152 Oarm.
1600 2075 1665 2173 I,
1720 2082 1785 2150 1.
1838 2075 1986 2173 ΠΙ,
2034 2080 2151 2152 30.
2189 2074 2327 2170 IV,
2366 2078 2433 2171 8,
2494 2076 2667 2173 quis

256 2202 521 2278 credat
587 2229 670 2278 co
741 2204 1062 2278 oonsilio
1131 2200 1232 2276 ab
1282 2198 1610 2276 Horatio
1666 2200 2097 2299 composita
2168 2224 2353 2297 esse,
2416 2212 2499 2275 ut
2562 2199 2662 2275 ad

251 2325 508 2423 lyram
557 2340 874 2423 possent
925 2326 1275 2401 cantari?
1333 2324 1530 2401 Nam
1555 2352 1782 2430 posse
1832 2352 1924 2402 ea
1980 2327 2269 2402 cantari
2317 2325 2487 2424 quis
2530 2349 2663 2399 ne·-

255 2452 496 2548 gabit,
571 2451 941 2550 quoniam
1019 2452 1300 2548 omnia,
1373 2451 1608 2527 etiam
1679 2474 1875 2551 quae
1924 2476 2110 2527 sano
2162 2476 2387 2527 sensu
2432 2449 2665 2547 plane
2798 2504 2803 2509 -

253 2589 538 2669 carent,
593 2577 884 2653 cantari
934 2580 1310 2673 possunt?
1389 2575 1544 2653 Sed
1602 2576 2022 2652 admodum
2081 2577 2279 2652 mira
2330 2602 2421 2652 ea
2471 2588 2667 2651 esset

255 2700 615 2797 cantatio,
667 2701 732 2775 si
781 2725 1048 2776 severo
1103 2702 1274 2800 quis
1321 2697 1536 2776 vultu
1595 2700 1809 2776 istius
1863 2700 2077 2776 modi
2138 2700 2479 2776 carmina
2528 2701 2663 2776 de·-

255 2841 570 2903 cantare
625 2824 751 2902 vel
811 2826 920 2901 ita
979 2826 1305 2901 recitare
1375 2840 1811 2922 conaretur,
1860 2837 1946 2900 ut
1991 2826 2162 2925 lyra
2212 2826 2303 2901 iis
2354 2825 2665 2923 praelu-

258 2953 476 3029 deret
529 2965 606 3026 et
654 2951 853 3028 inter
905 2952 1247 3049 singulas
1305 2951 1663 3051 strophas
1696 2950 1969 3026 fidium
2016 2964 2281 3027 cantus
2316 2950 2665 3047 ,interpo-

253 3091 496 3154 neret,
553 3076 942 3177 Agedum,
993 3074 1436 3173 periculum
1502 3077 1629 3152 fac
1682 3089 1757 3152 et
1806 3101 2019 3152 sume
2072 3102 2382 3151 carmen
2434 3078 2669 3172 trige-

255 3204 536 3278 simum
585 3203 794 3279 tertii
843 3202 1050 3298 libri,
1115 3202 1326 3298 quod
1379 3200 1749 3277 intactum
1804 3200 2290 3300 reliquerunt
2340 3214 2418 3276 et
2465 3200 2669 3277 Her-

257 3352 587 3403 mannus
641 3342 718 3403 et
747 3326 1050 3403 Kirchn
1069 3352 1270 3423 erus3
1323 3327 1433 3401 ibi
1485 3339 1567 3401 tu
1620 3327 2029 3423 interpone
2080 3327 2279 3402 inter
2328 3323 2668 3423 singulas

257 3450 616 3549 strophas
667 3477 858 3550 quas
902 3450 1190 3549 volunt,
1247 3451 1294 3526 i.
1341 3478 1404 3528 e.
1442 3466 1619 3551 post
1668 3476 1739 3527 v.
1784 3455 1854 3527 4.
1891 3455 1958 3526 8.
2000 3454 2115 3546 12,
2168 3450 2435 3525 fidium
2492 3476 2667 3525 can—

259 3590 382 3653 tus
459 3592 538 3653 et
611 3575 936 3674 videbis,
1018 3603 1252 3677 quam
1329 3577 1709 3653 violenter
1785 3578 2200 3653 sententias
2282 3576 2669 3651 disieceris

261 3715 785 3801 quantamque
826 3702 1370 3800 provocaveris
1425 3702 2043 3801 discrepantiam.
2098 3703 2213 3776 De
2258 3726 2665 3799 argumen-

257 3827 356 3901 tis
411 3840 490 3903 et
538 3828 790 3921 rebus,
847 3852 1048 3925 quae
1099 3829 1440 3904 musicae
1495 3828 1643 3903 arti
1698 3852 1927 3925 quam
1968 3827 2303 3902 maxime
2353 3840 2673 3924 possunt

259 3948 799 4045 adversantur,
851 3950 1047 4025 nihil
1097 3950 1430 4050 amplius
1489 3948 1765 4025 dicam.
1862 3950 2163 4027 Deinde
2217 3951 2426 4050 quod
2480 3950 2667 4027 alte-

259 4100 436 4151 rum
487 4102 536 4152 a
583 4074 1026 4152 Kirchnero
1105 4077 1420 4153 additur
1488 4089 2048 4176 argumentum,
2104 4076 2201 4152 de
2250 4077 2673 4153 innumeris

257 4200 478 4299 lociS,
525 4201 609 4276 in
659 4202 937 4301 quibus
979 4202 1350 4279 Horatius
1396 4204 1651 4280 verbis
1691 4206 1931 4281 utitur
1968 4206 2067 4280 de
2104 4203 2276 4304 lyra
2312 4218 2389 4279 et
2441 4218 2672 4280 cantu

260 4327 615 4425 sumptis,
667 4341 754 4405 ut
795 4326 1049 4405 Carm.
1086 4328 1224 4425 IV,
1271 4334 1340 4426 9,
1401 4335 1471 4406 4.
1519 4329 1660 4426 IV,
1710 4333 1823 4427 15,
1868 4334 1935 4407 2.
1987 4330 2050 4427 I,
2102 4334 2167 4427 6,
2223 4334 2335 4407 19.
2378 4332 2439 4427 I,
2469 4334 2588 4427 32,
2626 4335 2665 4403 1

258 4478 374 4551 sq.
433 4466 604 4550 cet„
663 4479 761 4528 ne
813 4452 958 4529 hoc
1006 4454 1321 4555 quidem
1375 4458 1787 4556 quicquam
1842 4458 2069 4533 valet.
2122 4457 2413 4532 Partim
2463 4457 2668 4532 enim

255 4580 515 4676 posita
567 4595 750 4655 sunt
799 4606 893 4657 ea
948 4581 1322 4657 vocabula
1371 4581 1450 4656 in
1506 4582 1995 4679 carminibus,
2052 4608 2383 4680 quorum
2436 4605 2667 4678 argu-
