3092 5059
1126 253 1286 320 LIB.
1331 256 1382 321 1.
1429 255 1683 322 GARM.
1728 255 1839 322 vl.

2539 255 2663 320 395

357 442 644 518 Pocula
698 471 868 520 oum
927 445 1200 546 cyatho
1255 445 1410 520 duo
1463 446 1802 540 sustinet,
1856 457 2053 522 astat
2100 445 2417 521 echinus

355 566 572 661 Vilis,
629 595 804 644 cum
855 580 1126 668 patera
1176 581 1428 667 gntus,
1476 569 1873 666 Campana
1919 568 2287 668 supellex,

357 693 658 769 Deinde
712 720 804 771 eo
857 693 1276 770 dormitum
1329 720 1486 769 non
1539 694 1932 789 sollicitus,
1986 693 2177 770 mihi
2233 695 2445 794 quod
2496 719 2662 771 cras

259 853 335 893 120
361 817 852 915 Surgendum
905 820 1003 894 sit
1055 845 1304 914 mane,
1361 819 1765 895 obeundus
1818 819 2150 918 Marsya,
2209 820 2340 920 qui
2393 845 2474 896 se

357 941 678 1017 Vultum
733 943 938 1019 ferre
989 958 1230 1041 negat
1275 945 1707 1020 Noviorum
1749 970 1979 1042 posse
2032 944 2373 1019 minoris..

360 1065 486 1141 Ad
546 1083 898 1168 quartam
957 1070 1207 1166 iace03
1257 1083 1434 1171 post
1485 1069 1685 1145 hano
1735 1085 2001 1167 vagor,
2058 1081 2191 1144 aut
2242 1093 2412 1167 eg0,
2464 1067 2665 1144 leoto

359 1189 518 1266 Aut
567 1194 850 1293 scripto
910 1193 1119 1293 quod
1172 1220 1298 1270 me
1347 1195 1667 1269 tacitum
1723 1193 1953 1289 iuvet,
2006 1217 2312 1292 unguor
2366 1194 2595 1290 olivo,

355 1315 529 1390 Non
585 1342 738 1415 quo
791 1317 1168 1393 fraudatis
1222 1317 1666 1393 immundus
1718 1317 1949 1392 Natta
1996 1317 2351 1393 lucernis.

257 1474 334 1514 ηε,
363 1441 508 1516 Ast
559 1443 693 1517 ubi
745 1467 870 1517 me
921 1444 1210 1518 fessum
1258 1441 1372 1518 sol
1427 1443 1682 1518 aerior
1730 1445 1844 1518 ire
1898 1442 2239 1518 lavatum

358 1563 808 1662 Admonuit,
867 1569 1088 1665 fugio
1141 1569 1432 1644 rabiosi
1481 1580 1833 1669 tempora
1883 1569 2109 1665 signi.

357 1690 692 1766 Pransus
745 1716 901 1766 non
954 1692 1204 1788 avide,
1261 1707 1631 1793 quantum
1684 1692 2125 1791 interpellet
2174 1692 2387 1768 inani

360 1815 648 1890 Ventre
700 1815 902 1890 diem
959 1817 1264 1912 durare,
1322 1818 1787 1895 domesticus
1844 1818 2065 1893 otior.

261 2025 436 2079 dorus
471 2027 808 2081 testamento
861 2044 961 2082 suo
999 2027 1196 2096 edixit,
1231 2045 1420 2098 quam·

261 2096 348 2150 vis
403 2097 584 2152 multa
638 2098 794 2152 civili
848 2099 1000 2154 bello
1063 2100 1420 2169 perdidisset,

261 2172 452 2223 tamen
475 2169 794 2239 relinquere
831 2188 1122 2226 servorum
1149 2176 1420 2242 quattuor

259 2239 420 2294 milia
453 2245 680 2295 eentum
715 2243 961 2298 deoem.“
986 2273 1051 2284 —·
1072 2243 1218 2312 lapis
1240 2243 1418 2314 albus]

260 2328 329 2364 ex
366 2311 592 2382 vulgari
639 2331 922 2369 marmore
955 2315 1170 2384 faetus3
1216 2315 1278 2369 in
1313 2315 1420 2370 hae

263 2399 487 2452 quoque
511 2401 574 2439 re
599 2383 1420 2527 inffiumffxuffiomz

259 2471 480 2510 norum.
539 2483 606 2496 —
1065 2476 1100 2512 a
1249 2477 1307 2513 m

260 2527 476 2596 vinum,
509 2528 750 2584 alterum
797 2530 870 2584 ad
917 2547 1137 2599 aquam.
1175 2559 1244 2570 --
1281 2531 1420 2586 xhi-

258 2598 390 2667 ms]
421 2617 524 2654 vas
557 2600 732 2654 fuisse
777 2601 1022 2670 videtur,
1071 2602 1130 2654 in
1179 2619 1289 2671 quo
1329 2617 1418 2655 oa-

263 2669 398 2724 lioes
433 2671 714 2726 lavantur.
747 2672 954 2727 Comm.
981 2673 1176 2742 Cruq.:
1219 2673 1417 2742 „Echi-

258 2758 396 2796 num
433 2741 582 2797 dixit
604 2761 706 2798 vas
731 2745 862 2799 salis
887 2745 948 2798 in
978 2744 1207 2799 modum
1235 2745 1418 2800 echini

261 2813 494 2882 marini3
547 2814 646 2870 alii
681 2816 988 2885 ampullam
1025 2819 1280 2886 vitream,
1320 2817 1418 2872 alii

261 2885 480 2954 lignum
526 2885 724 2942 dieunt
765 2905 892 2942 cum
935 2889 1172 2956 uncinis,
1208 2891 1268 2943 in
1306 2907 1416 2958 quo

259 2960 553 3026 ponuntur
575 2959 794 3028 salices,
813 2959 912 3014 alii
937 2961 1246 3030 ampullam
1269 2979 1416 3015 seor-

259 3032 412 3082 team
467 3029 628 3084 iuxta
675 3031 816 3084 illud
858 3031 1088 3087 Lucilii:
1165 3033 1418 3100 ,abinus

259 3098 565 3155 OEnnabari
607 3102 897 3168 infectus.“
943 3133 1010 3144 --
1055 3119 1178 3158 eum
1216 3109 1416 3173 patera

257 3171 448 3241 quius]
504 3176 807 3242 utrumque
863 3174 938 3229 ad
985 3175 1284 3230 libationes
1333 3176 1415 3230 fa·

261 3241 502 3296 oiendas.
530 3271 598 3284 —
627 3245 933 3316 Campana]
973 3245 1088 3301 Sat.
1113 3246 1185 3312 11,
1213 3249 1264 3310 8,
1301 3249 1417 3301 144.

261 3313 481 3368 Fictilis
528 3333 594 3372 so
639 3316 771 3370 vilis
821 3319 1086 3387 supellex.
1139 3345 1202 3356 ·-
1253 3319 1416 3372 Mar-

260 3385 382 3455 sya]
409 3385 666 3456 „Marsya
691 3393 880 3444 statua
904 3394 1028 3444 erat
1051 3407 1156 3459 pro
1181 3389 1420 3456 Rostris,

261 3457 334 3510 ad
379 3474 548 3527 quam
593 3460 852 3515 solebant
895 3461 1194 3516 convenire
1239 3461 1418 3516 eausi-

261 3527 394 3592 dioi,
432 3530 530 3598 qui
568 3531 694 3586 lites
731 3536 789 3586 et
825 3549 898 3586 ne
937 3533 1056 3588 otia
1093 3533 1420 3587 tractabant

1021 3621 1094 3658 m.
1135 3605 1302 3673 Cruq.
1339 3603 1418 3658 Et

263 3669 436 3726 idem:
513 3673 737 3741 „Minor
786 3676 938 3730 enim
981 3676 1292 3731 Noviorum
1345 3676 1418 3730 sd

260 3742 406 3797 hano
441 3747 689 3801 statuam
723 3747 1048 3818 turpissime
1093 3747 1417 3802 faeneraba-

259 3817 356 3868 tur
393 3831 610 3871 summo
634 3836 816 3887 mane,
849 3835 1024 3887 quare
1057 3819 1277 3874 iocatur
1303 3819 1416 3872 Ho-

261 3885 442 3942 ratius
495 3887 778 3958 inquiens,
833 3891 1116 3958 Marsyam
1180 3890 1417 3945 alteram

263 3957 472 4014 habere
523 3977 750 4016 manum
803 3967 1048 4017 erectam
1103 3963 1176 4017 ad
1229 3963 1416 4032 depel-

263 4028 492 4086 lendum
529 4031 756 4102 Novios,
800 4035 952 4103 quod
991 4051 1186 4088 eorum
1231 4035 1414 4089 faene-

261 4105 519 4156 ratorum
585 4104 992 4174 impudentiam
1059 4123 1174 4160 non
1228 4110 1418 4176 posset

262 4172 590 4230 sustinere.“
651 4203 710 4214 --
769 4183 869 4230 aut
904 4177 1026 4247 syo]
1070 4176 1416 4232 Sententiam

260 4243 404 4298 bene
483 4247 742 4315 exposuit
821 4249 1192 4302 Kirchnerus:
1289 4249 1418 4317 „Ad

265 4320 525 4384 quartam
561 4319 734 4386 iaee0,
771 4323 830 4374 et
851 4323 1150 4389 postquam
1185 4319 1418 4388 (iacens)

263 4386 378 4457 legi
433 4392 536 4443 aut
581 4390 779 4460 scripsi
829 4391 982 4459 quod
1039 4407 1128 4444 me
1179 4392 1418 4446 tacitum

264 4458 440 4527 iuvet,
478 4465 578 4514 aut
613 4479 788 4532 vagor
825 4467 926 4516 aut
961 4479 1181 4531 unguor
1213 4462 1418 4518 olivo.“

265 4529 448 4596 Lecta,
484 4532 686 4600 scripto
723 4533 961 4588 ablativi
998 4536 1132 4588 sunt
1163 4532 1420 4588 absolute

265 4601 457 4671 positi.
563 4603 876 4659 Meinekius
930 4604 1170 4660 retinuit
1221 4604 1420 4660 distin-

259 3603 320 3652 et
355 3603 814 3671 oemponebant.“

2170 1818 2389 1894 Haeo
2442 1829 2555 1893 est

1513 2029 1759 2084 ctionem
1792 2027 2037 2083 Bentlei:
2092 2031 2255 2097 „post
2308 2026 2455 2082 hano
2488 2043 2669 2098 vagor

1513 2104 1617 2155 aut
1650 2117 1755 2171 ego
1792 2100 1937 2155 lecto
1982 2103 2082 2155 aut
2131 2099 2343 2168 scripto
2388 2098 2541 2168 quod
2574 2111 2667 2154 me

1513 2173 1751 2227 tacitum
1786 2172 1959 2238 iuvet,
1996 2187 2217 2243 unguor
2252 2171 2461 2240 olivo“‚
2496 2188 2667 2240 quam

1513 2244 2065 2385 ἐὲιὲχξᾶἷωέᾆεξΐέ
2066 2248 2093 2298 ⁶
2100 2259 2273 2384 <133¹
2285 2241 2667 2370 Μωιέἑᾮ

1511 2387 1664 2442 inter
1706 2387 2027 2457 vagandum
2074 2388 2249 2454 iuvet,
2284 2403 2493 2456 vagor3
2542 2389 2663 2440 tum

1512 2475 1735 2529 unguor
1768 2459 1932 2512 olivo.
1982 2457 2281 2514 Willemsl.
2304 2459 2343 2511 1.
2363 2473 2418 2527 p.
2439 2460 2508 2511 67
2544 2474 2663 2512 eor-

1510 2531 1697 2600 rigere
1722 2530 1905 2585 voluit
1940 2544 2033 2600 syo
2066 2531 2129 2584 in
2151 2530 2287 2600 layo:
2321 2529 2381 2598 je
2417 2546 2509 2584 me
2540 2529 2667 2584 leve

1512 2605 1549 2656 a
1570 2603 1677 2668 8¹14
1714 2601 1797 2671 h.;
1834 2617 1965 2656 vers
1998 2603 2103 2670 9¹l,
2139 2601 2195 2656 h.
2228 2601 2287 2670 je
2320 2600 2467 2656 flans
2504 2617 2579 2655 ou
2606 2600 2667 2670 je

1511 2675 1607 2743 lis;
1642 2677 1807 2756 apres
1833 2673 1993 2727 avoir
2016 2673 2077 2728 lu
2111 2691 2185 2728 ou
2212 2671 2356 2728 ecrit
2378 2675 2506 2727 tant
2529 2671 2667 2741 qu’il

1509 2743 1969 2872 stertit?
1998 2743 2669 2887 &uffffifflffizffissi

1511 2889 1780 2959 philolog.
1818 2888 1978 2943 Paris
2010 2889 2162 2942 18⁷9.
2200 2905 2255 2958 p.
2287 2889 2411 2952 191)
2449 2887 2577 2942 lecto
2610 2891 2667 2942 et

1509 2961 1715 3028 scripto
1749 2961 2069 3030 praesentia
2116 2977 2231 3014 esse
2267 2963 2433 3029 putat
2466 2959 2667 3014 verbo-

1510 3050 1638 3086 rum
1693 3031 1907 3099 lecture,
1952 3031 2242 3102 scripture,
2299 3048 2441 3100 quae
2490 3030 2667 3085 verba

1510 3103 1800 3158 Bentleius
1834 3104 1894 3157 in
1928 3103 2187 3157 ultimam
2222 3101 2544 3158 barbariam
2581 3119 2665 3158 re-

1509 3175 1751 3246 leganda
1786 3191 1905 3229 esse
1942 3173 2105 3228 dixit.
2133 3201 2199 3214 --
2232 3173 2439 3244 Natta]
2478 3173 2666 3228 Sordi-

1509 3247 1771 3302 dissimus
1818 3246 1985 3300 homo
2034 3246 2161 3300 oleo
2206 3263 2283 3300 un
2362 3246 2563 3300 ebatur
2596 3263 2666 3300 ex

1510 3320 1753 3374 lueernis
1787 3317 2057 3372 detracto.
2108 3317 2223 3372 Sat.
2317 3357 2332 3382 ,
2371 3319 2423 3386 2,
2454 3319 2542 3371 59.
2592 3317 2665 3379 11,

1511 3392 1543 3444 3
1556 3431 1571 3454 ,
1632 3391 1748 3444 126.
1808 3419 1872 3430 --
1929 3389 2141 3443 rabiosi
2193 3393 2443 3458 tempora
2492 3388 2665 3460 signi]

1509 3460 1639 3515 Non
1692 3461 2083 3532 significantur
2135 3460 2255 3515 dies
2306 3461 2665 3529 oanieulares,

1509 3533 1608 3586 sed
1657 3537 1875 3602 tempus
1924 3531 2319 3599 meridianum,
2374 3548 2485 3601 quo
2530 3533 2667 3587 solis

1511 3608 1695 3658 aestus
1749 3610 1837 3658 est
1898 3605 2209 3660 acerrimus
2270 3609 2331 3658 et
2390 3604 2550 3672 quasi
2604 3605 2664 3658 in

1509 3675 1724 3730 rabiem
1770 3676 1907 3745 agit.
1998 3675 2157 3730 Haeo
2202 3675 2369 3730 unice
2413 3691 2546 3729 vera
2590 3676 2663 3729 le·

1510 3747 1625 3802 otio
1692 3747 1837 3801 miro
1902 3747 2069 3801 modo
2134 3748 2195 3801 in
2258 3746 2665 3802 recentioribus

1510 3818 1869 3886 editionibus,
1916 3819 2087 3873 etiam
2132 3818 2393 3873 Muelleri
2442 3815 2665 3872 Lehrsii

1509 3890 1775 3944 Fritsehii
1812 3889 2121 3944 Eeksteinii
2156 3889 2403 3960 Kriigeri
2437 3889 2663 3958 postha-

1509 3961 1633 4017 bita
1676 3966 1763 4016 est
1808 3962 2186 4031 antiquissimi
2234 3960 2453 4016 Codicis
2497 3960 2663 4014 Blan-

1509 4032 1651 4088 dinii
1689 4038 1747 4088 et
1770 4033 1937 4088 unius
1962 4032 2209 4088 Gothani
2245 4031 2368 4101 (qui
2389 4032 2663 4101 pessimus

1510 4123 1629 4160 esse
1700 4105 1933 4173 dieitur)
2000 4103 2427 4174 interpolationi
2502 4102 2663 4172 fugio

1510 4174 1769 4246 Campum
1810 4178 2091 4246 lusumque
2122 4176 2411 4246 ὑπ’ροπεπι.
2450 4173 2663 4245 Trigon

1511 4248 1739 4317 quidem
1755 4264 1929 4318 genus
1944 4247 2057 4303 fuit
2073 4248 2223 4318 pilae
2232 4247 2515 4312 minimae,
2533 4246 2665 4302 inde

1509 4319 1833 4374 nominatae
1870 4319 2018 4388 quod
2060 4337 2093 4373 a
2126 4319 2309 4372 tribus
2345 4318 2663 4372 iactabatur

1509 4391 1837 4446 ludentibus
1856 4397 1917 4446 et
1938 4391 2020 4445 ita
2056 4389 2361 4459 dispositis,
2398 4395 2463 4444 ut
2484 4389 2663 4444 trian-

1510 4463 1633 4532 guli
1672 4461 1916 4516 formam
1952 4461 2255 4516 efficerent.
2292 4461 2401 4516 Sed
2429 4462 2663 4516 obscure

1511 4533 1727 4588 dietum
1779 4533 1955 4587 hesua
2006 4532 2273 4602 monem
2324 4551 2429 4602 pro
2486 4533 2665 4587 lm

1511 4603 1625 4676 (vel
1671 4604 1886 4673 ludum)
1930 4604 2189 4674 triqons‘s:
2250 4604 2453 4660 deinde
2500 4605 2663 4662 vehe-
