3092 5059
1035 209 1154 276 DE
1196 211 1430 317 ARTE
1474 210 1868 280 POETIOA.

2526 215 2647 280 651

255 424 330 465 ιω
356 393 747 472 Vesanum
793 397 1138 494 tetigisse
1191 399 1465 477 timent
1515 401 1979 502 fugiuntque
2030 417 2340 500 poetam
2469 489 2478 499 .

361 519 507 612 Qui
559 521 888 618 sapiunt,
941 524 1238 619 agitant
1287 525 1507 623 pueri
1558 527 2005 626 incautique
2048 540 2491 628 sequuntur.

356 643 510 719 Hic
563 644 748 722 dum
799 647 1150 724 sublimis
1203 675 1471 726 versus
1524 664 1869 728 ructatur
1918 666 1996 728 et
2044 667 2276 750 erratr

357 769 441 847 Si
488 771 728 846 veluti
777 772 1094 850 merulis
1137 775 1478 851 intentus
1523 777 1818 853 decidit
1870 805 2153 878 auceps

351 895 445 970 In
495 909 814 993 puteum
869 899 1302 997 foveamve,
1357 900 1544 978 licet
1595 901 2135 998 ‚,Succurrite“
2184 905 2503 1002 longum

255 1049 332 1088 ιω
359 1018 662 1096 Clamet
705 1020 845 1116 „Io
899 1019 1198 1097 civesl“
1253 1051 1410 1100 non
1461 1027 1561 1102 sit
1615 1029 1747 1126 qui
1807 1029 2082 1106 tollere
2133 1041 2365 1105 curet.

356 1142 439 1221 Si
493 1159 705 1223 curet
761 1147 930 1246 quis
987 1173 1214 1247 opem
1267 1151 1476 1227 ferre
1527 1165 1604 1228 et
1660 1153 2064 1232 demittere
2114 1155 2403 1250 funem,

355 1276 559 1372 „Qui
610 1277 753 1354 scis
804 1304 904 1352 an
955 1279 1294 1376 prudens
1339 1280 1488 1358 huc
1540 1309 1624 1358 se
1674 1283 2088 1382 proiecerit
2132 1295 2363 1382 atque

357 1401 665 1478 Servari
717 1399 1010 1478 nolit?“
1058 1403 1313 1479 dicam
1364 1403 1762 1506 Siculique
1812 1421 2091 1506 poetae

358 1526 708 1604 Narrabo
761 1529 1178 1606 interitum.
1281 1531 1484 1606 Deus
1535 1531 1993 1607 immortalis
2046 1529 2317 1606 haberi

259 1681 336 1722 ιω
357 1653 558 1728 Dum
614 1654 824 1752 cupit
870 1654 1400 1754 EmpedocleS‚
1475 1655 1880 1733 ardentem
1946 1655 2281 1751 frigidus
2329 1653 2655 1731 Aetnam

363 1780 694 1855 Insiluit.
799 1777 914 1855 Sit
964 1780 1078 1853 ius
1130 1780 1509 1880 liceatque
1559 1781 1814 1878 perire
1858 1781 2145 1882 poetis3

358 1905 702 1981 Invitum
725 1908 888 2005 ‚qui
941 1920 1216 2002 servat,
1272 1907 1480 1983 idem
1535 1909 1727 1983 facit
1774 1907 2177 1983 occidenti.

359 2031 520 2105 Nec
571 2029 802 2106 semel
847 2029 995 2106 hoc
1049 2031 1258 2128 fecit,
1313 2059 1456 2108 nec
1509 2034 1575 2110 si
1626 2045 2015 2128 retractus,
2070 2032 2238 2126 erit,
2291 2031 2446 2104 iam

363 2155 535 2232 Fiet
585 2154 844 2229 homo·
873 2171 948 2232 et
995 2171 1236 2254 ponet
1285 2159 1632 2234 famosae
1682 2157 1951 2231 mortis
2003 2181 2367 2232 amorem.

261 2315 339 2355 ⁴⁷0
361 2282 522 2358 Nec
573 2282 753 2357 satis
800 2296 1122 2380 apparet
1151 2307 1312 2357 cur
1359 2308 1623 2357 versus
1676 2282 1991 2376 factitet,
2046 2295 2304 2357 utrum

359 2408 722 2484 Minxerit
771 2406 853 2481 in
903 2409 1196 2502 patrios
1250 2408 1542 2482 cineres
1596 2431 1692 2482 an
1744 2406 1960 2482 triste
2012 2405 2357 2482 bidental

264 2705 484 2768 (matus,
523 2698 845 2753 Gelbsucht.
874 2727 939 2738 —-
969 2698 1186 2768 Diana]
1231 2697 1410 2768 Signi-

265 2771 509 2825 ficantur
543 2771 796 2837 lunatici,
843 2773 1166 2835 σεληνιακοί.
1220 2800 1283 2809 -
1323 2787 1410 2823 eu-

265 2842 466 2909 blimis]
510 2843 660 2896 elato
705 2841 903 2911 capite,
955 2847 1020 2896 ut
1064 2859 1176 2895 non
1223 2841 1413 2896 videat

265 2913 401 2982 quid
457 2914 692 2983 pedibus
743 2913 858 2967 suis
907 2914 1108 2968 obstet.
1205 2913 1412 2967 Graece

262 2990 548 3054 μετέωρος.
594 3015 659 3024 -
693 2985 880 3054 pueri]
920 3003 1182 3054 compara
1219 2985 1334 3039 Sat.
1369 2985 1412 3052 Ι,

265 3060 313 3119 3,
358 3058 475 3110 133.
505 3086 570 3095 —
596 3057 870 3126 ructatur]
911 3057 1187 3112 Usitatior
1227 3057 1414 3111 activa

263 3128 449 3182 forma
494 3128 658 3181 huius
708 3127 866 3181 verbi
903 3135 1002 3183 est.
1054 3158 1119 3167 —
1159 3126 1410 3197 puteum]

265 3200 336 3254 cf.
373 3199 555 3268 Epist.
579 3199 654 3266 11,
677 3201 728 3262 2,
763 3200 880 3252 135.
921 3193 990 3238 4
1025 3217 1138 3254 non
1179 3199 1273 3268 sit]
1309 3200 1414 3252 im·

263 3271 535 3340 perative‚
574 3276 639 3324 ut
676 3270 790 3325 Sat.
816 3270 887 3334 ΙΙ,
915 3273 967 3339 5,
991 3273 1076 3325 91.
1131 3271 1200 3324 cf.
1231 3269 1412 3339 Epist.

262 3343 306 3410 1,
359 3345 443 3410 18,
489 3344 574 3396 72.
663 3341 1023 3396 Doederlinio
1069 3343 1175 3396 hoc
1219 3341 1414 3396 discri-

265 3431 392 3468 men
410 3419 518 3469 est:
542 3431 643 3482 „ne
660 3413 857 3481 feceris
866 3413 1040 3467 heisst
1049 3415 1145 3467 thu
1163 3429 1216 3468 es
1235 3413 1414 3482 nicht3

263 3486 518 3555 dagcgen
553 3501 668 3539 non
711 3485 906 3552 feceris
934 3507 1002 3530 =
1035 3503 1094 3540 so
1131 3486 1414 3538 natiirlich

262 3576 320 3611 es
358 3556 498 3611 auch
538 3556 756 3611 scheint
803 3574 859 3610 es
897 3573 962 3610 zu
1017 3558 1178 3618 thun,
1215 3571 1276 3610 so
1313 3557 1416 3610 thu

263 3645 330 3688 ea
356 3629 490 3682 doch
523 3629 728 3683 nicht.“
779 3657 845 3666 —-
894 3628 1003 3682 scis
1039 3629 1134 3698 an]
1173 3628 1300 3682 vide
1341 3628 1414 3682 ad

265 3700 444 3754 Oarm.
492 3699 586 3762 IV,
633 3703 684 3766 7,
736 3703 818 3753 17.
865 3729 932 3738 -
979 3699 1255 3768 Siculique
1283 3715 1414 3768 poe-

263 3771 374 3840 tae]
453 3772 579 3840 „Ad
655 3771 1017 3826 coercendam
1096 3771 1415 3841 superbiam

265 3844 569 3898 stultorum
618 3849 914 3912 poetarum
963 3843 1032 3898 de
1078 3843 1414 3912 Empedocle

265 3915 544 3969 Siciliensi
587 3920 774 3984 poeta,
810 3916 912 3969 dat
949 3915 1282 3984 exemplum,
1318 3915 1415 3982 qui

265 3987 515 4041 carmina
551 3987 884 4055 conscripsit
911 3987 1166 4055 physica;
1205 3991 1264 4040 et
1299 4003 1415 4040 cre·

263 4059 402 4112 dens
453 4076 510 4113 se
555 4058 931 4112 immortalem
975 4057 1098 4112 fore
1138 4059 1416 4128 dignitate

263 4130 546 4190 carminis,
583 4130 884 4198 volensque
920 4147 1075 4182 suam
1131 4131 1414 4184 immorta-

264 4201 481 4254 litatem
533 4200 772 4268 probare
819 4198 1022 4253 deiecit
1072 4219 1128 4254 se
1164 4202 1224 4254 in
1264 4200 1415 4254 flam-

263 4289 414 4325 mam
453 4273 668 4325 Aetnae
720 4271 952 4324 montis:
1003 4271 1098 4324 sed
1146 4273 1264 4324 eius
1303 4289 1416 4326 cre-

265 4343 449 4412 pidae,
489 4359 624 4411 quas
651 4341 877 4396 flamma
915 4343 1196 4395 eructavit
1233 4342 1420 4411 (erant

267 4415 416 4468 enim
454 4412 672 4481 aereae)
700 4411 1070 4481 prodiderunt
1095 4431 1237 4466 eum.
1277 4413 1419 4468 Erat

265 4491 456 4540 autem
535 4483 900 4553 Empedocles
985 4484 1417 4553 Agrigentinus,

268 4555 728 4626 Pythagoricus.“
804 4555 1012 4608 Comm.
1058 4554 1222 4622 Cruq.
1265 4554 1418 4609 Vixit

1505 2701 1636 2754 circ.
1677 2718 1723 2753 a.
1762 2699 1869 2752 442
1906 2717 1957 2752 a.
1997 2697 2124 2752 Chr.
2162 2715 2217 2752 n.
2245 2724 2310 2735 —
2337 2695 2480 2750 idem
2519 2695 2657 2750 occi-

1507 2770 1683 2840 dent-i]
1734 2770 1883 2824 idem
1932 2787 2059 2825 cum
2109 2769 2303 2823 dativo
2350 2785 2418 2822 ex
2465 2771 2657 2836 poeta-

1508 2860 1635 2896 rum
1670 2859 1774 2895 usu
1798 2858 1929 2910 pro:
1967 2841 2115 2896 idem
2143 2841 2297 2902 facit,
2338 2837 2489 2908 quod
2521 2839 2660 2893 facit

1509 2915 1607 2982 qui
1644 2913 1867 2968 occidit.
1904 2913 1995 2967 Ad
2035 2912 2369 2966 sententiam
2397 2928 2659 2979 compara

1508 2985 1698 3040 Senec.
1750 2984 1959 3038 Phoen.
2012 2985 2142 3037 100:
2222 2982 2527 3051 „Occidere
2575 2988 2660 3036 est

1508 3063 1701 3112 vetare
1738 3056 2053 3124 cupientem
2088 3055 2286 3110 mori.“
2332 3052 2565 3108 Praeter
2602 3054 2657 3106 h.

1508 3147 1561 3182 v.-
1618 3129 1677 3182 in
1746 3127 1937 3181 satiris
2000 3134 2059 3181 et
2121 3126 2375 3195 epistulis
2434 3125 2661 3179 Horatii

1508 3200 1841 3270 spondiacus
1896 3214 2008 3252 non
2059 3199 2355 3267 reperitur.
2416 3227 2479 3236 —
2538 3197 2657 3252 Nec

1507 3271 1666 3339 satie]
1716 3273 1801 3325 Ac
1845 3269 2085 3324 fortasse
2133 3269 2291 3324 nefas
2340 3274 2423 3323 est
2458 3286 2585 3323 eum
2626 3287 2659 3322 a

1509 3342 1763 3397 versibus
1796 3341 2065 3396 faciendis
2089 3341 2411 3410 prohibere;
2450 3341 2659 3394 etenim

1510 3431 1576 3468 ea
1622 3418 1809 3482 potest
1868 3431 1985 3468 esse
2029 3429 2209 3482 poena
2253 3411 2503 3466 criminis
2560 3411 2659 3464 ali-

1511 3486 1665 3540 cuius
1704 3486 1775 3539 ab
1813 3486 1920 3538 isto
1946 3484 2173 3538 homine
2203 3483 2339 3537 olim
2364 3483 2657 3537 commissi.

1513 3587 1577 3596 —-
1621 3555 1884 3626 bidental]
1916 3557 2016 3624 „Id
2050 3555 2201 3622 quod
2237 3554 2385 3608 Iovis
2422 3553 2657 3607 fulmine

1509 3646 1833 3698 percussum
1884 3633 1969 3682 est
2016 3626 2268 3680 bidental
2315 3626 2659 3695 appellatum

1505 3701 1618 3754 hoc
1652 3700 1867 3769 expiari
1906 3715 2017 3752 non
2054 3703 2256 3781 potest.
2292 3696 2436 3752 Sunt
2472 3701 2661 3750 autem

1511 3777 1851 3897 gildeiiizxatfifft
1886 3768 2230 3910 albortgliljirfb
2252 3771 2409 3894 Fest.)
2448 3768 2661 3910 {mg}

1509 3915 1807 3983 „Bidental
1862 3914 2123 3968 dicebant
2180 3913 2461 3980 quoddam
2523 3917 2659 3966 tem—

1510 3988 1686 4057 plum,
1725 3986 1875 4054 quod
1905 3987 1964 4038 in
2001 4003 2065 4040 eo
2102 3984 2425 4038 bidentibus
2461 3983 2658 4037 hostiis

1511 4057 1975 4112 sacrificaretur.“
2006 4085 2069 4094 —
2098 4055 2377 4124 minxerit]
2414 4055 2482 4109 cf.
2510 4054 2657 4108 Pers.

1517 4135 1563 4184 1.
1594 4131 1721 4182 113:
1762 4129 1975 4198 ,‚pueri,
2002 4145 2158 4182 sacer
2185 4133 2271 4181 est
2306 4128 2475 4195 locus,
2500 4132 2662 4180 extra

1512 4201 1738 4254 Meite.“
1788 4200 1903 4254 Fca
1939 4200 2011 4254 ad
2048 4201 2102 4253 h.
2141 4199 2203 4252 L:
2256 4199 2499 4266 „Mortui
2538 4198 2658 4264 qui-

1511 4289 1747 4340 cumque
1796 4276 2149 4326 transeuntes
2198 4271 2659 4340 deprecabantur,

1511 4349 1577 4398 ut
1611 4361 1722 4398 non
1762 4343 1821 4396 in
1862 4360 2053 4396 eorum
2090 4342 2302 4397 cineres
2326 4343 2657 4412 mingerent.

1511 4415 1684 4470 Vetus
1730 4414 2022 4482 inscriptio
2084 4432 2172 4483 ap.
2231 4414 2389 4468 Grut.
2444 4431 2499 4482 p.
2554 4414 2657 4465 792

1513 4487 1746 4555 „hospes
1784 4487 1855 4539 ad
1891 4485 2039 4540 hunc
2070 4485 2353 4538 tumulum
2391 4501 2463 4538 ne
2489 4485 2659 4538 meias

1516 4575 1641 4612 ossa
1677 4562 1980 4627 precantur
2005 4561 2155 4612 tecta
2188 4556 2479 4611 hominis.“
2530 4556 2661 4610 Alia
