3092 5059
1058 226 1219 294 LIB.
1270 227 1323 294 1.
1366 227 1635 296 EPIST.
1676 227 1788 294 IV.

2507 228 2632 294 513

258 446 285 484 s
340 415 749 492 Curantem
794 412 1175 518 ‘quicquid
1229 414 1554 512 dignum
1607 415 1950 515 sapiente
1998 415 2362 514 bonoque
2415 416 2574 490 est?

332 539 507 614 Non
560 553 643 614 tu
696 564 973 638 corpus
1028 564 1194 616 eras
1247 539 1411 616 sine
1461 552 1811 636 pectore:
1867 538 1946 614 di
1996 538 2139 614 tibi
2191 538 2546 636 formam,

332 664 429 739 Di
482 664 625 741 tibi
679 662 984 740 divitias
1039 663 1421 740 dederunt
1470 677 1872 763 artemque
1915 663 2247 740 fruendi.

336 790 545 883 Quid
600 802 876 865 voveat
931 788 1143 864 dulci
1196 789 1578 865 nutricula
1629 791 1871 864 maius
1917 789 2254 886 alumno,

338 914 489 1008 Qui
541 938 814 1011 sapere
868 926 945 988 et
994 913 1146 988 fari
1198 912 1438 1011 possit
1489 936 1687 1010 quae
1738 914 2033 1008 sentiat,
2094 927 2167 988 et
2215 915 2336 990 cui

233 1070 287 1109 ιο
338 1037 633 1133 Gratia,
688 1038 917 1132 fama,
972 1037 1332 1114 valetudo
1388 1037 1784 1134 contingat
1836 1038 2144 1114 abunde

328 1165 425 1268 Et
474 1163 807 1238 mundus
858 1162 1103 1237 victus
1158 1187 1313 1236 non
1369 1160 1768 1238 deficiente
1823 1166 2238 1240 crumena?

331 1287 547 1364 Inter
598 1311 816 1388 spem
870 1310 1313 1385 curamque,
1361 1286 1679 1362 timores
1729 1287 1932 1363 inter
1983 1301 2057 1363 et
2107 1289 2260 1365 iras

334 1411 661 1490 Omnem
719 1412 947 1489 crede
1001 1410 1203 1486 diem
1260 1411 1404 1486 tibi
1456 1411 1820 1488 diluxisse
1871 1437 2344 1508 supremum:

334 1541 578 1618 Grata
627 1537 1120 1635 superveniet
1168 1559 1366 1635 quae
1416 1563 1574 1612 non
1626 1537 2062 1634 sperabitur
2113 1538 2323 1614 hora.

228 1787 421 1842 iuncta
455 1785 589 1842 vide
623 1803 692 1841 ex
712 1783 992 1842 Ciceronis
1024 1785 1149 1839 loco
1183 1785 1254 1840 de
1286 1783 1381 1840 off.

227 1859 329 1922 111,
372 1860 456 1920 15,
501 1861 595 1927 623
656 1861 713 1913 et
769 1856 838 1912 cf.
887 1856 1067 1927 Epist.
1112 1856 1158 1924 1,
1200 1859 1254 1922 7,
1292 1858 1382 1913 22.

228 1929 275 1999 I,
319 1931 401 1998 16,
443 1933 528 1985 73.
590 1931 661 1984 A,
698 1928 758 1982 P.
795 1931 917 1984 445.
984 1957 1050 1968 -
1112 1929 1248 1984 Non
1296 1927 1381 1997 tu]

230 2001 647 2057 Sententiarum
680 2001 818 2056 ordo
855 2000 950 2055 hic
985 2017 1101 2054 esse
1131 2001 1379 2054 videtur:

230 2073 405 2143 „quid
436 2073 621 2128 dicam
654 2076 713 2127 te
750 2071 973 2127 facere?
1020 2076 1212 2127 utrum
1250 2089 1381 2142 poe-

227 2149 384 2200 mata
453 2161 785 2215 componere
858 2162 929 2198 an
996 2143 1383 2214 philosophari

226 2217 415 2286 potius
476 2217 545 2271 de
607 2215 675 2270 iis
747 2216 913 2272 rebus
975 2233 1119 2285 quae
1178 2215 1381 2286 dignae

228 2295 360 2343 sunt
432 2286 779 2358 sapientibus
855 2287 1127 2356 bonisque
1205 2285 1381 2340 viris?

228 2359 437 2429 Quodsi
486 2360 593 2414 hoc
642 2358 799 2424 facis,
849 2363 1000 2413 recte
1037 2357 1205 2422 facin
1264 2364 1383 2412 tam

226 2431 433 2486 multas
507 2431 655 2485 enim
715 2435 779 2484 tu
846 2429 1017 2484 habes
1089 2429 1264 2484 animi
1326 2435 1383 2484 et

228 2503 481 2572 corporis
529 2503 790 2570 virtutes,
851 2507 917 2555 ut
970 2501 1229 2572 indignas
1290 2519 1381 2556 cu-

226 2593 321 2630 ras
364 2579 428 2629 tu
474 2573 625 2628 alere
672 2592 785 2628 non
820 2574 1053 2643 possis.“
1113 2603 1179 2612 --
1236 2571 1379 2643 eras]

224 2644 773 2772 ἷῗὲἒθῖἁνὲἓὲῗὰἒ
793 2650 886 2770 ἐξ·
904 2645 1158 2771 ωεόἓὲ
1216 2643 1382 2770 ἓξὲξ

227 2787 403 2844 eras.“
442 2787 517 2842 cf.
556 2756 861 2842 Hom.⁹0d.
899 2756 995 2856 IVn,
1034 2791 1119 2842 31.
1174 2817 1239 2827 —
1286 2805 1381 2858 pe-

225 2858 397 2931 ctore]
438 2859 601 2914 Ovid.
638 2859 772 2914 Met.
810 2859 963 2927 XIII,
991 2861 1114 2914 290.
1153 2857 1379 2914 Heroid.

231 2934 319 3001 16,
358 2933 488 2986 305:
538 2929 827 3001 „Huncine
868 2936 932 2985 tu
980 2949 1165 3001 speres
1203 2930 1380 2985 homi-

226 3021 357 3057 nem
400 3003 519 3058 sine
567 3007 793 3072 pectore
838 3002 996 3057 dotes
1034 3003 1201 3057 Posse
1246 3003 1382 3056 sat-is

228 3075 462 3143 formae,
516 3074 783 3143 Tyndari,
842 3091 1005 3130 nosse
1065 3073 1245 3128 tuae.“
1310 3102 1381 3112 —

224 3146 515 3216 dederunt]
566 3147 635 3200 de
680 3151 941 3216 correpta
987 3144 1203 3215 syllaba
1251 3144 1380 3199 vide

228 3219 302 3272 ad
322 3217 438 3272 Sat.
457 3217 502 3286 1,
528 3219 611 3285 10,
633 3219 720 3271 46.
743 3246 809 3257 -
828 3223 1015 3272 voveat
1032 3215 1233 3287 maius]
1255 3234 1381 3272 cum

230 3308 299 3344 ea
337 3307 478 3358 quae
529 3289 735 3344 habeat
785 3289 931 3343 bona
980 3306 1198 3343 summa
1243 3289 1381 3355 sint;

228 3379 375 3431 quae
413 3362 602 3430 qualia
651 3361 767 3414 sint
808 3360 1110 3414 ostendunt
1146 3364 1261 3413 tres
1300 3360 1381 3412 in-

228 3437 523 3501 sequentes
559 3450 769 3486 versus.
808 3432 963 3486 Haec
985 3432 1163 3502 igitur
1193 3431 1384 3485 omnia

226 3505 400 3560 habet
446 3503 715 3572 Tibullus,
765 3521 939 3573 quare
989 3503 1268 3572 sapienter
1312 3501 1383 3556 iis

226 3576 344 3630 frui
381 3576 623 3630 iubetur.
650 3605 717 3614 —
746 3575 842 3646 qui
865 3573 1077 3645 sapere]
1106 3573 1381 3643 Cruquius

228 3647 300 3702 ad
337 3647 395 3702 h.
429 3647 495 3702 l.:
547 3664 697 3716 „non
744 3645 993 3701 diffiteor
1040 3646 1254 3701 codices
1290 3645 1407 3700 hic·

226 3737 345 3774 non
364 3723 643 3787 constare;
664 3717 861 3774 Bland.
888 3723 1155 3787 quattuor
1174 3717 1383 3772 habent

228 3791 326 3862 qui
378 3806 569 3859 sapere
615 3795 665 3846 et
708 3790 828 3856 fari
866 3789 1044 3860 possit
1081 3805 1221 3859 quae
1266 3805 1381 3844 sen-

230 3861 357 3931 tiat,
395 3867 447 3916 ct
484 3861 593 3930 cui,
631 3879 799 3929 quam
836 3861 1132 3916 lectionem
1164 3860 1381 3915 Lambi-

228 3951 334 3988 nus
375 3937 719 4003 postremum
754 3932 1022 4002 sequitur.
1084 3931 1248 3986 Tons.
1286 3932 1381 3986 ha-

226 4006 327 4060 bet
374 4003 508 4074 quin
552 4019 742 4075 sapere
777 4011 899 4066 etc..
952 4003 1155 4074 reliqui
1192 4021 1382 4058 omnes

227 4093 394 4146 quam
441 4091 630 4146 sapere
668 4080 721 4130 et
765 4076 888 4142 fari
920 4081 983 4130 ut
1021 4075 1207 4146 possit
1244 4091 1383 4144 quac

223 4148 445 4208 sentiat.
482 4153 531 4203 et
568 4147 659 4202 cm·
695 4152 819 4215 etc„
872 4165 905 4202 a
954 4165 1063 4216 quo
1112 4165 1225 4200 non
1272 4146 1381 4201 dis-

230 4218 412 4274 sentio
458 4223 693 4288 propter
728 4218 1029 4274 verborum
1075 4219 1381 4288 perspicui-

229 4296 411 4346 tatem
448 4292 588 4346 etc.“
656 4287 741 4344 Ne
781 4308 851 4344 ue
887 4289 995 4344 hoc
1029 4289 1382 4360 probandum

228 4368 317 4416 est
352 4379 533 4430 neque
570 4361 719 4430 quod
794 4360 1064 4424 ambinus,
1106 4378 1230 4416 cum
1267 4361 1381 4431 pri-

228 4451 385 4488 mum
404 4435 587 4504 (1531)
612 4433 802 4488 ederet
824 4433 1137 4491 Horatium,
1169 4433 1383 4502 recepit

230 4505 404 4576 Quam
450 4510 511 4559 ut
549 4519 742 4575 sapere
787 4509 835 4560 et
876 4503 998 4572 fari
1024 4505 1204 4572 possit
1242 4520 1383 4575 quae

227 4576 449 4644 sentiat,
486 4581 663 4646 utque.
731 4575 822 4630 Ad
861 4575 1197 4630 sententiam
1232 4593 1380 4630 com-

333 4697 557 4740 Horatlun
583 4697 657 4740 ed.
686 4697 1019 4748 nmmum-ger
1044 4697 1117 4740 ad.
1146 4695 1243 4738 vn.

1474 1803 1617 1855 para
1640 1802 1783 1855 quae
1799 1785 2032 1841 Periclis
2051 1789 2184 1841 sunt
2211 1785 2362 1857 apud
2379 1785 2628 1858 Thucyd.

1475 1857 1680 1919 11,·60:
1743 1853 2006 1926 ,,οὖδενὸς
2050 1853 2240 1924 ἥσσων
2286 1859 2440 1930 οἶμαι
2493 1860 2632 1916 εἶναι

1473 1929 1730 1996 γνῶναί
1759 1945 1816 1982 τε
1853 1926 1919 1983 τὰ
1956 1929 2152 1983 δέοντα
2189 1933 2281 1983 καὶ
2317 1931 2630 2002 ἑρμηνεῦ-

1478 2017 1590 2053 σαι
1627 1999 1843 2054 ταῦτα.“
1873 2031 1939 2040 -
1975 2000 2192 2072 qratia]
2227 2001 2376 2072 apud
2396 2021 2630 2074 magnos

1476 2071 1648 2139 viros,
1690 2071 1968 2142 imprimis
2006 2072 2159 2143 apud
2193 2072 2530 2130 Messallam.
2562 2104 2626 2114 -—

1472 2142 1651 2212 sama]
1689 2143 1850 2198 Ovid.
1890 2147 2018 2198 Am.
2056 2143 2100 2210 1,
2145 2145 2227 2213 15,
2267 2147 2364 2199 27:
2405 2146 2633 2214 „Donec

1476 2220 1644 2269 erunt
1663 2215 1822 2286 ignes
1847 2233 2118 2284 arcusque
2140 2215 2218 2270 Cu
2261 2216 2430 2271 idinis
2455 2236 2630 2288 arma,

1477 2285 1778 2341 Discentur
1800 2287 2038 2356 numeri,
2061 2287 2208 2342 culte
2277 2289 2470 2358 ibulle‚
2491 2290 2630 2344 tui.“

1477 2386 1544 2397 ——
1571 2358 1807 2413 mundus
1825 2357 2024 2429 victus]
2046 2358 2158 2413 Sat.
2181 2359 2254 2428 11,
2272 2362 2323 2428 2,
2339 2362 2424 2417 65.
2447 2360 2632 2432 Epist.

1476 2428 1558 2497 11,
1606 2431 1663 2496 2,
1718 2431 1832 2484 199.
1908 2429 2087 2486 Carm.
2141 2429 2251 2498 111,
2299 2433 2397 2499 29,
2442 2435 2520 2488 14.
2561 2463 2628 2472 —

1475 2501 1757 2570 crumena]
1800 2501 1868 2556 cf.
1894 2502 2084 2557 Iuven.
2101 2502 2197 2572 IV,
2223 2505 2418 2570 11,38:
2460 2503 2629 2572 „Quis

1476 2573 1626 2627 enim
1663 2577 1722 2627 te
1759 2571 2050 2629 deficiente
2091 2591 2357 2630 crumena
2391 2575 2469 2628 Et
2515 2594 2632 2630 cre-

1475 2649 1665 2700 scente
1779 2644 1834 2699 la
1870 2650 2059 2700 manet
2095 2647 2350 2700 exitus?“
2375 2675 2440 2688 --
2474 2647 2631 2702 timo-

1475 2715 1587 2783 res]
1661 2755 1692 2784 „
1743 2721 1872 2770 oeta
1944 2719 2341 2787 tranquilliore
2409 2717 2631 2774 dicendi

1474 2804 1680 2857 genere
1716 2804 1846 2843 usus
1889 2789 1959 2845 de
2004 2790 2263 2844 universo
2299 2807 2490 2845 rerum
2526 2790 2631 2844 hu-

1476 2876 1769 2914 manarum
1820 2864 1972 2915 statu
2018 2860 2236 2916 locutus
2286 2867 2371 2916 est
2415 2867 2472 2916 et
2526 2862 2631 2918 hac

1477 2929 1545 2984 de
1585 2948 1752 2985 causa
1799 2931 2077 3001 pluralem
2113 2932 2300 3004 elegit,
2350 2933 2484 2988 licet
2519 2935 2630 2988 sin-

1476 3002 1690 3126 fularis
1747 3003 1806 3055 in
1855 3003 2048 3057 eadem
2099 3021 2160 3059 re
2213 3005 2627 3074 praecesserit.“

1506 3073 1660 3128 acob.
1710 3073 1780 3128 de
1825 3091 1926 3127 usu
1965 3092 2116 3130 num.
2154 3075 2300 3146 plur.
2342 3094 2398 3146 p.
2439 3080 2521 3130 11.
2563 3105 2628 3116 -—

1479 3144 1738 3199 Ceterum
1787 3161 1910 3216 spes
1959 3151 2044 3201 est
2089 3147 2411 3202 futurorum
2458 3148 2629 3202 bono-

1476 3233 1622 3284 rum,
1679 3232 1814 3271 cura
1877 3219 2256 3287 praesentium
2325 3218 2628 3274 bonorum:

1476 3289 1641 3342 timor
1695 3287 2020 3344 referendus
2082 3290 2154 3345 ad
2211 3291 2404 3345 futura
2461 3292 2636 3358 mala,

1475 3358 1569 3414 ira
1606 3358 1678 3414 ad
1701 3362 2018 3428 praesentia
2041 3363 2206 3416 mala.
2233 3392 2305 3402 —
2332 3361 2630 3432 diluxisse]

1478 3429 1838 3501 significatur
1893 3432 2002 3487 hoc
2057 3433 2228 3488 verbo
2287 3435 2518 3504 proprie
2572 3435 2632 3488 id

1476 3506 1716 3572 tempus,
1765 3521 1873 3572 quo
1921 3509 2040 3559 tam
2098 3505 2254 3559 clara
2307 3507 2405 3559 lux
2444 3511 2530 3561 est
2565 3512 2630 3561 ut

1478 3591 1566 3628 res
1607 3573 1820 3628 dinosci
1857 3576 2088 3644 possint.
2175 3576 2283 3631 Cic.
2321 3575 2466 3631 Phil.
2507 3577 2632 3644 XII,

1478 3647 1530 3713 2,
1571 3647 1628 3698 5:
1690 3645 1992 3712 „Discussa
2045 3652 2130 3702 est
2174 3648 2274 3702 illa
2311 3649 2512 3719 caligO,
2548 3649 2630 3703 di-

1478 3717 1642 3784 luxit,
1741 3722 1877 3786 atet,
1933 3719 2183 3774 videmus
2238 3720 2478 3774 omnia.“
2554 3720 2630 3775 id.

1480 3787 1645 3842 Catil.
1717 3788 1788 3857 ΙΙ,
1836 3791 1885 3844 3.
1971 3789 2094 3845 Liv.
2132 3790 2389 3858 XXXVI,
2427 3791 2514 3844 24.
2562 3821 2629 3830 —

1476 3864 1674 3914 curata
1707 3859 1852 3930 cute]
1905 3861 2086 3931 Epist.
2122 3861 2166 3930 1,
2203 3865 2252 3926 2,
2293 3864 2380 3916 29.
2429 3893 2499 3901 -
2545 3863 2630 3916 ni-

1478 3929 1680 3998 tidum]
1722 3930 1851 3986 vide
1887 3933 1960 3987 ad
1998 3931 2112 3988 Sat.
2150 3933 2222 3996 11,
2264 3935 2316 3997 2,
2357 3935 2476 3987 128.
2548 3933 2632 3988 De

1478 4002 1667 4072 lepido
1702 4003 1972 4072 epistulae
2007 4005 2162 4059 exitu
2190 4004 2319 4060 vide
2351 4006 2424 4060 ad
2449 4005 2631 4075 Epist.

1478 4073 1523 4142 1,
1579 4075 1628 4142 1,
1681 4075 1797 4128 106.
1894 4075 2154 4131 Ceterum
2203 4094 2275 4131 ne
2329 4075 2631 4132 offendaris

1477 4145 1690 4200 maiore
1725 4145 2085 4216 antiquorum
2123 4147 2411 4203 hominum
2448 4149 2507 4202 in
2544 4149 2631 4202 his

1478 4217 1648 4272 rebus
1699 4217 1980 4279 libertate.
2031 4237 2292 4290 compara
2335 4221 2435 4276 hos
2481 4221 2632 4275 locos

1480 4288 1759 4344 Ciceronis
1785 4291 1845 4343 in
1869 4289 1981 4345 Pis.
2001 4293 2090 4346 16:
2121 4291 2398 4362 „Epicure
2422 4297 2632 4360 noster,

1480 4378 1547 4415 ex
1591 4359 1731 4416 hara
1772 4362 2061 4431 producte,
2116 4379 2230 4416 non
2279 4380 2347 4417 ex
2394 4363 2632 4418 schola.“

1478 4431 1615 4488 ibid.
1641 4433 1734 4486 30:
1775 4432 1956 4502 „Quid
1989 4451 2139 4488 nunc
2174 4439 2248 4498 te,
2286 4433 2456 4503 asine,
2482 4436 2631 4490 litte·

1478 4521 1569 4558 ras
1595 4503 1826 4558 doceam
1836 4504 1898 4558 ?“
1922 4504 1996 4559 ad
2015 4508 2138 4560 Att.
2154 4503 2251 4574 IV,
2275 4507 2336 4560 5:
2363 4505 2523 4574 „Scio
2543 4522 2632 4560 me

1478 4576 1698 4630 asinum
1720 4593 2054 4646 germanum
2087 4576 2310 4632 fuisse.“
2358 4577 2506 4633 Vera
2537 4595 2632 4633 au·

2166 4675 2234 4730 33
