3092 5059
432 225 560 291 440
1361 226 1866 294 SATIRARUM

533 411 889 488 Heredes
935 412 1243 489 Staberi
1293 439 1669 489 summam
1722 413 2068 489 incidere
2120 411 2495 513 sepulcrO,

447 569 500 610 ss
538 536 641 612 Ni
691 538 804 612 sie
853 536 1236 634 fecissent,
1291 536 1813 635 gladiatorum
1868 538 2057 614 dare
2106 550 2415 615 centum

533 662 894 739 Damnati
943 662 1236 764 populo
1282 664 1502 761 paria
1541 676 1775 762 atque
1814 663 2133 760 epulum
2182 663 2505 739 arbitrio
2560 662 2775 755 Arri,

533 786 934 865 Frumenti
987 802 1362 889 quantum
1414 788 1633 865 metit
1684 788 1979 865 Africa.
2083 788 2317 887 „Sive
2365 813 2514 887 ego
2567 812 2815 887 prave

537 912 694 991 Seu
744 924 960 991 recte
1007 912 1155 989 hoc
1207 913 1448 1011 volui,
1501 940 1603 991 ne
1654 915 1757 991 sis
1810 928 2131 1014 patruus
2176 910 2441 989 mihi.“
2549 910 2811 990 Credo

536 1038 712 1114 Hoc
747 1036 1050 1115 Staberi
1087 1038 1550 1140 prudentem
1590 1040 1929 1117 animum
1982 1038 2289 1117 vidisse.
2346 1038 2606 1136 „Quid
2652 1064 2848 1133 ergo

453 1198 506 1238 ω
540 1163 818 1262 Sensit,
871 1190 1049 1241 cum
1099 1190 1478 1241 summam
1525 1166 1948 1265 patrimoni
1996 1163 2435 1265 insculpere
2484 1189 2671 1239 saxo

533 1289 886 1368 Heredes
937 1287 1278 1407 voluit?“
1382 1290 1661 1383 Quoad
1715 1290 1926 1388 vixit,
1970 1289 2305 1367 credidit
2344 1290 2621 1388 ingens

538 1416 994 1517 Pauperiem
1049 1417 1324 1493 vitium
1373 1430 1450 1493 et
1501 1416 1709 1493 cavit
1756 1416 1953 1493 nihil
2004 1416 2281 1513 acrius,
2320 1428 2425 1491 nt
2474 1414 2541 1489 si

533 1540 765 1618 Forte
808 1542 1061 1618 minus
1111 1540 1459 1642 locuples
1511 1568 1669 1618 uno
1724 1542 2158 1642 quadrante
2205 1540 2555 1641 perisset,

536 1665 719 1766 Ipse
767 1666 1164 1745 videretur
1213 1667 1366 1743 sibi
1415 1668 1780 1767 nequiorz
1836 1666 2083 1744 omnis
2140 1666 2345 1743 enim
2398 1690 2544 1763 res,

452 1822 504 1865 aa
541 1792 826 1887 Virtus,
875 1792 1108 1889 fama,
1163 1790 1420 1889 decus,
1475 1792 1741 1868 divina
1790 1793 2281 1894 humanaque
2328 1790 2671 1891 pulchris

539 1916 847 1993 Divitiis
893 1928 1202 2014 parent,
1257 1924 1448 2015 qu'as
1495 1917 1630 2015 qui
1678 1918 2161 2014 contraxerit,
2214 1916 2351 1992 ille

542 2042 818 2119 Clarus
870 2040 1036 2139 erit,
1092 2041 1338 2138 fortis,
1391 2042 1657 2117 iustus.
1728 2041 2195 2143 Sapiensne‘?
2246 2041 2520 2138 Etiam,
2572 2054 2653 2117 et
2710 2067 2855 2117 rex

540 2168 640 2242 Et
683 2166 1053 2266 quicquid
1105 2166 1340 2243 volet.
1445 2166 1644 2265 Hoc,
1688 2166 1931 2243 veluti
1980 2168 2263 2246 virtute
2312 2179 2693 2269 paratum,

549 2290 910 2393 Speravit
958 2318 1289 2391 magnae
1336 2292 1555 2369 laudi
1598 2294 1793 2370 fore.
1894 2292 2106 2389 Quid
2152 2293 2404 2369 simile
2452 2292 2583 2369 isti

451 2452 530 2493 ιω
555 2418 898 2497 Graecus
940 2408 1411 2517 Aristippus,
1467 2418 1605 2517 qui
1654 2443 1919 2495 servos
1967 2418 2321 2519 proicere
2369 2444 2643 2495 aurum

443 2716 718 2803 Anticyra
753 2717 888 2772 urbs
914 2722 1000 2773 est
1035 2718 1096 2773 in
1113 2718 1374 2775 Phocide.
1411 2718 1597 2774 Strab.
1690 2721 1841 2775 sisse.
1890 2748 1961 2761 -
2262 2720 2711 2789 monosyllabum
2748 2724 2852 2775 est.

441 2787 620 2874 ΙΧ,3.
657 2783 1010 2875 ηἏντίκιῤῥα,
1037 2786 1337 2878 ὁμώνυμος
1373 2792 1437 2864 τῇ
1461 2788 1601 2845 κατὰ
1694 2791 2025 2916 —pen'ssct
2092 2790 2185 2845 Sic
2222 2809 2291 2846 ex
2324 2792 2487 2845 bonis
2522 2791 2683 2847 codd.
2722 2808 2851 2845 cum

439 2856 542 2914 τὸν
573 2858 874 2916 Μαλιακὸν
905 2856 1120 2918 κόλπον
1153 2868 1245 2947 καὶ
1278 2861 1380 2930 τὴν
1415 2868 1601 2929 Οἴτην.
1690 2862 1789 2916 Μίἱ
1815 2863 1918 2917 ler.
1975 2862 2205 2918 Teuffel.
2268 2864 2389 2917 Krii
2430 2880 2507 2919 er.
2558 2863 2849 2917 Eckstein.

445 2934 557 2985 Καὶ
609 2925 680 2996 δή
735 2948 950 3021 φασιν
971 2934 1088 2987 ἐκεῖ
1146 2931 1247 2989 τὸν
1304 2936 1530 3005 ἑλλέβορ
1535 2952 1602 2989 ον
1692 2934 2075 3003 scribendum3
2116 2935 2231 3003 alii,
2268 2942 2335 2988 ut
2410 2936 2564 2989 oller.
2588 2934 2851 3001 Fritseh„

446 2996 692 3087 φύεσθαι
752 3002 852 3059 τὸν
919 3000 1155 3067 ἀστεῖον,
1229 3006 1468 3060 ἐνταῦθα
1534 3006 1599 3059 δὲ
1685 3006 1907 3074 periret.
1956 3034 2023 3045 —
2078 3006 2441 3075 contraxerit]
2498 3007 2673 3076 vulgo
2720 3022 2848 3060 con·
2896 3040 2913 3057 .

446 3069 806 3139 σκευάζεσθαι
864 3080 1080 3142 βέλτιον
1139 3078 1283 3131 ’erist‘
1371 3077 1598 3165 Scylax:
1690 3076 1973 3132 struxerit.
2020 3078 2129 3132 Sed
2164 3077 2507 3133 contraxerit
2540 3078 2752 3149 legitur
2787 3078 2849 3131 in

445 3149 698 3217 ,,Λελφοὶ
721 3142 882 3206 πόλις
913 3152 1008 3201 καὶ
1029 3146 1306 3219 Ἀντίκυρα
1333 3144 1508 3217 πόλις,
1535 3170 1600 3203 ου
1692 3149 1952 3203 omnibus
1988 3150 2147 3204 codd.
2188 3149 2375 3217 Cruq„
2426 3150 2675 3218 exceptis
2712 3150 2849 3203 duo-

443 3186 696 3284 :odinum
720 3219 1166 3304 ἑλλεβορίζονται·
1203 3190 1522 3309 παράπλους
1547 3221 1601 3273 δ’
1691 3220 1814 3282 bus,
1853 3224 2147 3289 praeterea
2181 3220 2241 3274 in
2278 3220 2403 3275 aliis
2440 3220 2623 3275 bonae
2654 3226 2849 3289 notac3

446 3290 563 3343 ἐστὶ
609 3290 704 3355 τῆς
737 3296 984 3346 Φωκέων
1022 3311 1210 3361 χωρας
1255 3289 1426 3363 ἥμισυ
1469 3291 1599 3360 ἡμέ-
1692 3297 1752 3346 et
1804 3292 2235 3361 praeferendum
2295 3292 2539 3361 videtur,
2600 3293 2734 3361 quia
2790 3293 2851 3345 in

445 3379 556 3430 ρας
563 3367 680 3401 “-
711 3360 954 3445 &ciba-s]
981 3362 1270 3418 Staberius
1298 3364 1462 3418 homo
1487 3364 1602 3419 fuit
1694 3363 2075 3418 contrahendo
2100 3364 2244 3419 inest
2282 3363 2464 3430 dolus,
2497 3364 2677 3431 labor,
2712 3380 2850 3417 cura

445 3434 1601 3591 zzffib33},‘‡?‘1?3?53,.03222.¹1005ss3
1694 3435 2205 3562 &332332313330
2187 3436 2373 3575 iffi?
2376 3436 2851 3574 ¹321..f³{x‘2⁰:322

445 3574 630 3645 posito
667 3576 874 3631 damno
911 3578 1049 3647 quid
1085 3579 1322 3647 quisque
1358 3580 1599 3647 accepis·
1692 3595 1896 3647 parvas
1922 3582 2318 3633 contraxerant
2346 3579 2663 3648 pecunias.“
2702 3578 2847 3631 Plin.

445 3652 532 3701 set
561 3652 921 3703 monumento
946 3650 1250 3704 inscribere
1275 3650 1510 3705 iuberet.
1533 3678 1599 3689 -—
1694 3650 1762 3703 N.
1799 3650 1870 3703 Η.
1917 3649 2011 3711 VI,
2048 3652 2117 3704 27
2130 3671 2142 3702 :
2204 3650 2317 3719 „ibi
2366 3650 2473 3703 soli
2520 3650 2848 3704 mortalium

449 3718 726 3788 damnata]
783 3724 1146 3790 testamento3
1197 3726 1482 3791 sumptum
1531 3739 1602 3776 ex
1694 3723 1754 3774 in
1778 3722 1909 3775 odio
1934 3722 2302 3790 contrahunt3
2340 3721 2400 3775 id
2428 3722 2743 3788 defodiunt,
2776 3738 2851 3775 ne

447 3788 694 3844 formula
748 3790 808 3845 in
861 3794 1238 3847 monumentis
1299 3794 1603 3862 frequenti,
1696 3810 1807 3862 quo
1848 3794 1936 3847 oui
1978 3793 2053 3847 sit
2088 3794 2148 3847 in
2182 3794 2338 3847 usuf‘
2390 3790 2527 3847 ibid.
2566 3792 2635 3854 X,
2676 3794 2746 3845 20
2778 3792 2851 3846 de

447 3861 655 3915 veluti.
691 3862 868 3917 Heres
903 3881 1058 3918 meus
1095 3866 1259 3919 uxori
1283 3882 1440 3920 meae
1465 3865 1603 3920 dare
1694 3882 1937 3933 pavone:
1980 3882 2315 3933 „omnesque
2338 3865 2398 3919 in
2432 3882 2695 3919 acervum
2720 3880 2849 3917 con·

448 3932 684 3988 damnas
719 3940 854 3988 esto.
908 3936 1002 3991 Sic
1035 3954 1200 4005 saepe
1236 3937 1386 4007 apud
1420 3937 1603 4005 ICtos,
1692 3936 1873 3990 trahit
1906 3952 2235 4005 pennarum,
2270 3953 2409 4004 quos
2444 3935 2689 4005 spectari
2713 3953 2851 4006 gan·

447 4009 564 4072 ut,
567 4004 632 4071 ,si
671 4004 831 4059 heres
861 4006 922 4060 in
945 4012 1282 4063 testamento
1311 4009 1448 4077 quid
1471 4026 1602 4062 ven·
1694 4008 1809 4075 det,
1846 4008 2053 4061 oculos.
2055 4008 2089 4037 ‘⁴
2161 4008 2421 4061 Alterum
2466 4008 2853 4074 construxerit,

447 4076 582 4131 dere
629 4075 924 4131 damnatus
967 4079 1093 4133 sit.“
1133 4108 1202 4119 —
1247 4080 1404 4148 Arri]
1441 4080 1510 4134 cf.
1547 4096 1600 4134 v.
1698 4096 1810 4147 quo
1860 4079 2041 4149 mag-is
2088 4086 2175 4133 est
2219 4080 2473 4163 vulgare
2510 4078 2605 4146 (cf.
2652 4078 2769 4133 Sat.
2806 4046 2853 4147 1}

449 4147 578 4202 243.
651 4146 718 4214 Q.
766 4149 924 4202 Arrii
969 4150 1076 4204 filii
1121 4150 1396 4205 luxuriosi
1445 4156 1607 4218 patre
1703 4155 1751 4217 l,
1770 4150 1879 4233 44),
1916 4168 1981 4205 eo
2018 4150 2238 4205 facilius
2274 4151 2335 4203 in
2360 4150 2591 4205 rarioris
2628 4150 2849 4220 elegan-

449 4224 674 4273 mortuo
711 4219 1222 4288 splendidissimum
1257 4223 1483 4305 epulum
1517 4221 1605 4275 fu·
1696 4190 1970 4290 tiorisque
2006 4222 2165 4277 verbi
2193 4222 2377 4276 locum
2412 4223 2603 4290 potuit
2624 4222 2849 4290 reponi3

451 4290 628 4345 nebre
678 4298 1038 4359 paraverunt.
1114 4293 1380 4362 Carpitur
1428 4293 1606 4363 igitur
1698 4297 1888 4347 tamen
1946 4294 2163 4362 placuit
2223 4293 2476 4355 Kellero,
2538 4292 2849 4359 Fritschio,

453 4362 600 4415 alter
651 4361 910 4417 fratrum.
967 4393 1036 4403 —
1090 4364 1214 4420 Sive
1267 4380 1361 4448 eqo
1410 4364 1602 4434 prave]
1697 4364 1959 4432 Miillero,
2012 4365 2357 4434 Ecksteinio,
2414 4365 2691 4435 Krugero,
2754 4366 2849 4433 qui

452 4432 843 4502 Reprehensus
879 4436 961 4490 sic
995 4436 1182 4490 dicere
1213 4437 1394 4519 possit
1413 4435 1605 4491 Stabe-
1700 4442 2027 4504 comparant
2060 4436 2174 4491 Sat.
2212 4436 2255 4503 I,
2299 4441 2345 4502 1,
2386 4437 2473 4491 44.
2504 4465 2571 4475 -
2605 4437 2849 4505 sapiens·

455 4504 594 4557 rius.
639 4530 707 4543 -
751 4504 922 4575 credo]
961 4524 1087 4561 cum
1121 4508 1306 4562 ironia
1341 4508 1606 4577 positum,
1697 4506 1789 4576 nc]
1829 4506 1899 4561 Se
1934 4508 2117 4577 ipsum
2154 4509 2470 4579 interrogat
2504 4507 2741 4563 Stoicus.
2778 4506 2849 4561 cf.

456 4578 524 4627 ut
567 4590 866 4642 saepe.—
910 4576 1132 4648 venisse]
1183 4578 1460 4647 statuisse,
1496 4579 1607 4633 ius·
1702 4578 1811 4635 Cic.
1830 4578 2102 4635 Paradox.
2130 4596 2376 4651 prooem.
2399 4582 2459 4635 3.
2495 4580 2675 4651 „Cato
2700 4579 2847 4633 enim
