3092 5059
944 232 1109 297 LIB.
1153 232 1205 297 Ι.
1248 232 1499 299 ΟΑΒΜ.
1544 230 1884 297 XXXVII.

2500 233 2620 297 109

618 420 1010 498 Pulsanda
1059 420 1311 517 tellus,
1360 448 1568 497 nunc
1619 419 2043 498 Saliaribus

718 543 1019 623 Ornare
1070 546 1435 643 pulvinar
1487 543 1810 621 deorum

820 670 1155 770 Tempus
1209 681 1377 745 erat
1427 667 1778 770 dapibus,
1830 666 2158 745 sodales.

563 848 591 889 ε
625 818 982 895 Antehac
1030 816 1251 893 nefas
1304 816 1768 917 depromere
1822 816 2263 895 Caecubum

621 942 855 1021 Collis
903 942 1147 1037 avitiS,
1202 941 1391 1016 dum
1443 940 1836 1041 Capitolio

716 1067 1013 1165 Regina
1067 1067 1463 1142 dementes
1508 1066 1772 1143 ruinas

816 1190 1083 1268 Funus
1136 1203 1215 1269 et
1262 1190 1592 1287 imperio
1645 1192 1972 1293 parabat

620 1341 1158 1420 Contaminato
1205 1365 1379 1415 cum
1432 1365 1670 1439 grege
1713 1343 2056 1441 turpium

532 1502 585 1541 ιο
620 1467 897 1542 Morbo
950 1468 1315 1559 virorum,
1372 1465 1755 1563 quidlibet
1804 1466 2187 1564 impotens
2255 1490 2260 1502 ·

218 1649 307 1703 bri
356 1668 391 1705 a
438 1649 518 1703 M.
559 1648 749 1703 Tullio
799 1649 1084 1717 Cicerone,
1133 1648 1373 1703 oratoris

219 1718 353 1790 filio,
386 1722 625 1776 nuntius
660 1720 899 1775 Romam
941 1721 1193 1791 perlatus
1232 1724 1375 1775 esset

221 1791 287 1847 de
332 1797 501 1864 capta
549 1793 907 1847 Alexandrea
952 1793 1132 1861 deque
1178 1792 1372 1846 volun-

222 1864 364 1919 taria
410 1865 656 1919 Antonii
699 1869 757 1918 et
807 1863 1137 1934 Cleopatrae
1173 1869 1373 1931 morte,

222 1934 484 1991 Horatius
528 1936 641 1990 hoc
684 1935 931 1989 carmine
974 1936 1047 1990 ad
1092 1935 1373 2005 privatam

224 2010 277 2061 et
310 2008 601 2077 publicam
629 2008 909 2062 laetitiam
926 2006 1209 2062 Romanos
1248 2022 1373 2061 evo-

225 2080 382 2133 cavit.
453 2078 772 2134 Exordium
829 2080 1093 2134 carminis
1150 2079 1220 2133 ab
1276 2077 1372 2131 Al-

224 2152 349 2205 caeo
386 2156 680 2221 sumptum
726 2168 847 2205 esse
896 2154 1091 2220 aperte
1127 2150 1375 2204 ostendit

224 2220 325 2277 hoc
350 2222 419 2277 de
446 2222 689 2291 myram,
716 2221 881 2277 Lesbi
916 2222 1159 2291 tyranni,
1192 2227 1373 2275 morte

226 2291 605 2365 fragmentum
648 2294 747 2377 (μ’
764 2296 873 2349 268
918 2292 1370 2380 Schneidewin.):

288 2366 407 2420 Νῦν
434 2364 553 2438 χρὴ
600 2372 901 2436 μεθυσθην
944 2370 1041 2417 καί
1073 2384 1193 2419 τινα
1235 2383 1377 2435 προς

1175 2441 1305 2505 βίαν

290 2513 483 2575 Πίνην,
524 2504 723 2574 ἐπειδὴ
758 2502 995 2561 κάτθανε
1035 2502 1341 2576 Μύρσιλος.

228 2576 377 2647 Quod
410 2581 641 2650 quidem
677 2579 971 2633 exordium
1006 2580 1088 2633 ita
1112 2579 1375 2634 cohaeret

230 2666 346 2704 cum
380 2653 609 2721 reliqua
641 2658 807 2720 parte
844 2652 1126 2720 carminis,
1150 2656 1217 2705 ut
1240 2668 1373 2721 gau-

229 2720 460 2777 dendum
507 2739 629 2777 esse
678 2739 807 2775 cum
852 2722 1067 2776 dictum
1113 2723 1205 2784 sit,
1251 2728 1373 2777 toto

230 2792 418 2849 deinde
474 2793 731 2848 carmine
776 2810 875 2848 cur
923 2794 999 2848 sit
1045 2798 1373 2863 exponatur.

230 2862 380 2919 Unde
441 2866 593 2920 miro
644 2865 811 2919 modo
872 2865 1086 2920 factum
1141 2870 1257 2933 est,
1309 2869 1376 2919 ut

228 2938 557 2992 transitione
596 2937 669 2991 ab
705 2938 935 2991 exordio
974 2936 1045 2991 ad
1083 2937 1373 2991 tractatio-

228 3022 346 3061 nem
379 3008 463 3063 rei
502 3008 661 3063 facta
696 3026 808 3062 uno
844 3013 1042 3063 tenore
1096 3009 1376 3063 sententia

230 3078 296 3131 ad
327 3078 495 3135 finem
535 3080 814 3136 decurrat.
862 3080 1230 3136 Gaudendum
1270 3080 1374 3151 igi-

228 3153 317 3203 tur
352 3156 455 3221 est,
490 3152 697 3221 inquit,
730 3153 1000 3221 privatim
1040 3158 1099 3206 et
1133 3152 1373 3221 publice,

233 3236 353 3277 cum
408 3224 776 3279 infestissima
834 3224 1089 3279 Romano
1160 3224 1375 3278 nomini

232 3293 548 3351 adversaria
585 3300 826 3350 mortem
864 3295 971 3349 sibi
1006 3296 1129 3363 ipsa
1165 3295 1373 3349 consci-

230 3366 384 3435 verit,
422 3366 665 3423 exitium
700 3384 767 3421 ac
810 3366 1118 3437 perniciem
1160 3368 1377 3421 minata

232 3436 458 3506 imperio
519 3436 778 3493 Romano
792 3479 806 3506 ,
870 3438 1119 3494 Caesaris
1185 3443 1373 3492 tamen

234 3510 397 3563 armis
432 3514 495 3565 et
530 3510 761 3565 fortuna
796 3510 1019 3565 devicta
1051 3509 1289 3579 (stroph.
1322 3510 1373 3563 2.

236 3578 283 3633 3.
303 3582 375 3649 4).
411 3581 568 3650 Quae
588 3600 758 3651 quam
777 3600 984 3652 magna
996 3581 1173 3635 fuerit
1182 3600 1373 3651 quam-

234 3667 334 3719 que
368 3652 639 3717 timenda‚
690 3658 875 3708 morte
912 3654 1083 3708 etiam
1121 3670 1373 3723 compro·

232 3720 383 3778 bavit
417 3726 545 3792 (str.
582 3728 634 3781 6.
671 3728 721 3780 7.
759 3726 836 3795 8).
906 3726 998 3779 Ex
1044 3743 1153 3795 quo
1202 3725 1373 3791 vides,

235 3792 505 3864 duplicem
562 3814 681 3853 esse
733 3797 986 3852 laetitiae
1040 3798 1110 3852 de
1148 3797 1373 3867 Cleopa-

236 3868 353 3921 trae
386 3872 570 3924 morte
600 3886 841 3936 causam,
877 3870 1115 3923 alteram
1152 3869 1213 3922 in
1244 3868 1373 3922 odio

235 3939 466 4005 positam
504 3958 613 4010 quo
650 3941 753 3994 illa
786 3942 846 3995 in
882 3940 1162 3995 Romanos
1202 3939 1376 3994 fuerit

236 4024 476 4075 accensa,
544 4013 782 4067 alteram
849 4013 910 4067 in
983 4011 1373 4083 magnitudine

236 4081 417 4151 animi,
440 4101 553 4155 quo
588 4084 697 4138 nisi
734 4102 768 4139 a
794 4084 1005 4138 maiore
1037 4088 1183 4139 esset
1208 4083 1372 4151 victa,

238 4153 549 4211 satisfacere
604 4173 670 4211 ea
724 4156 1000 4225 potuisset
1061 4155 1209 4211 odio·
1282 4154 1375 4209 Sic

240 4222 379 4279 ultro
431 4226 675 4283 efficitur
718 4226 1047 4299 Cleopatrae
1105 4232 1163 4281 et
1210 4225 1371 4281 Octa-

240 4294 750 4423 ivlilanimqomparatio
784 4299 999 4439 ᾶὶιῒδῑιὸε
1034 4298 1374 4382 imaginibus

324 4384 375 4420 m
444 4388 498 4424 10
535 4387 783 4426 carmine
836 4389 860 4425 s
888 4388 936 4424 r.
1033 4388 1165 4426 nam
1190 4387 1375 4439 prima

242 4439 461 4507 stropha
492 4442 563 4497 ab
596 4442 703 4497 hac
722 4412 1029 4512 partition’e
1066 4442 1375 4511 separanda

242 4511 341 4579 est)
361 4512 657 4568 collocatis.
693 4514 933 4584 Propter
960 4515 1125 4586 negle
1164 4514 1377 4568 entiam

244 4594 492 4639 caesurae
526 4604 577 4641 v.
602 4588 652 4640 5.
678 4588 744 4639 14
780 4592 839 4640 et
862 4587 1125 4657 synaloep
1168 4604 1239 4640 en
1264 4603 1317 4641 v.
1342 4586 1375 4640 5

1474 1649 1625 1703 inter
1648 1649 1834 1718 prima
1866 1650 2117 1704 carmina
2139 1650 2247 1705 hoc
2269 1648 2627 1705 referendum

1478 1737 1596 1775 esse
1648 1738 1764 1775 non
1816 1721 1982 1790 pauci
2035 1726 2257 1791 putant.
2328 1722 2454 1793 Ego
2511 1739 2626 1777 non

1475 1793 1779 1858 consentin,
1819 1810 2139 1862 quanquam
2177 1794 2289 1847 alia
2332 1794 2505 1848 etiam
2541 1795 2624 1849 in·

1474 1868 1606 1918 sunt
1664 1882 1806 1933 quae
1858 1865 2080 1919 laudem
2125 1883 2240 1919 non
2289 1870 2626 1921 mereantur.

1476 1935 1558 1989 cf.
1595 1935 1774 2004 Epod.
1813 1937 1864 1989 9.

1544 2006 1609 2061 V.
1636 2010 1682 2059 1.
1721 2006 2028 2076 bibendum]
2065 2008 2292 2063 Potatio
2318 2011 2376 2062 et
2398 2008 2625 2062 saltatio

1473 2077 1800 2132 referendae
1846 2083 1978 2133 sunt
2026 2080 2100 2133 ad
2143 2080 2426 2150 privatam
2466 2080 2626 2133 laeti-

1474 2150 1633 2217 tiam,
1668 2151 1886 2218 reliqua
1927 2151 1999 2206 ad
2035 2151 2336 2221 publicam.
2379 2150 2469 2204 Ad
2499 2168 2626 2219 sup-

1472 2221 1806 2290 plicationes
1868 2227 1925 2277 et
1993 2222 2342 2278 lectisternia
2411 2222 2626 2277 sodales

1476 2310 1712 2348 evocare
1753 2311 1868 2349 non
1913 2293 2098 2363 potuit
2136 2295 2391 2363 privatus
2428 2294 2626 2363 homo;

1477 2382 1654 2433 quare
1693 2383 1808 2419 non
1853 2366 2080 2435 scripsit
2124 2372 2336 2436 tempus
2383 2370 2485 2431 cst,
2529 2364 2627 2419 sed

1472 2442 1688 2506 tempus
1748 2442 1886 2505 crat,
1947 2437 2150 2506 quibus
2211 2436 2398 2491 verbis
2458 2440 2628 2505 poeta

1473 2508 1760 2577 publicam
1804 2509 2080 2562 laetitiam
2135 2508 2480 2579 comprobat.
2555 2507 2626 2563 cf.

1474 2578 1722 2634 Iuvenal.
1759 2580 1830 2639 Π,
1873 2582 2004 2634 115:
2064 2579 2238 2650 „quid
2289 2585 2478 2634 tamen
2533 2596 2627 2657 ex-

1475 2656 1748 2720 spectant,
1786 2651 2033 2722 Phrygio
2073 2669 2210 2721 quos
2256 2657 2469 2721 tempus
2509 2657 2628 2705 crat

1474 2723 1590 2777 iam
1618 2764 1632 2777 .
1659 2762 1672 2777 .
1699 2740 2098 2793 supervacuam
2135 2724 2469 2792 abrumpere
2508 2740 2626 2777 car-

1474 2794 1656 2848 nem.“
1683 2824 1751 2833 --
1789 2792 2126 2865 Saliaribus]
2152 2794 2432 2850 Saliorum
2457 2794 2628 2863 dapes

1474 2882 1578 2935 per
1614 2884 1798 2921 sacros
1837 2866 1956 2920 dies
1991 2868 2178 2921 lautae
2213 2882 2330 2921 esse
2354 2865 2627 2933 solebant,

1476 2937 1606 2991 inde
1631 2938 1804 2991 etiam
1830 2938 1976 2992 aliae
2001 2954 2145 3006 quae
2176 2940 2444 3008 opiparas
2467 2941 2630 2991 erant

1476 3008 1717 3063 Saliares
1797 3009 2243 3079 appellabantur.
2353 3008 2628 3063 Similiter

1477 3079 1661 3135 Carm.
1679 3080 1751 3149 Π,
1781 3082 1863 3146 14,
1888 3082 1974 3135 28.
1997 3110 2062 3119 -—
2099 3080 2426 3149 Caecubum]
2501 3096 2625 3135 ene-

1474 3168 1666 3206 rosum
1719 3152 1938 3221 vinum3
2005 3170 2140 3224 ager
2205 3156 2290 3207 est
2343 3152 2404 3205 in
2510 3151 2627 3205 atio

1473 3240 1651 3293 prope
1689 3222 1914 3278 Fundos
1955 3223 2030 3279 ad
2064 3224 2214 3279 viam
2253 3224 2516 3293 Appiam.
2559 3250 2626 3261 —

1475 3294 1739 3350 dementes
1782 3295 2005 3366 ruinas]
2042 3294 2317 3366 Enallage
2364 3294 2628 3349 adiectivi

1474 3383 1656 3435 neque
1681 3384 1748 3421 ea
1771 3365 2158 3435 improbanda.
2185 3384 2313 3421 nam
2351 3384 2494 3435 quae
2530 3382 2628 3435 pa·

1475 3443 1676 3492 rantur
1728 3439 1928 3492 ruinae
1983 3456 2017 3493 a
2066 3439 2324 3493 demente
2374 3438 2625 3505 muliere,

1474 3510 1758 3564 dementes
1775 3510 1999 3579 poetica
2017 3510 2236 3564 ratione
2251 3510 2626 3579 appella-ntur.

1477 3610 1541 3621 —
1580 3582 1752 3649 funus
1789 3581 1864 3651 et]
1901 3582 2034 3635 vide
2071 3582 2142 3635 ad
2181 3582 2360 3635 Carm.
2399 3582 2444 3649 1,
2481 3582 2533 3644 2,
2573 3582 2624 3635 9.

1476 3682 1542 3693 --
1579 3653 1948 3708 contaminato
1983 3668 2104 3707 cum
2126 3668 2284 3723 ωερε
2333 3653 2502 3707 turba
2525 3653 2623 3706 ho-

1474 3724 1687 3779 minum
1753 3725 2121 3794 impurorum,
2182 3724 2274 3779 foe
2313 3742 2490 3779 orum.
2557 3753 2620 3764 —-

1473 3796 1680 3865 morbo]
1728 3800 1812 3850 est
1858 3796 1981 3866 ipsa
2033 3797 2228 3850 insana
2271 3796 2465 3863 libido,
2514 3814 2626 3865 qua

1474 3868 1693 3921 animus
1733 3868 1898 3921 simul
1929 3873 1986 3922 et
2015 3884 2216 3937 corpus
2243 3869 2626 3938 corrumpitur

1474 3943 1533 3993 et
1587 3938 1952 3993 deformatur.
2025 3939 2148 3994 Nisi
2205 3940 2353 3994 forte
2410 3940 2628 3994 morbus

1472 4012 1596 4080 ipsa
1645 4011 1911 4065 castratio
1963 4015 2049 4065 est
2094 4016 2152 4065 et
2202 4017 2390 4081 turpes
2443 4010 2626 4065 morbo

1472 4082 1587 4138 viri
1639 4083 1888 4151 impuros
1946 4082 2267 4154 significant
2326 4082 2626 4151 eunuchos,

1466 4158 1539 4207 -ut
1599 4154 1749 4224 apud
1807 4155 1997 4209 Iuven.
2052 4156 2102 4218 2,
2157 4156 2220 4207 17
2277 4154 2408 4222 „qui
2461 4153 2624 4207 vultu

1472 4226 1736 4280 morbum
1769 4225 2098 4295 incessuque
2129 4225 2394 4281 fatetur.“
2441 4223 2626 4292 Quare

1473 4312 1682 4367 magna
1741 4297 1890 4352 inest
1948 4298 2222 4353 acerbitas
2278 4297 2340 4350 in
2398 4296 2626 4351 nomine

1474 4370 1732 4437 virorum,
1768 4369 1924 4423 cuius
1961 4370 2140 4424 omnis
2177 4370 2261 4423 vis
2286 4385 2354 4423 ac
2376 4367 2625 4439 dig-nitas

1474 4440 1857 4510 epithetorum
1901 4442 2186 4509 pravitate
2225 4440 2394 4510 (turp.
2431 4440 2625 4509 mor-b.)

1472 4513 1716 4569 tollitur.
1753 4512 1824 4568 cf.
1851 4512 2032 4568 Tacit.
2058 4515 2206 4568 Ann.
2229 4513 2349 4577 XV,
2373 4514 2443 4567 87
2481 4511 2626 4581 „nisi

1472 4601 1682 4654 paucos
1725 4589 1856 4654 post
1900 4584 2018 4639 dies
2053 4584 2152 4639 uni
2191 4603 2259 4640 ex
2295 4584 2395 4639 illo
2433 4589 2624 4639 conta·
