3092 5059
506 209 631 274 528

1396 203 2011 272 EPISTULARUM

606 391 939 472 Cultello
993 394 1351 494 proprios
1404 407 1868 495 purgantem
1924 393 2206 470 leniter
2263 417 2582 492 ungues.

500 536 505 542 ·
610 513 1051 613 „Demetri,“
1102 557 1192 568 -
1249 543 1445 614 puer
1499 517 1630 593 hic
1679 543 1836 593 non
1892 516 2112 593 laeve
2164 515 2370 592 iussa
2426 514 2763 612 Philippi

607 642 1061 742 Accipiebat
1098 685 1185 696 --
1222 644 1411 739 „abi,
1446 669 1734 743 quaere
1766 655 1842 718 et
1884 643 2114 738 refer,
2153 641 2362 718 unde
2403 641 2658 736 domo,
2706 641 2866 740 quis,

606 767 843 845 Cuius
896 768 1271 863 fortunae,
1329 793 1481 867 quo
1536 769 1635 842 sit
1685 781 1903 864 patre
1955 793 2208 866 quove
2259 763 2652 866 patrono.“

503 922 555 962 ω
603 891 698 988 It,
754 892 955 968 redit
1005 907 1083 968 et
1129 908 1415 990 narrat,
1453 892 1846 968 Vulteium
1901 893 2210 968 nomine
2261 893 2594 986 Menam,

605 1016 1098 1112 Praeconem,
1153 1017 1363 1093 tenui
1414 1042 1669 1110 censu,
1724 1016 1890 1092 sine
1935 1016 2283 1112 crimine,
2335 1029 2625 1110 notum,

602 1141 701 1215 Et
751 1165 1171 1240 properare
1220 1139 1393 1216 loco
1448 1153 1527 1215 et
1579 1166 1879 1216 cessare
1929 1153 2008 1216 et
2058 1165 2432 1240 quaerere
2481 1154 2560 1216 et
2609 1141 2724 1215 uti

604 1264 1089 1342 Gaudentem
1144 1266 1574 1363 parvisque,
1613 1263 2010 1340 sodalibus
2066 1279 2142 1340 et
2191 1265 2358 1340 lare
2409 1279 2620 1340 certo

605 1393 702 1466 Et
753 1393 959 1468 ludis
1012 1407 1089 1468 et
1138 1407 1315 1489 post
1364 1393 1624 1468 decisa
1674 1393 1985 1490 negotia
2033 1391 2355 1490 Campo.

504 1548 557 1588 ω
608 1517 919 1612 „Scitari
972 1516 1165 1594 libet
1216 1543 1309 1592 ex
1361 1517 1528 1614 ipso
1586 1516 2132 1616 quodcumque
2185 1515 2468 1593 refers:
2521 1513 2650 1590 dic

609 1643 739 1719 Ad
790 1669 1056 1719 cenam
1115 1638 1431 1718 veniat.“

606 1768 879 1844 Mirari
920 1793 1175 1845 secum
1228 1767 1525 1843 tacitus.

1532 1641 1706 1716 Non
1759 1667 1943 1718 sane
1995 1640 2312 1718 credere
2365 1641 2616 1736 Mena,

1631 1766 1841 1860 Quid
1891 1767 2184 1844 multa?
2260 1765 2708 1864 „Benigne,“

606 1893 1074 1992 Respondet.
1128 1891 1417 1988 „Negat
1462 1890 1598 1968 ille
1649 1891 1840 2010 mihi
1858 1889 1931 1966 ?“
1983 1890 2276 1990 „Negat
2300 1892 2706 1990 improbus
2730 1904 2880 1968 etto

506 2125 769 2193 faciebat,
807 2129 867 2179 et
902 2123 1091 2179 leniter
1126 2124 1353 2194 quidem
1389 2124 1426 2177 i.
1462 2142 1507 2178 e.
1544 2142 1659 2179 non

504 2201 895 2267 properanter,
914 2196 1190 2265 quiete.-
1206 2212 1372 2265 quove
1387 2196 1657 2266 patrono]

506 2270 554 2324 si
600 2269 837 2324 libertus
887 2273 1031 2322 esset
1080 2285 1147 2322 ac
1180 2268 1336 2322 nullo
1374 2273 1557 2336 patre,
1595 2273 1660 2321 ut

505 2341 786 2407 dicebant,
824 2340 967 2394 scire
1012 2339 1291 2408 cupiebat,
1328 2355 1437 2408 quo
1474 2343 1658 2394 utere-

506 2418 603 2467 tur
639 2417 897 2481 patrono.
956 2441 1023 2450 —
1081 2409 1335 2479 Menam]
1391 2411 1656 2465 Libertus

506 2485 695 2625 {1⁸33ss
721 2480 1047 2608 f'ssffssessuffi‘ss
1060 2481 1660 2608 Ἥὲἕῑέἰῗέῃῧῇῗέῐ

508 2628 755 2682 incertus
789 2627 987 2694 (quare
1012 2625 1291 2694 quaesivit
1327 2641 1474 2694 „quo
1495 2630 1660 2695 patre

510 2715 692 2768 quove
710 2696 1006 2767 patrono“)
1031 2697 1328 2751 intellexit.
1352 2725 1417 2737 -
1442 2696 1660 2766 notum]

508 2769 638 2825 Noli
710 2768 817 2824 hoc
886 2768 1223 2838 coniungere
1272 2781 1463 2836 ‘neque
1532 2786 1660 2824 cum

509 2840 971 2911 praecedentibus
1025 2839 1211 2896 verbis
1266 2840 1383 2894 cine
1432 2841 1661 2894 crimine

506 2929 688 2982 neque
734 2929 861 2966 cum
904 2912 1250 2980 insequentis
1294 2927 1486 2965 versus
1535 2910 1658 2965 infi-

508 2985 719 3038 nitivis.
795 2983 871 3038 Ut
906 2983 1073 3038 homo
1131 2984 1251 3038 eine
1292 2984 1519 3037 crimine
1575 2984 1657 3037 in-

508 3073 711 3110 nocens
764 3060 850 3110 est
898 3061 957 3110 et
1015 3055 1241 3124 probus,
1290 3053 1372 3108 sic
1406 3060 1572 3109 notus
1611 3055 1658 3108 is

507 3131 661 3182 recte
698 3127 924 3194 dicitur,
978 3127 1075 3194 qui
1135 3144 1249 3182 non
1304 3126 1363 3179 in
1407 3127 1658 3180 omnium

508 3199 815 3265 hominum,
854 3203 917 3252 ut
952 3197 1145 3268 magni
1182 3215 1247 3252 ac
1278 3198 1493 3252 nobiles
1531 3198 1658 3265 viri,

507 3271 605 3326 sed
640 3271 700 3323 in
735 3269 1040 3324 multorum
1078 3269 1327 3324 eiusdem
1376 3273 1434 3323 et
1468 3270 1658 3324 ‹mndi-

508 3343 684 3397 cionis
722 3346 779 3395 et
815 3341 1059 3410 regionis
1108 3341 1486 3411 cognitionem
1531 3358 1658 3410 per·

510 3414 683 3478 venit,
726 3413 1056 3482 praesertim
1110 3429 1332 3481 praeco,
1388 3413 1476 3467 cui
1531 3429 1658 3467 cum

509 3485 707 3539 multis
760 3485 995 3550 fortasse
1055 3483 1373 3538 hominibus
1431 3485 1660 3554 negotia

509 3561 685 3613 erant.
772 3553 957 3610 Verba
1014 3560 1201 3609 autem
1257 3555 1376 3610 sine
1433 3557 1660 3610 crimine

507 3627 773 3684 adiectivi
810 3628 933 3682 vice
977 3627 1292 3698 funguntur
1348 3627 1409 3680 in
1463 3627 1660 3698 lingua

506 3700 704 3768 latina,
740 3698 833 3754 cui
868 3699 1137 3768 negantia
1172 3698 1345 3752 verba
1392 3716 1505 3753 non
1540 3705 1660 3754 tam

508 3771 664 3827 facili
699 3787 873 3841 opera
916 3769 1077 3824 licuit
1123 3786 1455 3839 componere
1490 3787 1661 3840 quam

509 3843 771 3898 Graecae.
810 3841 881 3896 cf.
915 3839 1078 3896 Ovid.
1105 3841 1240 3898 Met.
1264 3841 1385 3910 Vn,
1406 3843 1527 3896 275.
1576 3842 1660 3896 Id.

506 3915 677 3969 Trist.
702 3913 799 3982 IV,
822 3915 906 3982 10,
930 3915 1030 3966 71:
1070 3913 1225 3982 „sine
1260 3914 1496 3968 crimine
1532 3931 1660 3967 con-

509 3987 697 4040 iunx.“
738 3984 927 4040 Senec.
962 3983 1170 4039 Phoen.
1202 3987 1337 4039 513:
1370 3985 1525 4053 „sine
1557 3985 1662 4040 cri·

508 4059 659 4112 mine
694 4057 903 4110 exsul.“
964 4056 1262 4125 capitolin.
1300 4057 1359 4110 in
1396 4055 1588 4112 Marco
1613 4073 1662 4111 c.

510 4133 607 4184 1οε
648 4128 881 4198 „Multis
926 4127 1282 4197 pauperibus,
1319 4129 1439 4182 sine
1474 4128 1661 4182 crimi-

508 4219 597 4269 ne,
633 4201 688 4256 d'
772 4201 940 4254 itates
986 4199 1309 4254 concessit.“
1382 4199 1453 4254 cf·
1492 4203 1562 4254 A.
1599 4199 1661 4254 P.

510 4275 631 4326 320.
737 4272 865 4326 acit-
886 4271 1033 4326 nist.
1058 4271 1101 4334 1,
1126 4273 1184 4326 9:
1233 4271 1663 4340 „Hordeoncum

508 4341 774 4398 Flaccum
798 4343 1113 4427 spernebat,
1138 4347 1360 4398 senecta
1380 4348 1447 4396 ut
1466 4343 1662 4398 debili-

512 4417 635 4468 tate
670 4413 997 4482 invahdum,
1034 4416 1153 4468 sine
1186 4415 1519 4482 constantia,
1544 4415 1664 4468 sine

511 4485 907 4540 auctoritate.“
1006 4485 1241 4540 Bentlei.
1301 4486 1541 4540 lectione
1590 4503 1662 4542 ex

514 4551 728 4611 duobus
786 4554 944 4610 codd.
994 4557 1113 4612 sine
1176 4556 1404 4612 crimine
1468 4563 1662 4612 natum

1754 2122 1922 2179 facile
1959 2141 2224 2179 caremus.
2282 2123 2558 2178 Infinitivi
2575 2141 2882 2208 ’pv-operare,

1755 2211 1964 2251 cessare
2023 2201 2154 2250 cett.
2227 2195 2591 2266 intellegendi
2651 2201 2778 2250 sunt
2828 2213 2880 2250 ex
2995 2187 2997 2230 ἶ

1753 2266 1936 2322 forma
1991 2267 2262 2322 orationis
2307 2267 2590 2337 obliquae,
2631 2287 2744 2338 qua
2791 2285 2882 2322 ser·

1754 2356 1856 2393 vus
1918 2338 2106 2394 Vultei
2169 2339 2343 2394 verba
2412 2339 2644 2394 domino
2717 2339 2882 2394 refert.

1754 2440 1821 2449 —
1897 2409 2030 2480 loco]
2088 2409 2220 2466 vide
2279 2411 2352 2466 ad
2409 2410 2594 2466 Carm.
2655 2411 2755 2476 lv,
2812 2412 2882 2476 12,

1753 2483 1840 2536 28.
1879 2511 1946 2522 -
1985 2481 2158 2550 certo]
2207 2481 2370 2552 Cruq.
2411 2483 2570 2550 „cod.
2609 2482 2745 2538 silv.
2779 2499 2882 2538 cum

1753 2553 1984 2610 martin.
2045 2553 2218 2609 habet
2275 2561 2326 2608 et
2379 2553 2492 2609 lare
2545 2561 2708 2610 curto
2759 2553 2882 2622 quod

1753 2626 1979 2679 omnino
2035 2630 2249 2680 rectum
2303 2630 2459 2694 puto,
2517 2644 2652 2680 nam
2703 2643 2882 2696 paupe·

1752 2697 1929 2751 riores
1955 2697 2015 2750 in
2037 2697 2288 2767 pergulis
2313 2697 2706 2752 habitabant.“
2745 2697 2882 2751 Hanc

1751 2768 2050 2824 lectionem
2102 2769 2274 2823 etiam
2328 2767 2618 2824 Bentleiua
2673 2769 2880 2838 recepit,

1753 2857 2074 2909 quanquam
2133 2841 2464 2908 „utrumvis,
2521 2841 2731 2910 inquit,
2775 2857 2880 2910 pro-

1697 2923 1724 2934 ·
1752 2912 1888 2966 bum
1923 2916 2026 2977 est,
2063 2915 2130 2965 ut
2165 2912 2378 2966 nescias
2425 2917 2624 2966 utrum
2671 2913 2782 2966 utri
2827 2911 2884 2963 sit

1751 2983 2199 3052 praeferendum.
2210 2983 2244 3011 “
2339 2982 2662 3038 Bentleinm
2729 2981 2882 3038 secuti

1752 3060 1884 3108 sunt
1955 3053 2276 3109 Doederlin.
2347 3060 2406 3109 et
2464 3055 2716 3122 Linker.‚
2793 3071 2884 3108 non

1751 3125 1918 3194 bene;
1959 3125 2202 3180 Orellius
2239 3125 2354 3180 iam
2376 3132 2530 3182 recte
2555 3126 2881 3182 animadver-

1753 3198 1828 3251 tit
1863 3198 1978 3253 lare
2013 3203 2169 3252 curto
2206 3215 2418 3252 meram
2461 3216 2582 3253 esse
2619 3197 2882 3268 repetitio·

1752 3286 1880 3324 nem
1919 3287 2006 3322 vv.
2046 3270 2200 3323 tenui
2232 3285 2424 3324 ccmu:
2468 3270 2529 3324 id
2565 3270 2720 3339 quod
2753 3269 2882 3324 cadit

1753 3342 1926 3396 etiam
1987 3341 2045 3394 in
2092 3340 2468 3410 Peerlkampii
2523 3343 2880 3396 coniecturam

1746 3428 1937 3480 parve.
2009 3411 2104 3466 Ad
2151 3414 2486 3468 sententiam
2533 3413 2602 3468 cf.
2643 3413 2814 3482 Epist.
2845 3411 2878 3470 1,

1759 3487 1841 3550 15,
1889 3484 1977 3550 28,
2027 3483 2125 3537 ubi
2177 3501 2372 3539 scurra
2425 3500 2595 3550 υσθυε
2649 3489 2750 3546 est,
2801 3481 2880 3550 qni

1751 3571 1860 3610 non
1896 3555 2066 3610 habet
2112 3561 2318 3610 certum
2368 3573 2654 3626 praesepe.
2693 3585 2754 3596 —
2789 3568 2880 3608 non

1753 3626 1904 3695 sane]
1945 3626 2094 3681 idem
2133 3625 2254 3682 fere
2289 3627 2440 3696 quod
2483 3629 2600 3688 vix,
2643 3623 2710 3682 οὗ
2743 3621 2879 3680 πάνυ.

1753 3698 1934 3753 Varro
1953 3697 2018 3752 R.
2040 3697 2106 3752 R.
2133 3697 2234 3764 111,
2269 3699 2350 3768 16,
2380 3701 2472 3754 10:
2511 3699 2734 3768 „Parva
2764 3697 2878 3750 villa

1753 3776 1812 3825 et
1870 3770 2084 3840 agellus
2143 3786 2256 3823 non
2303 3788 2436 3825 sane
2481 3772 2666 3826 maior
2709 3772 2878 3840 iugero

1753 3845 1920 3896 uno.·‘
1981 3841 2080 3895 Ille
2117 3843 2264 3895 enim
2301 3843 2397 3896 vix
2433 3847 2622 3912 potest
2658 3843 2878 3912 cogitare

1753 3931 1812 3968 se
1869 3913 1938 3967 ab
1995 3911 2220 3967 homine
2273 3912 2452 3967 nobili
2501 3931 2569 3968 ac
2611 3914 2784 3968 divite
2821 3909 2878 3962 ad

1753 4002 1944 4039 cenam
1999 3985 2214 4050 vocari3
2271 4001 2444 4053 quare
2487 3985 2696 4040 tacitus
2739 3983 2876 4038 mira·

1751 4061 1862 4110 tur.
1904 4085 1971 4094 —
2009 4063 2172 4125 ‘negat
2218 4055 2308 4110 ἄιε
2353 4055 2508 4138 mihi]
2559 4057 2652 4112 Sic
2703 4051 2874 4124 optimi

1754 4133 1812 4183 et
1847 4126 2077 4196 plurimi
2124 4125 2358 4195 codices,
2407 4127 2506 4181 alii
2541 4133 2712 4199 neget,
2753 4121 2874 4195 quod

1752 4216 1853 4254 cur
1920 4215 2046 4254 cum
2105 4197 2326 4252 Miiller.
2387 4199 2630 4270 Kriiger.
2695 4197 2872 4254 Keller.

1754 4271 2036 4326 Eckstein.
2075 4269 2430 4339 praeferatur
2467 4271 2606 4326 nihil
2657 4275 2740 4325 est
2773 4284 2873 4322 cau·

1753 4360 1872 4410 sae3
1898 4342 2068 4396 immo
2089 4358 2222 4396 vero
2241 4348 2408 4412 grata
2427 4347 2512 4396 est
2529 4343 2768 4398 eiusdem
2785 4339 2872 4394 for-

1752 4431 1878 4468 mae
1914 4413 2194 4482 repetitio.
2268 4413 2471 4467 Servus
2508 4414 2732 4468 domino
2765 4410 2869 4466 adu·

1754 4486 1876 4540 lans
1900 4485 2148 4540 convicio
2183 4485 2457 4552 improbus
2481 4485 2672 4540 statim
2709 4481 2868 4540 addito

1755 4574 1873 4612 rem
1913 4560 2097 4628 auget.
2120 4585 2184 4594 —
2209 4556 2458 4612 tunicato
2495 4557 2728 4627 popello]
2759 4555 2868 4608 Cum
