3092 5059
1039 240 1204 307 LIB.
1241 241 1292 306 1.
1334 240 1591 309 CARM.
1633 242 1786 307 XX.
2537 240 2618 306 '79

519 422 953 519 Cantharis,
1010 426 1315 505 Graeca
1364 424 1578 527 quod
1629 450 1778 523 ego
1829 426 2002 523 ipse
2056 436 2254 501 testa

517 546 936 625 Conditum
982 548 1163 647 levi,
1222 549 1441 626 datus
1492 551 1576 627 in
1623 550 1924 627 theatro

716 671 915 750 Cum
965 673 1106 751 tibi
1160 675 1493 772 plausus,

451 828 480 869 a
520 798 721 877 Care
774 800 1184 877 Maecenas
1239 824 1497 901 eques,
1549 812 1637 875 ut
1685 800 1988 901 paterni

511 925 891 1003 Fluminis
945 927 1165 1028 ripae
1214 926 1442 1004 simul
1495 938 1571 1003 et
1618 927 1880 1003 iocosa

510 1050 899 1127 Redderet
944 1050 1217 1129 laudes
1268 1052 1415 1127 tibi
1466 1050 1824 1129 Vaticani

710 1176 997 1253 Montis
1022 1209 1031 1221 ·
1048 1176 1332 1277 imago.

515 1301 962 1379 Caecubum
1015 1316 1091 1380 et
1138 1302 1358 1401 prelo
1413 1301 1786 1379 domitam
1841 1304 2130 1382 Caleno

430 1459 481 1499 ιο
517 1426 637 1505 Tu
689 1428 906 1504 bibes
961 1455 1229 1505 uvam:
1284 1453 1459 1505 mea
1508 1454 1654 1504 nec
1702 1426 2075 1507 Falernae

213 1657 481 1715 delectari
538 1659 839 1728 debuisset,
896 1660 932 1713 i.
976 1676 1023 1714 e.
1068 1660 1184 1715 leni
1230 1660 1361 1715 vino

212 1747 311 1785 nec
344 1730 803 1787 febricitantibus
846 1732 1033 1786 noxio.
1107 1732 1221 1787 Cfr.
1259 1732 1363 1787 Ga·

212 1801 367 1857 lenus
418 1802 491 1859 de
536 1804 637 1859 sal.
674 1803 805 1857 vict.
841 1803 953 1857 vol.
990 1802 1109 1859 XV.
1145 1822 1203 1873 p.
1240 1804 1363 1858 648.

214 1871 383 1943 Lips.=
444 1873 621 1943 „2:ch
668 1871 767 1941 τὴν
811 1869 1042 1929 Ἰταλίαν
1090 1874 1121 1929 ὁ
1172 1869 1367 1934 ἄτονος

214 1950 452 2015 σαβῖνος,
500 1942 572 2001 ὃν
617 1950 711 1999 καὶ
756 1941 979 1999 διδόασι.
1023 1953 1135 2005 τοῖς
1171 1951 1363 2017 πυρέτ-

214 2020 449 2072 τουσιν.“
526 2017 859 2088 Quanquam
907 2012 1081 2073 dubia
1125 2035 1215 2073 res
1252 2024 1363 2088 est3

212 2087 351 2143 illud
385 2090 539 2145 enim
576 2090 625 2143 si
649 2090 917 2145 voluisset
948 2094 1133 2159 poeta,
1156 2090 1363 2145 clarius

214 2158 362 2215 haud
402 2161 579 2216 dubie
624 2161 940 2217 indicasset.
1003 2190 1067 2201 --
1134 2162 1365 2217 modicis

212 2232 517 2303 cantharis]
559 2232 828 2287 Canthari
860 2234 1041 2289 maius
1066 2250 1241 2303 genus
1264 2250 1362 2303 po·

213 2304 480 2372 culorum,
520 2321 633 2373 quo
681 2306 743 2359 in
778 2305 941 2359 laetis
977 2305 1363 2359 occasionibus

214 2375 547 2444 utebantur;
588 2393 763 2445 quare
798 2376 1047 2431 iocosum
1072 2380 1175 2443 est,
1213 2376 1363 2445 quod

213 2445 355 2501 dixit
378 2448 613 2503 modicis
640 2447 949 2503 cantharis:
986 2448 1049 2501 in
1084 2465 1195 2517 qua
1234 2465 1361 2503 con·

214 2517 495 2574 iunctione
539 2518 689 2573 inest
730 2519 1010 2589 quoddam
1062 2520 1363 2575 verborum

216 2594 515 2658 certamen,
540 2608 656 2644 non
680 2592 1030 2646 intellectum
1053 2590 1125 2645 ab
1152 2592 1239 2659 iis,
1266 2593 1364 2660 qui

214 2660 297 2715 vel
314 2662 385 2715 de
402 2662 624 2733 poculis
645 2662 961 2733 cogitarent
976 2680 1089 2717 non
1101 2664 1363 2732 pretiosis

214 2732 299 2785 vel
310 2733 381 2787 ab
396 2733 626 2789 Horatii
645 2734 801 2789 tenui
814 2735 981 2807 domo
995 2751 1217 2788 omnem
1232 2751 1361 2803 pro-

213 2801 485 2861 fusionem
520 2804 729 2861 afuisse
771 2822 965 2861 severe
1002 2806 1166 2859 vultu
1198 2806 1361 2861 doce-

214 2880 348 2932 rent.
374 2906 434 2917 --
455 2892 663 2947 graeca
686 2876 847 2948 testa]
868 2877 1141 2947 amphora
1159 2894 1361 2947 graeco

212 2946 337 3030 vino
372 2947 804 3074 mgna-imbuta,
841 2948 1363 3089 (Eglmgliushfieret

212 3035 397 3073 vinum
478 3036 511 3073 a
550 3036 723 3075 mum.
751 3050 816 3059 —
1072 3038 1168 3089 mp
1210 3037 1359 3089 orae,

214 3091 411 3160 argilla
421 3092 517 3147 vel
534 3092 685 3146 vitro
706 3092 903 3160 factae,
914 3092 1121 3147 cortice
1140 3088 1358 3147 claude·

213 3161 415 3217 bantur
434 3181 503 3218 ac
524 3163 727 3219 deinde
738 3164 1141 3235 gypsabantur,
1154 3181 1225 3218 ne
1233 3182 1358 3233 pos·

214 3239 295 3287 set
316 3238 412 3289 aer
446 3236 679 3291 intrare.
716 3235 1135 3291 Inscribebatur
1156 3252 1359 3291 nomen

215 3306 465 3374 consulis,
516 3324 627 3375 quo
672 3324 820 3361 anno
864 3313 1059 3362 natum
1106 3312 1230 3361 erat
1278 3308 1359 3361 vi-

214 3394 367 3445 num3
420 3378 621 3433 vitreis
670 3378 953 3447 amphoris
1008 3378 1361 3435 addebantur

214 3452 465 3517 temerae,
508 3450 743 3519 pittacia
790 3450 1080 3505 consulum
1122 3451 1359 3505 nomini-

214 3517 311 3575 bus
346 3522 636 3591 inscripta.
674 3552 741 3562 -
778 3524 928 3591 care]
963 3521 1053 3577 Sic
1086 3523 1147 3576 in
1182 3523 1359 3575 omni·

212 3590 311 3645 bus
354 3592 658 3660 codicibus,
714 3594 825 3647 nisi
874 3595 1025 3662 quod
1072 3592 1359 3648 Bentleius

216 3662 271 3715 in
312 3681 423 3719 uno
469 3664 685 3720 invenit
729 3666 891 3719 clare.
963 3665 1113 3719 Illud
1170 3669 1359 3719 autem

216 3733 655 3791 familiaritatem
676 3753 789 3805 qua
808 3742 933 3791 erat
942 3736 1211 3791 Horatius
1232 3754 1359 3791 cum

216 3804 531 3862 Maecenate
580 3809 633 3863 h.
670 3809 710 3862 1.
758 3808 1003 3862 maxime
1053 3808 1229 3863 decet.
1286 3838 1357 3849 ·-·

216 3878 387 3949 eques]
446 3878 714 3948 Equestri
774 3880 972 3934 ordine
1027 3898 1137 3950 quo
1194 3884 1358 3935 natus

219 3954 333 4003 erat
391 3956 683 4005 contentus
742 3951 1033 4007 Maecenas
1096 3970 1210 4006 non
1270 3968 1357 4007 ca-

218 4022 397 4087 ptavit
428 4022 667 4077 maiores
704 4023 965 4088 honores;
1003 4040 1145 4092 quae
1170 4024 1357 4078 mode-

219 4093 321 4145 stia
352 4110 615 4165 magnam
636 4094 885 4165 gratiam
920 4095 972 4149 ei
996 4095 1146 4164 apud
1181 4112 1357 4165 popu-

218 4161 331 4219 lum
366 4166 605 4233 paravit.
654 4166 727 4221 ef.
767 4166 947 4221 Carm.
983 4166 1029 4234 Ι,
1070 4170 1119 4235 1,
1162 4170 1209 4219 1.
1257 4166 1357 4233 ΠΙ,

224 4234 303 4301 16,
338 4236 425 4290 20.
484 4236 739 4307 Propert.
776 4236 871 4307 IV,
905 4240 965 4291 9:
1030 4237 1356 4306 „Maecenas

223 4322 379 4373 eques
414 4308 653 4365 Etrusco
700 4308 771 4363 de
815 4310 1089 4379 sanguine
1141 4326 1357 4381 regum,

222 4376 373 4432 Intra
388 4378 672 4435 fortunam
698 4382 795 4450 qui
820 4380 977 4450 cupis
1002 4398 1122 4436 csse
1146 4380 1355 4436 tuam.“

224 4476 287 4489 —
310 4449 497 4521 datas]
516 4454 721 4509 omisso
742 4472 800 4508 v.
820 4459 901 4509 est
920 4452 993 4507 cf.
1012 4453 1192 4507 Carm.
1214 4453 1357 4521 1,12,

223 4521 269 4573 ¹7.
302 4521 374 4591 ΙΙ,
400 4524 451 4592 7,
481 4528 561 4579 11.
596 4524 713 4579 Sat.
748 4524 793 4594 I,
820 4526 907 4593 10,
932 4526 1021 4581 83,
1044 4554 1111 4564 -
1134 4524 1359 4595 patum·

221 4590 479 4665 liminis]
496 4594 733 4667 Tiberis,
752 4597 851 4667 qui
868 4597 941 4651 ab
957 4596 1195 4651 Etruria
1214 4595 1355 4651 fluit.

1464 1661 1531 1715 In
1557 1678 1666 1730 quo
1692 1660 1940 1715 fluminis
1963 1660 2212 1731 epitheto
2237 1660 2504 1716 blandum
2531 1668 2616 1717 est

1464 1732 1752 1802 indicium,
1788 1733 2033 1802 patriam
2069 1749 2291 1802 quoque
2323 1733 2616 1788 Etruriam

1464 1804 1535 1857 de
1571 1805 1784 1859 virtute
1819 1804 2158 1860 Maecenatis
2194 1806 2446 1875 gavisam
2490 1822 2618 1859 cum

1463 1876 1673 1945 populo
1701 1876 1952 1931 Romano
1985 1876 2344 1931 coniunctum
2377 1876 2618 1932 edidisse

1464 1947 1748 2016 plausum3
1787 1965 1912 2002 cum
1949 1966 2059 2017 qua
2097 1965 2160 2001 re
2195 1948 2475 2003 consentit
2511 1948 2616 2003 Va-

1465 2018 1642 2073 ticani
1693 2020 1900 2073 montis
1947 2020 2020 2073 ad
2063 2019 2324 2074 dextram
2369 2018 2616 2075 fluminis

1464 2090 1649 2215 riffim
1667 2090 1782 2217 ghi
1817 2090 2292 2216 ozmssamorsffii'e
2344 2090 2507 2145 Unde
2493 2093 2614 2217 ¹mei·-

1464 2179 1521 2215 m
1606 2180 1666 2215 in
1841 2180 1862 2215 1
1887 2179 1958 2217 ur
2052 2180 2109 2215 m
2169 2180 2234 2217 sc
2325 2177 2491 2231 accep
2559 2180 2616 2215 m

1463 2250 1584 2287 esse
1618 2178 1998 2289 Maeoiffiatem
2035 2234 2096 2288 in
2129 2234 2354 2289 theatro
2384 2233 2616 2303 Pompei

1464 2322 1495 2359 e
1530 2306 1762 2375 regione
1799 2305 2056 2361 Vaticani
2087 2306 2296 2361 montis
2332 2306 2458 2359 sito.
2507 2304 2614 2359 Va-

1463 2376 1642 2431 ticani
1685 2378 1966 2445 „nominis
2001 2377 2300 2433 secundam
2345 2376 2616 2445 syllabam

1463 2447 1733 2502 Horatius
1789 2450 2091 2517 corripuit,
2135 2466 2268 2512 non,
2316 2454 2380 2502 ut
2424 2449 2615 2518 inepte

1464 2518 1608 2573 dicit
1643 2519 1902 2587 Orellius,
1947 2520 2098 2589 quod
2143 2520 2206 2574 id
2251 2538 2286 2575 a
2331 2521 2614 2575 vaticiniis

1464 2596 1763 2660 repeteret,
1809 2591 1906 2646 sed
1951 2594 2084 2661 quia
2119 2593 2290 2663 vulgo
2341 2593 2422 2646 ita
2466 2591 2614 2647 dice·

1465 2663 1626 2716 bant:
1679 2666 1876 2733 postea
1913 2664 2188 2718 Martialis
2236 2670 2294 2719 et
2336 2664 2614 2717 Iuvenalis

1466 2733 1700 2788 eandem
1802 2735 2074 2804 syllabam
2180 2735 2567 2791 extenderunt.
2581 2736 2614 2764 “

1464 2805 1690 2859 Lachm.
1731 2806 1802 2861 ad
1825 2806 2053 2862 Lucret.
2090 2825 2143 2876 p.
2173 2810 2259 2862 37.
2297 2836 2370 2847 -
2405 2808 2615 2877 imayo]

1464 2876 1596 2931 vide
1633 2877 1706 2933 ad
1739 2878 1920 2933 Carm.
1947 2878 1992 2947 1,
2020 2880 2104 2946 12,
2122 2881 2174 2931 3.
2204 2908 2267 2917 --
2291 2877 2610 2947 Caecubum]

1464 2948 1586 3002 Iam
1619 2954 1888 3017 quattuor
1907 2950 2244 3004 nobilissimi
2265 2950 2384 3003 vini
2407 2968 2615 3021 genera

1464 3020 1846 3076 nominantur.
1919 3022 2091 3089 Gales,
2137 3021 2472 3091 Campaniae
2515 3037 2612 3091 op-

1464 3092 1679 3161 pidum,
1725 3092 1892 3148 hodie
1939 3092 2120 3160 Gabi,-
2170 3108 2302 3162 αμα·
2335 3092 2614 3147 Falernus

1465 3164 1539 3218 ad
1574 3163 1790 3219 radices
1827 3164 2052 3219 Massici
2101 3165 2308 3218 montis
2357 3164 2418 3217 in
2457 3163 2613 3218 Cam-

1464 3236 1654 3304 pania,
1680 3236 1940 3291 Formiae
1975 3236 2129 3290 Latii
2159 3234 2528 3304 municipium
2551 3236 2612 3289 in

1465 3308 1748 3361 Auruncis
1773 3324 1950 3377 prope
1975 3307 2242 3375 Caietam,
2267 3306 2434 3361 hodie
2453 3307 2614 3361 Mola

1466 3378 1529 3432 di
1566 3376 1761 3433 Gaetu.
1815 3408 1886 3429 v—
1939 3384 2004 3433 ὑιι
2052 3378 2220 3447 bibes]
2273 3377 2381 3433 Hic
2433 3376 2610 3432 futuri

1466 3450 1737 3519 temporis
1769 3466 1902 3505 usus
1932 3468 2046 3505 non
2075 3451 2316 3504 multum
2351 3448 2543 3503 differt
2579 3468 2613 3503 a

1466 3522 1823 3577 coniunctivo
1839 3540 2002 3592 quem
2012 3522 2208 3576 dicunt
2219 3522 2586 3590 potentialem
2599 3540 2612 3589 ;

1466 3592 1547 3647 sic
1591 3594 1742 3647 enim
1787 3594 2062 3663 imprimis
2107 3598 2308 3662 poetae
2359 3592 2612 3647 indicant

1468 3680 1612 3732 quae
1647 3666 1943 3735 quominus
1965 3666 2186 3734 possint
2209 3664 2334 3719 fieri
2358 3664 2502 3719 nihil
2527 3670 2613 3720 est

1467 3737 1620 3804 quod
1655 3738 1942 3806 impediat.
1981 3736 2072 3791 Sic
2101 3737 2282 3791 Carm.
2311 3736 2386 3805 11,
2413 3740 2499 3804 12,
2529 3740 2611 3791 10.

1468 3808 1885 3864 Abstinendum
1943 3810 2124 3881 igitur
2183 3827 2218 3862 a
2279 3810 2612 3863 coniecturis

1466 3885 1584 3933 tum
1615 3880 1775 3949 bibes,
1811 3896 1926 3936 non
1965 3882 2124 3945 bibes,
2161 3886 2225 3934 tu
2257 3881 2443 3949 liques.
2484 3880 2612 3935 Kel-

1465 3951 1586 4005 lero
1620 3951 1933 4023 Epilegom.
1969 3968 2024 4020 p.
2062 3953 2134 4006 78
2168 3952 2382 4020 placuit
2429 3951 2608 4017 bibam

1462 4040 1596 4077 nam
1639 4024 1787 4079 bibes
1835 4027 1966 4093 post
1999 4024 2222 4092 potabis
2267 4042 2321 4076 v.
2376 4022 2610 4077 tolerari

1463 4111 1580 4149 non
1631 4112 1806 4165 posse.
1880 4095 1948 4148 In
2003 4094 2312 4149 Ecksteinii
2365 4093 2610 4149 editione

1464 4166 1605 4237 legis
1637 4166 1806 4234 vides,
1843 4182 1914 4220 ex
1951 4182 2140 4220 errore
2175 4166 2416 4220 fortasse
2449 4170 2608 4235 typo·

1464 4238 1752 4308 graphico.
1801 4266 1870 4277 -—
1921 4236 2240 4306 temperant]
2293 4236 2470 4305 Epod.
2525 4239 2608 4302 1⁴7,

1464 4312 1552 4364 80.
1601 4309 1887 4364 Audacter
1923 4308 2030 4363 hoc
2067 4309 2282 4363 dictum
2326 4312 2412 4362 est
2453 4308 2610 4363 colles

1464 4386 1786 4451 temperant,
1823 4381 1918 4435 sed
1944 4384 2114 4450 recte,
2152 4378 2416 4449 quoniam
2449 4380 2610 4436 colles

1464 4452 1656 4508 vinum
1682 4452 1818 4507 dare
1841 4452 2036 4507 eodem
2071 4454 2195 4506 iure
2227 4450 2340 4507 dici
2375 4457 2612 4521 possunt

1464 4542 1578 4593 quo
1611 4525 1774 4579 vites.
