3092 5059
1040 228 1203 296 Lm.
1246 228 1329 295 H.
1372 228 1562 295 SAT.
1601 224 1742 295 VII.

2469 230 2596 296 479

205 457 257 497 20
293 420 447 514 Qui
498 422 651 498 iam
708 428 1091 514 contento,
1146 416 1301 492 iam
1348 416 1527 493 laxo
1581 418 1771 494 fune
1819 413 2197 493 laborat.“

290 545 361 619 N
362 572 464 620 on
513 543 723 621 dices
773 543 1011 620 hodie
1064 566 1431 643 quorsum
1478 541 1675 618 haec
1723 554 1882 617 tam
1931 540 2202 640 putida
2253 541 2592 639 tendant,

290 670 682 747 Furcifer?
708 667 813 765 „A
824 668 877 745 d
892 681 989 764 te,
1005 664 1388 767 inquam.“
1406 666 1580 760 Quo
1595 678 1848 764 pacto,
1867 667 2234 765 pessime?
2252 666 2596 762 „Laudas

291 794 709 871 Fortunam
762 806 839 871 et
888 818 1141 869 mores
1192 792 1557 892 antiquae
1607 790 1884 891 plebis,
1937 803 2015 867 et
2060 790 2294 888 idem,

291 918 375 995 Si
428 920 601 1019 quis
651 918 755 996 ad
806 919 947 996 illa
998 918 1189 994 deus
1239 918 1491 994 subito
1544 931 1624 993 te
1673 929 1878 1015 agat,
1927 942 2176 1016 unque
2215 942 2544 1017 recueee,

203 1084 257 1123 ιι,
293 1042 453 1121 Aut
504 1046 689 1144 quia
734 1070 891 1121 non
942 1045 1181 1121 sentis
1234 1042 1447 1143 quod
1500 1042 1788 1119 clamas
1831 1041 2114 1119 rectius
2167 1068 2353 1139 eoae,

289 1174 450 1250 Aut
502 1170 683 1272 quia
730 1195 888 1245 non
938 1168 1205 1245 firmus
1260 1180 1556 1244 rectum
1612 1163 1972 1241 defendis
2025 1177 2099 1241 et
2149 1166 2426 1243 haeres.

290 1297 777 1397 Nequiquam
830 1320 1067 1371 caeno
1123 1294 1435 1393 cupiens
1487 1290 1822 1369 evellere
1872 1288 2242 1392 plantam.

290 1426 581 1499 Romae
628 1448 763 1497 rus
817 1434 1067 1522 optas3
1118 1420 1517 1497 absentem
1573 1417 1902 1495 rusticus
1954 1416 2230 1493 urbem

291 1550 531 1627 'Pollis
583 1550 689 1626 ad
742 1560 949 1626 astra
996 1547 1213 1625 levis.

1318 1546 1401 1624 Si
1454 1572 1838 1648 nusquam
1891 1572 1970 1623 es
2021 1546 2229 1623 forte
2280 1560 2594 1623 vocatus

208 1713 263 1752 ω
303 1676 428 1753 Ad
486 1700 780 1772 cenam,
830 1673 1101 1751 laudas
1152 1698 1509 1750 securum
1570 1672 1798 1749 holus
1851 1697 1966 1768 ac,
2018 1671 2234 1749 velut
2269 1698 2594 1772 usquam

292 1799 613 1875 Vinctus
664 1822 815 1892 eae,
870 1796 979 1873 ita
1028 1809 1105 1873 te
1158 1796 1471 1873 felicem
1524 1794 1720 1871 dicis
1770 1820 2162 1896 amaeque,

295 1923 525 2018 Quod
573 1947 955 2023 nusquam
1004 1922 1147 1998 tibi
1188 1922 1289 1997 eit
1334 1920 1791 2023 potandum.
1889 1920 2213 1999 [usserit
2260 1921 2364 1998 ad
2416 1946 2498 1999 ee

292 2050 691 2125 Maecenas
742 2072 1001 2123 serum
1051 2046 1199 2121 sub
1248 2045 1550 2121 lumina
1601 2046 1854 2147 prima
1901 2045 2174 2123 venire

294 2171 756 2249 Convivam:
810 2172 1164 2268 „Nemon
1210 2169 1467 2247 oleum
1524 2170 1726 2245 feret
1777 2170 2042 2246 ocius?
2097 2169 2364 2269 ecquis

203 2331 259 2371 35
296 2293 640 2373 Audit?“
692 2321 870 2373 cum
920 2320 1206 2394 magno
1252 2295 1588 2375 blateras
1641 2293 1980 2371 clamore
2025 2294 2396 2395 furisque.

185 2518 295 2571 per
338 2500 397 2554 in
443 2501 667 2557 diversa
721 2501 1102 2557 vertebatur.“
1176 2504 1345 2557 Acro.

185 2575 255 2628 In
328 2574 489 2627 bonis
560 2578 749 2628 tamen
804 2573 963 2629 codd.
1018 2578 1105 2628 eet
1166 2574 1351 2629 acrior

188 2662 299 2715 pro
355 2661 421 2698 ac
468 2644 655 2714 prior.
709 2651 767 2700 et
814 2646 907 2701 iae
959 2663 1065 2715 pro
1112 2646 1225 2700 illo.
1281 2674 1349 2685 -

187 2718 337 2781 imm
388 2716 523 2785 iam]
584 2718 777 2786 mod03
836 2718 1023 2771 modo.
1079 2716 1151 2771 cf.
1189 2716 1353 2771 Ovid.

187 2788 329 2841 Met.
366 2788 409 2854 Ι,
453 2790 568 2842 111.
644 2789 733 2842 Ad
778 2789 1083 2859 imaginem
1131 2788 1203 2844 cf.
1240 2788 1351 2842 Lu-

188 2861 337 2913 cian.
377 2858 523 2912 Dial.
564 2867 791 2915 meretr.
827 2860 927 2914 111.
966 2868 1133 2915 extr.:
1192 2854 1353 2929 „⁶00oe

190 2930 277 3001 μὴ
332 2928 471 2983 κατὰ
525 2930 625 2996 τὴν
678 2938 986 3003 παροιμίαν
1038 2925 1351 3002 ἆποῤῥὴξα»

189 3020 307 3074 μεν
342 2995 489 3055 πάνυ
522 3007 793 3055 τείνουσαι
830 3004 893 3056 τὸ
932 2999 1257 3058 καλώδιον.“
1280 3032 1351 3043 --

186 3072 371 3141 hodie]
408 3072 593 3143 Longi
629 3076 901 3129 sermonis
924 3075 1115 3130 taedio
1152 3078 1353 3144 captus

186 3144 463 3199 Horatius
518 3145 685 3200 timet
742 3164 813 3201 ne
870 3150 1023 3201 totns
1094 3145 1213 3201 dieo
1269 3146 1355 3201 ita

187 3220 571 3271 consumatur.
612 3246 679 3257 --
718 3216 1000 3285 Furcifer]
1038 3217 1238 3271 Donat.
1280 3217 1353 3271 ad

186 3288 417 3343 Terent.
460 3288 639 3342 Andr.
678 3289 775 3357 IV,
813 3290 865 3351 ὃ,
910 3291 999 3342 12:
1038 3288 1353 3355 „Furcifer-i

187 3359 527 3414 dicebantur
562 3360 659 3428 qui
694 3360 769 3413 ob
801 3361 922 3415 leve
957 3360 1229 3415 delictum
1265 3376 1351 3415 co-

188 3432 475 3501 gebantur
510 3449 545 3486 a
580 3431 821 3487 dominia
860 3431 1204 3502 ignominiae
1236 3448 1351 3485 ma-

188 3504 283 3572 gia
321 3518 487 3569 quam
526 3503 790 3571 supplicii
829 3520 995 3558 causa
1031 3504 1183 3557 circa
1218 3502 1353 3557 vici·

188 3592 299 3627 noe
334 3572 551 3629 furcam
592 3574 689 3644 (V)
736 3575 797 3627 in
834 3575 979 3629 collo
1024 3576 1193 3643 ferre,
1226 3573 1355 3628 sub·

193 3644 392 3715 ligatis
438 3645 511 3699 ad
559 3662 681 3699 eam
730 3646 1006 3713 manibus,
1042 3651 1101 3700 et
1135 3644 1354 3715 praedi·

190 3732 325 3771 care
352 3722 651 3784 peecatum
686 3734 848 3771 uuum
896 3718 1173 3787 simulque
1208 3732 1355 3771 com·

190 3804 425 3843 monere
476 3792 693 3843 ceteros
738 3806 811 3844 ne
860 3788 997 3858 quid
1040 3788 1223 3844 simile
1258 3787 1355 3842 ad-

194 3858 478 3914 mittant.“
534 3858 643 3915 Cic.
676 3878 781 3929 pro
818 3860 1004 3915 Deiot.
1042 3862 1093 3915 9.
1129 3890 1201 3900 —
1236 3874 1355 3915 eae·

193 3930 293 4014 no]
328 3928 417 3983 Ex
449 3948 651 4001 graeco
684 3932 1007 4000 proverbio:
1046 3938 1221 4000 αἴρειν
1254 3932 1355 3991 ἔξω

193 4002 354 4056 noda
392 4003 581 4069 πηλοῦ.
656 4002 991 4072 Metaphora
1024 4008 1249 4072 sumpta
1284 4002 1356 4057 de

195 4092 285 4135 eo,
324 4074 415 4127 cui
450 4074 509 4129 in
534 4088 769 4129 caenum
790 4074 1019 4144 delapso
1056 4074 1205 4129 vires
1240 4090 1357 4127 non

193 4144 487 4199 sufficiunt
542 4145 615 4200 ad
670 4146 1011 4201 enitendum.
1086 4144 1353 4214 „Tantmu

196 4217 405 4285 inquit,
440 4217 501 4271 in
537 4221 595 4271 te
629 4234 743 4271 non
789 4217 937 4273 ineat
986 4234 1177 4273 aeneus
1214 4216 1355 4285 veri,

196 4293 263 4341 ut
334 4304 405 4341 ex
464 4288 817 4357 turpitudine
876 4290 1103 4343 omnino
1175 4289 1353 4356 possin

194 4358 404 4413 exire.“
442 4388 507 4397 —-
546 4359 729 4429 Mus]
768 4360 883 4415 Sat.
922 4360 995 4427 11,
1032 4362 1085 4425 6,
1120 4361 1352 4413 60-64.

198 4460 268 4471 --
310 4430 555 4498 vimus]
600 4431 841 4487 vinculis
888 4435 1171 4498 oneratus,
1220 4430 1353 4499 quia

198 4501 587 4556 invitissimus.
670 4502 749 4557 Et
794 4520 865 4557 ne
914 4518 1041 4557 eum
1085 4502 1355 4555 Horkelio

200 4573 425 4627 dubites
438 4610 455 4641 ,
512 4590 647 4627 num
704 4573 909 4631 vincire
965 4574 1115 4628 idem
1175 4573 1355 4641 poscit

1447 2519 1567 2628 {1⁹3⁶
1579 2502 1755 2627 233⁶
1764 2502 2595 2629 ff‘ssffaemzssssffsssst·

1446 2614 1619 2699 tionis
1655 2614 2020 2714 inridiaodue’
2047 2646 2308 2714 concivit,
2356 2650 2422 2700 ut
2463 2663 2598 2715 para

1446 2716 1694 2771 militum
1737 2717 2096 2787 gladiatores,
2143 2717 2242 2786 qui
2285 2734 2318 2771 e
2365 2718 2596 2772 servitio

1445 2787 1632 2842 Blaesi
1667 2792 1846 2853 erant,
1893 2804 2026 2857 pare
2069 2792 2314 2844 ceteram
2351 2789 2598 2845 eiusdem

1445 2859 1718 2913 familiam
1753 2859 2079 2915 vincirentf‘
2113 2860 2190 2914 id.
2231 2860 2376 2916 Hiet.
2415 2861 2460 2930 Ι,
2497 2864 2596 2916 45:

1446 2931 1714 3057 miz,
1735 2930 2052 3057 ³:²33ss
2095 2933 2596 3073 ffisxffipg’ffiss

1445 3074 1780 3129 subtraxit.“
1841 3074 1978 3128 ibid.
2015 3074 2116 3142 111,
2154 3077 2246 3128 36:
2308 3075 2405 3143 „P.
2443 3074 2599 3129 Sabi-

1446 3164 1583 3200 num
1631 3145 1838 3199 vinciri
1881 3145 2093 3200 iubet.“
2167 3146 2424 3201 Horkelii
2471 3164 2598 3202 con·

1446 3218 1684 3272 iectura:
1739 3231 1912 3271 eseam
1978 3216 2090 3271 Vix
2137 3217 2354 3287 fugias,
2415 3236 2600 3274 necee-

1448 3289 1600 3343 saria
1643 3304 1757 3342 non
1805 3288 2047 3356 videtur,
2091 3304 2273 3357 neque
2321 3290 2381 3343 in
2424 3289 2600 3345 satira

1446 3378 1537 3415 me
1574 3358 1810 3414 offendit
1845 3359 2000 3413 intra
2032 3360 2391 3428 paucissimas
2424 3362 2602 3416 lineae

1446 3447 1682 3501 usquam
1727 3435 1816 3485 ter
1860 3430 2156 3501 ingestum.
2208 3461 2273 3471 —
2323 3433 2599 3503 amneque]

1450 3502 1560 3557 Cic.
1587 3503 1660 3557 ad
1679 3506 1800 3558 Att.
1819 3501 1914 3565 IV,
1941 3506 2031 3557 16:
2071 3503 2172 3572 „In
2207 3520 2276 3557 eo
2310 3520 2402 3558 me
2435 3505 2602 3559 valde

1448 3574 1630 3628 amo-‘⁸
1683 3574 1796 3629 Sat.
1835 3575 1880 3641 Ι,
1916 3576 1970 3642 2,
2007 3576 2094 3628 54.

1518 3645 1588 3698 V.
1615 3645 1702 3699 33.
1736 3645 1948 3699 lumina
1975 3645 2186 3715 prima]
2225 3644 2406 3714 Epist.
2439 3644 2512 3714 11,
2547 3648 2602 3715 2,

1448 3716 1535 3769 98.
1594 3744 1659 3755 —
1702 3715 1892 3785 okum]
1939 3717 2225 3785 lucernae,
2270 3734 2414 3785 quae
2457 3734 2602 3786 opu·

1450 3792 1535 3843 est
1595 3786 1672 3841 ad
1723 3787 2104 3843 Maecenatem
2167 3787 2474 3843 festinanti.
2533 3814 2602 3829 —

1447 3859 1606 3926 feret]
1655 3858 1750 3913 Sic
1795 3862 1950 3913 recte
1993 3858 2166 3913 etiam
2209 3857 2602 3914 Doederliniue

1449 3934 1509 3985 et
1554 3930 1821 3999 Paulyue;
1875 3948 2006 3985 nam
2051 3930 2323 4000 scriptum
2371 3935 2495 3984 erat
2539 3930 2600 3985 in

1448 4002 1710 4056 omnibus
1783 4002 1944 4057 codd.
2019 4002 2252 4073 Cruquii
2265 4042 2281 4069 ‚
2355 4002 2601 4072 exceptis

1446 4073 1634 4128 tribue
1663 4070 1916 4142 (Martie.
1959 4074 2172 4129 Bush'd.
2207 4072 2377 4157 Div.).
2415 4072 2602 4141 Quare

1448 4162 1564 4199 non
1587 4151 1742 4200 recte
1765 4144 2089 4201 adfirmavit
2111 4144 2430 4211 Teuffehue,
2455 4145 2599 4215 opti·

1448 4234 1569 4271 moe
1615 4220 1674 4271 et
1729 4216 2001 4286 plurimos
2058 4218 2236 4271 libros
2281 4217 2602 4287 praebuisse

1448 4287 1688 4343 alteram
1738 4288 2036 4343 lectionem
2076 4288 2206 4355 fert,
2251 4305 2420 4357 quam
2455 4305 2601 4343 com·

1446 4359 1736 4414 mendavit
1842 4359 2156 4427 Bentleiue,
2271 4364 2603 4428 receperunt

1446 4430 1658 4500 Haupt.
1671 4470 1688 4497 ,
1737 4430 1980 4485 Meinek.
1993 4470 2010 4499 ‚
2067 4430 2315 4499 Linker.‚
2373 4430 2599 4497 Ritter„

1450 4501 1726 4569 Mueller„
1761 4501 1974 4569 Lebra„
2011 4501 2264 4571 Holder.,
2295 4501 2600 4573 Ecltatein„

1450 4572 1713 4642 Fritach„
1771 4572 2044 4643 Kriiger.;
2105 4574 2362 4629 Kellerus
2409 4578 2602 4629 tamen
