3092 5059
853 217 1014 283 LIB.
1057 217 1141 283 11.
1188 214 1438 283 OARM.
1481 216 1715 283 xvm.
1760 216 1945 283 XIX.

2484 224 2601 288 157

522 436 574 478 ss
612 404 1000 484 Callidum
1049 404 1512 482 Promethea

703 531 1026 605 Revexit
1075 556 1262 606 auro
1320 542 1608 627 captus.

1713 530 1866 605 Hic
1925 534 2341 632 superbum

606 654 1014 731 Tantalum
1066 666 1298 754 atque
1351 655 1659 731 Tantali

707 783 969 861 Genus
1024 793 1346 875 coe‘rcet,
1397 780 1524 857 hic
1569 780 1829 857 levare
1880 783 2230 859 functum

609 909 1039 1007 Pauperem
1090 906 1488 983 laboribus

537 1063 592 1103 ⁴0
707 1032 1043 1109 Vocatus
1096 1044 1329 1133 atque
1380 1057 1537 1106 non
1591 1044 1903 1151 vocatus
1955 1033 2190 1109 audit.

1078 1329 1460 1417 GARMEN
1520 1330 1743 1414 XIX.

603 1496 988 1573 Bacchum
1039 1498 1120 1573 in
1175 1496 1487 1574 remotis
1541 1494 1878 1572 carmina
1926 1495 2246 1593 rupibus

603 1621 792 1698 Vidi
844 1622 1271 1717 docentem,
1327 1620 1617 1697 credite
1668 1620 1976 1720 posteri,

704 1747 1258 1845 Nymphasque
1311 1746 1687 1821 discentes
1743 1756 1819 1820 et
1868 1770 2092 1820 aures

799 1870 1325 1971 Capripedum
1379 1868 1833 1967 Satyrorum
1884 1882 2165 1947 acutas.

537 2052 566 2093 s
605 2020 872 2097 Euhoe
921 2021 1217 2131 recenti
1265 2045 1481 2097 mens
1531 2018 1868 2119 trepidat
1918 2033 2151 2117 metu,

203 2210 298 2280 lus]
331 2212 402 2269 cf.
442 2213 636 2269 Carm.
671 2212 716 2275 Ι,
753 2213 806 2280 4,
846 2215 930 2267 13.
977 2211 1158 2282 Epist.
1195 2210 1266 2276 11,
1304 2212 1356 2279 2,

209 2283 318 2337 178.
373 2314 439 2325 —
500 2285 720 2339 satelles
781 2282 927 2353 Oret]
986 2284 1223 2338 Charon.
1285 2310 1358 2321 —

203 2352 286 2407 hic
343 2355 542 2425 Orcus,
591 2373 707 2410 non
743 2354 976 2409 Charon.
1035 2384 1102 2395 -
1157 2352 1352 2421 levare]

203 2422 226 2475 I
345 2428 550 2483 'tivum
614 2427 890 2497 coniunge
949 2444 1074 2481 cum
1131 2431 1357 2481 vocatus

205 2512 300 2565 pro
335 2506 400 2554 ut
438 2500 598 2556 levet.
635 2497 753 2553 Alii
791 2516 918 2553 cum
937 2502 1158 2553 Acrone
1195 2496 1357 2551 audit

205 2566 388 2639 levare,
449 2571 612 2641 quod
667 2571 760 2623 vix
809 2570 1047 2624 latinum
1105 2575 1206 2623 est.
1277 2568 1356 2622 Et

207 2640 1354 2782 3⁰.21·;·¹.’5²¹z..1‘}322¹„t.33225a13213·p.t

208 2787 284 2835 est
331 2785 594 2853 quidem3
654 2784 754 2839 sed
798 2801 926 2839 cum
980 2801 1129 2838 mors
1178 2783 1353 2837 omni-

207 2853 302 2909 bus
346 2858 540 2911 veniat
588 2858 680 2910 vel
726 2862 925 2911 vocata
969 2855 1060 2911 vel
1101 2873 1214 2909 non
1259 2866 1370 2909 vo·‘

209 2930 344 3010 cata)
389 2945 479 2983 vv.
520 2933 690 2997 atque
728 2944 844 2983 non
884 2932 1108 2983 vocat-us
1155 2922 1352 2996 ἀπρος-

208 2997 436 3065 δοκητως
474 2999 690 3055 addere
726 3016 891 3053 ausus
929 3005 1015 3055 est
1047 3003 1232 3067 poeta.

515 3113 850 3168 Carmen
885 3112 1034 3167 XIX.

273 3206 358 3261 Ex
381 3207 877 3293 dithyramborum
948 3226 1112 3265 enere
1137 3213 1221 3263 est
1245 3208 1352 3263 hoc

212 3294 438 3349 carmen,
477 3280 670 3335 simile
709 3280 889 3334 Carm.
941 3280 1012 3349 11,
1033 3283 1118 3335 25.
1157 3280 1354 3351 Fingit

211 3354 386 3405 autem
429 3358 623 3423 poeta,
678 3370 804 3407 cum
857 3351 1007 3407 forte
1051 3354 1111 3406 in
1146 3352 1352 3407 abditis

212 3421 354 3475 silvis
411 3424 664 3479 carmina
707 3423 984 3478 meditans
1031 3429 1352 3495 vagaretur,

215 3491 267 3545 in
286 3491 569 3550 Bacchum
593 3512 650 3549 se
674 3495 903 3564 eiusque
932 3495 1160 3550 turbam
1184 3495 1352 3565 Nym-

213 3563 439 3631 pharum
458 3572 519 3622 et
538 3566 870 3635 Satyrorum
893 3567 1170 3621 incidisse.
1208 3566 1352 3621 Tum

215 3640 266 3688 et
297 3636 498 3692 horror
537 3642 600 3693 et
637 3638 855 3692 laetitia
899 3638 1068 3693 simul
1103 3638 1353 3693 animum

215 3715 484 3783 occupant
488 3730 501 3778 3
539 3710 715 3765 sentit
739 3710 905 3764 homo
925 3710 1212 3782 ingentem
1237 3712 1354 3765 vim

214 3780 466 3850 numinis,
499 3798 612 3850 quo
636 3787 832 3850 pectus
859 3781 1046 3837 subito
1073 3783 1351 3851 impletur.

217 3846 410 3907 Divino
465 3852 660 3907 furore
707 3853 954 3923 percitus
1002 3871 1115 3907 non
1167 3858 1354 3923 potest

217 3918 389 3977 facere
426 3926 566 3993 quin
594 3942 779 3979 sacros
813 3941 1002 3978 sensus
1028 3925 1202 3979 animi
1225 3942 1352 3994 pro·

219 3989 425 4063 fundat,
462 3996 602 4065 quin
640 3996 749 4065 dei,
787 3996 944 4050 cuius
971 3997 1200 4051 numine
1236 3997 1351 4065 ple-

219 4078 313 4115 nus
349 4068 447 4134 est,
485 4067 676 4122 laudes
713 4068 828 4122 alta
853 4085 988 4123 voce
1014 4073 1192 4123 canat.
1231 4068 1350 4135 Quo

217 4132 397 4191 furore
441 4138 636 4194 divino
683 4140 896 4194 factum
943 4144 1046 4203 est,
1083 4144 1149 4194 ut
1184 4157 1352 4208 quam

221 4207 1354 4339 ffigagffiffimubaeffiffimpiffiffi

1029 4302 1048 4337 1
1123 4301 1190 4338 oe

223 4348 382 4403 miam
437 4370 550 4407 non
602 4354 946 4423 reperiamus
1004 4355 1194 4422 aliam,
1246 4355 1353 4409 nisi

225 4420 363 4486 quod
398 4440 432 4477 a
465 4423 679 4480 minore
715 4427 986 4481 miraculo
1025 4426 1098 4481 ad
1141 4426 1358 4481 maiora

225 4493 476 4571 ascendat
527 4497 810 4567 totiusque
869 4514 1061 4553 rerum
1120 4502 1356 4553 naturae

225 4566 482 4620 victorem
529 4583 592 4623 ac
627 4568 918 4624 dominum
954 4568 1232 4625 Bacchum
1270 4587 1356 4625 ce·

1458 2209 1659 2278 lebret,
1704 2214 1933 2279 terram,
1984 2210 2253 2277 homines,
2301 2226 2474 2278 mare,
2522 2210 2605 2280 gi-

1457 2286 1673 2351 gantes,
1710 2282 2021 2337 inferorum
2056 2287 2309 2337 monstra
2345 2281 2477 2335 hnic
2507 2283 2605 2335 uni

1457 2370 1658 2421 parere
1694 2353 1911 2409 clamet.
1945 2384 2017 2393 —
2042 2353 2162 2421 Quo
2193 2357 2447 2421 tempore
2472 2353 2603 2407 scri·

1457 2429 1621 2493 ptum
1658 2424 1733 2479 sit
1766 2442 1991 2479 carmen
2027 2426 2171 2479 nihil
2196 2429 2283 2479 est
2314 2425 2462 2479 unde
2486 2423 2604 2479 effi-

1459 2496 1669 2565 ciatur3
1712 2500 1873 2551 acute
1908 2502 2098 2551 tamen
2139 2514 2316 2565 nuper
2364 2496 2603 2565 suspica-

1457 2572 1550 2622 tus
1586 2572 1674 2623 est
1712 2568 2025 2635 Goebclius,
2073 2568 2371 2622 Horatium
2416 2584 2604 2621 recen-

1456 2643 1574 2693 tem
1600 2658 1633 2693 a
1659 2644 1909 2708 spectata
1932 2641 2021 2694 vel
2057 2641 2267 2695 relecta
2294 2638 2605 2709 Euripides

1457 2710 1647 2765 fabula
1702 2710 1903 2765 Bacch.
1951 2712 2099 2765 hunc
2153 2711 2423 2779 hymnum
2473 2711 2603 2765 scri-

1455 2782 1632 2851 psisse
1667 2782 1727 2835 in
1764 2800 1957 2851 eoque,
1995 2800 2132 2851 quos
2170 2784 2319 2837 inter
2354 2788 2605 2851 spectan-

1458 2853 1593 2908 dum
1635 2853 1725 2908 vel
1767 2854 2067 2923 legendum
2109 2854 2451 2923 concepisset
2486 2871 2604 2909 sen·

1457 2942 1567 2993 sus,
1606 2926 1960 2993 expressisse3
2002 2932 2119 2979 tam
2157 2926 2335 2981 multa
2373 2926 2435 2979 in
2470 2926 2523 2979 b.
2562 2944 2605 2981 c.

1455 2996 1833 3067 reperiuntur,
1872 3014 2015 3066 quae
2050 2997 2303 3067 proxime
2341 2997 2414 3051 ad
2442 2996 2605 3051 Euri-

1455 3067 1605 3136 pidis
1629 3072 1687 3123 et
1709 3068 1883 3122 verba
1909 3073 1967 3124 et
1990 3069 2293 3123 sententias
2324 3068 2605 3123 accedant.

1535 3138 1601 3193 V.
1624 3139 1669 3193 1.
1708 3138 2007 3209 Bacchum]
2047 3140 2102 3193 Is
2138 3140 2273 3194 deus
2298 3145 2496 3194 auctor
2521 3145 2609 3194 est

1455 3211 1637 3281 poesis
1694 3210 1887 3265 furore
1940 3211 2137 3281 plenae
2194 3210 2397 3280 (Epist.
2439 3210 2513 3279 11,
2549 3213 2602 3279 2,

1457 3284 1524 3336 77
1564 3282 1694 3352 sq.);
1733 3299 1907 3350 quare
1942 3283 2205 3351 mysticos
2240 3282 2473 3350 hymnos
2509 3281 2605 3335 do-

1455 3372 1581 3409 cere
1617 3354 1827 3409 dicitur
1878 3356 2125 3409 comites.
2179 3384 2241 3393 —
2291 3354 2355 3407 in
2388 3355 2608 3408 remotis

1453 3424 1706 3496 rupibus]
1743 3424 1889 3479 Nam
1925 3425 2075 3497 fugit
2118 3426 2285 3480 urbes
2320 3430 2377 3479 et
2412 3425 2605 3496 vulga-

1455 3497 1605 3551 rium
1640 3496 1929 3551 hominum
1970 3501 2185 3566 coetus3
2234 3496 2364 3551 inde
2405 3514 2605 3567 graece

1456 3562 1631 3636 ὄρειος
1691 3570 2028 3638 appellatur.
2086 3600 2151 3607 —
2210 3568 2503 3638 Nymphae
2557 3574 2608 3623 et

1455 3639 1667 3711 θαῦμ’-ι’]
1706 3642 1935 3695 comites
1971 3640 2194 3709 Bacchi,
2245 3641 2397 3709 iique
2434 3641 2604 3709 aptis·

1457 3712 1601 3765 simi.
1654 3711 1722 3765 cf.
1776 3712 1945 3781 Soph.
1993 3712 2189 3782 Antig.
2240 3713 2377 3766 1128
2416 3730 2497 3781 sq.
2536 3741 2602 3752 —

1457 3783 1677 3852 acutas]
1728 3782 1921 3852 Satyri
1974 3784 2209 3853 pedibus
2263 3788 2385 3837 erat
2429 3785 2609 3853 capri·

1455 3856 1542 3909 nis
1576 3859 1634 3908 et
1658 3855 1887 3909 auribus
1922 3856 2127 3924 acutis3
2166 3855 2406 3910 attentio
2433 3856 2605 3909 animi

1457 3931 1514 3981 et
1550 3927 1885 3981 auscultatio
1912 3928 2057 3981 inest
2092 3928 2153 3980 in
2190 3927 2413 3980 aurium
2448 3944 2607 3995 prae-

1457 3998 1623 4067 cipua
1672 3998 2215 4053 commemoratione.
2268 4028 2333 4047 -.-
2384 3997 2601 4066 Euhoe]

1455 4066 1586 4137 εὐοῖ,
1641 4070 2035 4124 bacchantium
2092 4068 2441 4136 exclamatiO,
2497 4085 2607 4136 qua

1454 4141 1587 4195 ilico
1638 4158 1672 4195 a
1718 4141 1820 4195 deo
1878 4146 2199 4211 correptum
2252 4158 2310 4195 se
2365 4140 2604 4207 indicat3

1455 4212 1659 4267 deinde
1704 4218 1857 4267 metu
1894 4213 1931 4265 i.
1972 4230 2021 4267 e.
2056 4212 2291 4267 horrore
2338 4212 2607 4280 impletur

1455 4288 1691 4410 propter
1734 4284 2063 4353 terribilem,
2108 4283 2328 4338 laetitia
2370 4287 2605 4353 propter

1495 4356 1758 4425 enignam
1818 4356 2063 4409 numinis
2112 4355 2482 4410 maiestatem.
2537 4384 2605 4395 -—

1454 4426 1675 4496 recenti]
1732 4427 1906 4481 etiam
1958 4432 2111 4490 tunc,
2162 4443 2289 4480 cum
2334 4444 2402 4482 ex
2449 4426 2605 4481 silvis

1457 4496 1633 4552 redux
1673 4514 1815 4567 quae
1852 4498 2061 4553 viderit
2096 4502 2307 4554 narrat.
2369 4497 2603 4553 Immor-

1456 4569 1657 4625 talium
1680 4570 1998 4638 praesentia
2028 4568 2360 4624 mortalibus
2386 4588 2605 4640 semper
