3092 5059
1151 264 1310 331 LIB.
1357 266 1408 331 Ι.
1456 262 1646 331 SAT.
1690 262 1779 330 H.

2547 266 2670 331 353

285 482 338 523 εις
371 450 737 529 Maltinus
789 454 1066 529 tunicis
1120 453 1468 529 demissis
1521 452 1898 548 ambulat3
1954 465 2067 529 est
2112 454 2245 553 qui

364 574 662 673 Inguen
718 578 817 652 ad
873 580 1290 654 obscenum
1344 578 1741 654 subductis
1794 601 2039 676 usque
2090 577 2424 653 facetus:

365 699 722 777 Pastillos
780 703 1098 780 Rufillus
1153 704 1330 795 olet,
1386 706 1825 801 Gargonius
1874 702 2194 779 hircum.

365 824 494 901 Nil
545 827 884 904 medium
943 841 1079 904 est.
1153 828 1348 904 Sunt
1401 830 1535 929 qui
1588 829 1836 904 nolint
1886 830 2230 925 tetigisse
2274 828 2421 903 nisi
2472 828 2669 923 illas,

369 950 714 1045 Quarum
769 954 1083 1028 subsuta
1135 954 1329 1028 talos
1382 966 1595 1051 tegat
1644 954 1905 1029 instita
1950 966 2193 1049 veste;

281 1104 335 1145 so
375 1076 668 1155 Contra
719 1076 914 1153 alius
967 1077 1256 1155 nullam
1319 1080 1466 1154 nisi
1520 1078 1775 1157 olente
1840 1080 1921 1154 in
1972 1077 2273 1154 fornice
2318 1090 2667 1153 stantem.

368 1200 704 1293 Quidam
761 1216 988 1276 notus
1039 1203 1274 1277 homo
1329 1228 1504 1278 cum
1558 1203 1805 1305 eriret
1855 1203 2156 1278 fornice
2208 1202 2510 1297 „Macte

371 1326 676 1402 Virtute
729 1325 948 1404 esto“
1001 1328 1248 1426 inquit
1295 1330 1669 1405 sententia
1721 1329 1852 1404 dia
1902 1327 2259 1424 Catonis3

369 1452 613 1547 „Nam
667 1452 895 1527 simul
940 1476 1032 1527 ac
1083 1478 1315 1527 venas
1366 1453 1665 1529 inflavit
1706 1466 1949 1531 taetra
2000 1452 2267 1547 libido,

365 1574 546 1651 Huc
595 1576 905 1651 iuvenes
964 1600 1297 1677 aequum
1355 1592 1472 1654 est
1508 1578 1995 1676 descendere,
2048 1602 2206 1652 non
2256 1575 2540 1652 alienas

280 1729 336 1771 as
371 1699 814 1777 Permolere
861 1697 1214 1776 uxores.“

373 1824 552 1919 „Sic
601 1823 804 1922 me,“

1319 1699 1627 1794 „Nolim
1680 1696 2143 1794 laudarier,“
2197 1697 2465 1795 inquit,

855 1826 1176 1901 mirator
1230 1826 1457 1901 cunni
1513 1824 1985 1924 Cupiennius
2038 1824 2220 1899 albi.

369 1948 672 2028 Audire
723 1945 838 2027 est
890 1976 1172 2049 operae
1223 1952 1580 2048 pretium,
1633 1948 2058 2049 procedere
2106 1961 2313 2026 recte

375 2075 529 2168 Qui
569 2075 913 2152 moechis
964 2102 1120 2151 non
1173 2075 1425 2167 vultis,
1475 2087 1567 2150 ut
1609 2075 1819 2151 omni
1867 2088 2091 2173 parte
2140 2076 2518 2172 laborent,

336 2321 402 2379 V.
440 2325 528 2378 25.
571 2322 867 2394 Maltinus]
911 2325 1003 2380 Ab
1041 2325 1274 2393 antiquo
1318 2341 1416 2379 vo·

264 2396 464 2450 cabulo
487 2396 662 2450 malta
682 2396 721 2449 i.
747 2414 798 2451 e.
839 2397 1014 2451 mollis
1050 2396 1417 2466 repetendum

263 2483 482 2521 nomen.
523 2466 865 2536 Scholiastis,
903 2468 1000 2537 qui
1050 2468 1152 2523 sub
1189 2467 1415 2522 Maltini

263 2538 490 2593 nomine
512 2534 895 2595 Maecenatem
919 2541 1096 2595 latere
1121 2540 1418 2609 putabant,

265 2610 601 2665 credendum
640 2627 754 2664 non
801 2628 918 2667 esse
957 2610 1276 2682 Madvigius
1321 2612 1418 2666 do·

267 2682 404 2736 cuit.
467 2711 534 2721 —
599 2683 806 2737 tunicis
859 2683 1130 2753 demissis]
1195 2683 1422 2749 solutis,

267 2752 420 2822 quod
457 2752 684 2808 delicati
709 2752 951 2809 hominis
985 2760 1108 2809 erat
1133 2758 1192 2809 et
1214 2754 1419 2809 mollis.

267 2824 340 2879 cf.
377 2844 430 2879 v.
468 2827 556 2880 99.
601 2826 728 2880 Non
763 2826 1028 2882 videntur
1065 2843 1184 2880 esse
1221 2826 1420 2881 demis-

265 2896 437 2952 siciae
471 2896 562 2951 vel
599 2898 824 2952 talares.
865 2898 976 2953 Cic.
1003 2898 1064 2951 in
1091 2898 1208 2952 Cat.
1235 2897 1306 2965 11,
1337 2900 1419 2952 10.

269 2996 338 3007 -
393 2968 660 3037 ambulat]
715 2968 842 3023 vide
899 2970 973 3023 ad
1029 2968 1209 3038 Epod.
1259 2970 1319 3038 4,
1367 2970 1415 3023 5.

269 3038 456 3095 Senec.
495 3038 626 3094 Nat.
664 3038 765 3107 Qu.
793 3040 915 3103 VII,
941 3042 1033 3095 31:
1079 3040 1327 3110 „Tenero
1365 3044 1424 3095 et

265 3109 426 3165 molli
460 3110 675 3166 incessu
722 3113 1108 3182 suspendimus
1164 3112 1421 3182 gradum,

267 3198 382 3237 non
437 3183 804 3248 ambulamus,
859 3184 955 3239 sed
1002 3183 1302 3253 repimus.“
1353 3212 1420 3223 —-

266 3253 567 3324 subductis]
587 3254 819 3323 Quintil.
831 3254 990 3315 X1.3.
1008 3258 1137 3310 138:
1161 3255 1298 3323 „Cui
1319 3254 1422 3309 lati

269 3326 418 3381 clavi
440 3326 527 3381 ius
555 3343 670 3380 non
696 3328 806 3381 erit
829 3327 914 3381 ita
939 3328 1218 3399 cingatur,
1247 3332 1308 3381 ut
1333 3330 1422 3380 tu·

265 3397 428 3451 nicae
451 3398 736 3467 prioribus
763 3399 876 3452 oris
901 3399 1053 3453 infra
1075 3415 1262 3483 genua
1324 3416 1420 3452 au-

267 3470 402 3531 lum,
422 3469 830 3537 posterioribus
857 3470 928 3524 ad
947 3470 1158 3525 medios
1179 3487 1292 3541 pop
1317 3470 1422 3524 ites

269 3557 448 3608 usque
481 3542 828 3609 perveniant.
861 3540 1006 3596 Nam
1043 3540 1194 3595 infra
1227 3541 1422 3596 mulie-

265 3628 396 3665 rum
434 3616 536 3676 est,
565 3630 734 3683 supra
759 3612 1204 3668 centurionum.“
1242 3612 1422 3667 Varro

269 3683 340 3738 de
377 3684 480 3737 vit.
517 3700 646 3753 pop.
684 3683 845 3739 Rom.
883 3702 972 3754 ap.
1009 3684 1152 3739 Non.
1190 3684 1260 3739 de
1295 3701 1421 3755 gen.

268 3760 434 3809 vesta
491 3754 832 3825 „Postquam
874 3756 1034 3811 binas
1071 3756 1289 3811 tunicas
1325 3755 1422 3811 ha·

267 3826 404 3881 bere
450 3833 769 3897 coeperunt,
821 3828 1188 3883 instituerunt
1223 3844 1422 3881 vocare

268 3898 596 3953 subuculam
661 3899 954 3971 (virorum)
1015 3904 1074 3954 et
1136 3898 1422 3973 indusium

270 3969 672 4040 (mulierum).“
727 4002 790 4012 -
845 3971 1079 4040 facetus]
1134 3972 1186 4025 el
1330 3973 1422 4025 ter

268 4043 330 4096 se
363 4042 632 4097 vestitum
673 4058 790 4097 esse
869 4047 1050 4097 utans.
1110 4042 1202 4096 Sic
1285 4042 1422 4096 laut.

269 4112 438 4167 Most.
467 4113 513 4182 Ι,
544 4114 592 4181 1,
631 4115 726 4168 41:
769 4155 795 4184 ,‚
853 4131 928 4168 on
965 4131 1154 4168 omnes
1190 4117 1424 4183 possunt

269 4184 424 4239 olere
459 4189 748 4256 unguenta
797 4186 1033 4251 exotica,
1089 4186 1138 4239 si
1183 4192 1246 4239 tu
1289 4185 1422 4254 oles,

267 4272 450 4324 neque
502 4261 620 4312 tam
666 4258 878 4327 facetis,
934 4274 1104 4327 quam
1151 4260 1216 4311 tu
1259 4257 1422 4325 vivis,

266 4328 565 4383 victibus.“
605 4358 672 4368 —-
712 4327 1001 4399 Pastillos]
1040 4328 1110 4383 cf.
1150 4327 1274 4383 Sen-
1314 4328 1420 4398 Ep.

268 4400 364 4453 86:
441 4398 870 4470 „Descripturus
919 4400 1186 4455 infamem
1235 4404 1293 4454 et
1337 4400 1419 4454 ni-

267 4471 398 4525 miis
421 4472 730 4527 notabilem
761 4472 976 4527 deliciis
994 4471 1263 4527 Horatius
1285 4472 1422 4541 quid

269 4542 392 4597 ait?
455 4542 714 4597 Pastillos
751 4543 990 4599 Rufillus
1037 4542 1170 4599 olet.
1244 4542 1421 4598 Dares

268 4630 422 4669 nunc
455 4613 744 4684 Rufillum,
795 4614 1027 4685 perinde
1070 4621 1216 4669 esset
1260 4631 1328 4669 ac
1374 4614 1421 4668 si

371 4736 599 4777 Horatius
631 4736 706 4778 ed.
734 4734 1070 4787 nmenburger
1095 4736 1168 4778 ed.
1196 4734 1292 4777 vn.

1513 2322 1733 2381 hircum
1782 2324 1961 2381 oleret
2004 2329 2061 2379 et
2106 2325 2377 2397 Gargonii
2427 2326 2549 2381 loco
2586 2343 2668 2380 es·

1513 2401 1600 2451 set
1614 2437 1628 2466 ,
1698 2413 1863 2465 quem
1928 2397 2077 2451 idem
2133 2398 2404 2453 Horatius
2460 2396 2667 2453 Rufino

1513 2468 1827 2537 opposuit.“
1882 2466 2129 2523 Martial.
2168 2470 2213 2537 1,
2251 2472 2344 2523 87:
2384 2469 2504 2539 „Ne
2540 2487 2667 2541 gra-

1512 2540 1599 2594 vis
1622 2540 1884 2595 hesterno
1908 2539 2144 2613 fragres,
2170 2542 2493 2611 Fescennia‚
2514 2542 2666 2608 vino,

1515 2610 1785 2666 Pastillos
1807 2611 1989 2666 Cosmi
2016 2613 2302 2668 luxuriosa
2335 2612 2555 2667 voras.“
2591 2612 2667 2667 Hi

1513 2682 1766 2739 homines
1822 2684 1955 2737 satis
2015 2685 2137 2738 noti
2194 2685 2425 2739 fuerunt
2486 2700 2669 2754 neque

1512 2754 1778 2809 minimae
1814 2754 1871 2808 di
1953 2755 2129 2823 itatis,
2154 2762 2219 2810 ut
2258 2774 2451 2811 eorum
2479 2755 2667 2810 irrisio

1512 2832 1717 2896 poetae
1756 2826 1876 2881 invi
1914 2828 2026 2880 iam
2068 2828 2415 2883 conflaverit.
2454 2827 2524 2882 of.
2552 2827 2663 2882 Sat.

1513 2897 1560 2967 Ι,
1596 2898 1649 2965 4,
1685 2899 1748 2950 91
1778 2914 1859 2967 sq.
1900 2928 1965 2937 —
2006 2898 2237 2969 hircum]
2285 2899 2510 2955 foedum
2556 2900 2667 2954 ala-

1514 2986 1640 3022 rum
1678 2968 1925 3024 odorem.
1962 2970 2142 3040 Epist.
2172 2970 2217 3038 Ι,
2253 2972 2303 3033 5,
2340 2973 2425 3025 29.
2466 2970 2668 3025 Catull.

1515 3042 1602 3105 69,
1639 3044 1697 3095 5:
1741 3041 1953 3110 „laedit
1988 3048 2044 3096 te
2091 3041 2365 3110 quaedam
2401 3044 2551 3097 mala
2589 3041 2670 3096 fa-

1513 3113 1666 3181 bula,
1704 3130 1816 3182 qua
1850 3113 1958 3167 tibi
1996 3112 2178 3167 fertur
2214 3112 2378 3168 Valle
2416 3114 2519 3168 sub
2557 3114 2669 3168 ala·

1515 3202 1641 3238 rum
1677 3188 1809 3238 trux
1846 3184 2103 3240 habitare
2138 3184 2359 3255 caper.“
2397 3186 2473 3241 id.
2492 3187 2582 3253 ⁷1,
2611 3186 2670 3239 1:

1515 3254 1611 3323 „Si
1668 3256 1802 3324 quoi
1856 3256 1979 3310 iure
2036 3256 2183 3311 bono
2239 3273 2394 3311 sacer
2452 3258 2671 3311 alarum

1516 3328 1741 3381 obstitit
1776 3326 2019 3381 hircus.“
2061 3358 2126 3367 —
2165 3327 2386 3398 instita]
2435 3327 2673 3383 fasciola

1513 3398 1801 3453 fimbriata
1838 3399 1897 3452 in
1935 3399 2049 3453 ima
2084 3400 2229 3453 stola
2262 3405 2669 3454 matronarum.

1515 3500 1583 3511 —
1628 3468 1839 3537 fornice
1882 3471 2138 3540 stantem]
2185 3470 2513 3526 Extremam
2562 3472 2673 3540 syl·

1514 3542 1706 3596 labam
1742 3542 1802 3595 in
1838 3541 2117 3611 positione
2145 3558 2259 3597 non
2293 3542 2469 3597 debili
2498 3543 2669 3597 corri-

1515 3616 1642 3682 puit
1678 3612 1945 3667 Horatius
1996 3614 2054 3668 in
2104 3614 2292 3667 satiris
2342 3620 2473 3670 ante
2520 3630 2578 3669 sc
2616 3618 2673 3669 et

1514 3690 1594 3753 εἰς
1631 3684 1701 3739 cf.
1729 3702 1781 3739 v.
1812 3687 1899 3737 71.
1934 3686 1984 3750 3,
2011 3686 2097 3739 44.
2137 3688 2186 3751 5,
2217 3688 2303 3739 35.
2350 3688 2433 3754 10,
2469 3688 2558 3739 72.
2592 3686 2668 3753 ΙΙ,

1515 3758 1567 3821 2,
1588 3758 1672 3810 36.
1698 3758 1748 3823 3,
1768 3758 1855 3811 43.
1875 3756 2000 3811 296.
2020 3786 2087 3796 —
2107 3756 2411 3828 laudarier]
2440 3758 2569 3811 vide
2600 3756 2673 3811 ad

1517 3828 1699 3882 Carm.
1719 3826 1811 3894 IV,
1838 3830 1920 3896 11,
1941 3829 1990 3881 8.
2029 3827 2098 3882 cf.
2116 3827 2271 3882 infra
2291 3830 2375 3883 78.
2405 3831 2522 3883 104.
2557 3827 2671 3882 Sat.

1516 3899 1590 3961 11,
1611 3900 1664 3969 8,
1699 3900 1785 3953 67.
1822 3898 2002 3968 Epist.
2036 3900 2108 3969 11,
2138 3902 2183 3969 1,
2218 3902 2305 3954 94.
2358 3898 2429 3957 11.
2466 3900 2516 3965 2,
2552 3901 2671 3954 148.

1517 4000 1585 4011 -
1622 3970 1983 4040 Cupiennius]
2032 3970 2091 4027 C.
2142 3970 2481 4040 Cupiennius
2526 3970 2670 4025 Libo

1518 4042 1797 4096 Cumanus
1837 4044 1929 4096 Au
2008 4043 2083 4096 sti
2133 4042 2521 4097 familiaritate
2559 4043 2668 4097 cla·

1515 4130 1628 4168 rus.
1689 4143 1755 4153 -
1812 4060 2297 4183 azbiszespexit
2343 4114 2415 4169 ad
2471 4114 2673 4167 stolam

1517 4184 1833 4251 candidam,
1872 4200 1983 4254 qua
2027 4186 2414 4241 vestiebantur
2462 4189 2672 4239 matro-

1515 4263 1646 4325 na'e3
1698 4275 1829 4312 nam
1874 4258 2194 4357 mer‘etrices
2251 4256 2533 4311 habebant
2588 4255 2672 4310 ni-

1515 4332 2039 4483 ffissdffj’ffi'ss'aq.
2089 4329 2346 4454 3223.
2371 4328 2671 4454 ⁰333&ss

1516 4471 1795 4525 verslbus:
1854 4470 2069 4525 Audire
2128 4476 2214 4525 est
2268 4488 2473 4541 operae
2547 4488 2671 4541 pre-

1517 4542 1678 4611 tium,
1716 4542 2017 4611 procedere
2063 4547 2213 4597 recte
2251 4542 2359 4609 Qui
2402 4560 2523 4597 rem
2560 4543 2669 4598 Ro-

1517 4630 1741 4669 manam
1764 4612 2099 4682 Latiumque
2124 4632 2421 4685 augescere
2442 4615 2670 4671 vultis.“

2206 4713 2277 4767 23
