3092 5059
405 238 530 302 fflffi

1443 232 1797 301 EPODON

807 424 1098 502 Contra
1137 423 1474 501 latrones
1517 435 1749 521 atque
1802 422 2152 499 servilem
2206 450 2519 499 manum

724 582 777 621 oo
1008 549 1206 644 Hoc,
1262 548 1412 624 hoc
1461 547 1771 624 tribuno
1828 547 2215 625 militum?

1327 865 1707 951 GARMEN
1773 866 1864 953 V.

808 1033 914 1109 At
967 1059 1010 1109 o
1066 1032 1390 1109 deorum
1444 1030 1813 1131 quicquid
1856 1031 1935 1105 in
1990 1028 2205 1114 caelo
2254 1029 2455 1127 regit

1004 1158 1280 1234 Terras
1333 1169 1410 1233 et
1463 1156 1880 1233 humanum
1930 1179 2196 1255 genus,

410 1372 617 1441 ραι-εν
648 1402 717 1412 -
745 1389 847 1430 ora
887 1375 1111 1429 navium
1139 1376 1408 1443 rostrata]
1444 1372 1560 1429 Ora

409 1444 630 1499 navium
667 1449 796 1499 sunt
841 1462 1060 1515 prorae,
1106 1446 1440 1516 metaphora
1475 1462 1557 1500 sa-

412 1516 486 1569 tis
517 1521 667 1585 apta,
708 1516 858 1584 quod
887 1534 1089 1587 prorae
1111 1522 1400 1587 „paratam
1419 1534 1557 1571 sem·

409 1604 512 1657 per
549 1588 809 1656 appulsui
847 1587 1124 1643 frontem“
1157 1592 1332 1659 agunt
1357 1588 1558 1657 (Tacit.

411 1658 594 1712 Germ.
625 1659 736 1727 44).
773 1658 1078 1721 Bentleius,
1117 1676 1244 1717 cum
1279 1660 1429 1730 apud
1463 1677 1557 1714 ne-

409 1730 615 1785 minem
640 1734 936 1799 poetarum
972 1746 1030 1786 os
1057 1732 1218 1787 navis
1242 1733 1559 1801 reperisset.

409 1801 804 1873 corrigendum
856 1820 972 1857 esse
1022 1804 1370 1859 existimavit
1409 1819 1559 1870 aera,

409 1877 475 1927 ut
497 1890 632 1928 aera
657 1879 907 1929 rostrata
944 1874 1091 1929 idem
1122 1880 1265 1929 esset
1291 1892 1353 1930 ac
1375 1880 1561 1929 rostra

409 1950 630 2014 Μαίας
656 1943 916 1999 Sanadon
945 1946 1054 2001 hoc
1080 1946 1262 2015 ipsum
1285 1952 1467 2001 rostra
1491 1975 1559 1987 —

411 2015 624 2071 Acrato
668 2016 941 2087 malebat3
987 2016 1406 2089 Peerlkampius
1453 2018 1559 2073 ele-

407 2088 636 2213 ffintius
661 2093 812 2143 certe
852 2093 972 2158 „tot
1003 2106 1128 2144 aere
1147 2090 1370 2143 navium
1397 2090 1560 2160 gravi

497 2164 676 2214 strata
713 2159 842 2215 duci
881 2160 1180 2229 pondera.“
1254 2163 1335 2215 At
1369 2166 1560 2231 poeta-

409 2248 533 2286 rum
581 2232 763 2285 oratio
810 2248 924 2285 non
970 2236 1056 2286 est
1101 2232 1404 2287 coercenda
1439 2234 1560 2287 vul-

407 2302 534 2433 feri
570 2302 792 2357 dicendi
836 2304 1059 2358 ratione
1103 2309 1202 2358 aut
1237 2310 1558 2360 nostrorum

433 2390 718 2429 exicorum
753 2374 916 2445 copia
953 2380 1010 2430 et
1043 2374 1277 2445 legibus-

792 2486 1083 2543 Carmen
1119 2488 1185 2542 V.

481 2584 834 2640 Describitur
869 2584 931 2638 in
965 2584 1074 2640 hoc
1109 2587 1372 2655 carmine,
1411 2587 1563 2656 quod

407 2659 595 2711 totum
639 2655 1013 2711 dramaticum
1062 2662 1166 2726 est,
1220 2658 1561 2727 philtrorum

409 2727 758 2798 magicorum
781 2728 1053 2783 terribilis
1073 2734 1394 2799 apparatus.
1438 2728 1561 2797 Quo

412 2798 643 2854 consilio
691 2800 750 2853 in
787 2800 997 2854 medias
1035 2817 1126 2855 res
1171 2804 1340 2870 poeta
1375 2802 1560 2872 legen-

411 2876 496 2925 tes
533 2869 686 2925 ducit
725 2875 1061 2940 raptumque
1105 2890 1360 2942 puerum,
1404 2874 1561 2927 cuius

411 2942 690 2996 inoestinis
735 2960 904 3013 sagae
949 2944 1034 2997 uti
1088 2944 1302 3009 volunt,
1354 2946 1561 2999 miran-

410 3019 526 3067 tem
573 3020 631 3069 et
675 3018 1018 3084 querentem,
1071 3016 1220 3084 quod
1272 3016 1458 3071 subita
1503 3017 1562 3071 vi

410 3085 758 3141 vestimentis
791 3086 1084 3155 privatum
1119 3104 1178 3141 se
1225 3087 1431 3158 videat,
1478 3088 1562 3141 in-

411 3157 585 3212 ducit.
667 3158 788 3212 Iam
843 3158 1125 3213 indicatur
1187 3174 1296 3227 quo
1357 3164 1563 3213 ornatu

410 3228 672 3284 mulieres
712 3229 850 3297 quid
887 3235 1087 3299 egant3
1140 3228 1375 3285 Canidia
1409 3231 1563 3301 vipe-

411 3301 489 3355 ris
551 3301 610 3355 in
667 3301 929 3370 capillum
991 3301 1216 3355 insertis
1279 3304 1563 3372 componit

413 3372 661 3443 singulas
721 3378 912 3441 partes
971 3372 1202 3441 philtri;
1271 3372 1563 3443 caprificos

413 3449 471 3499 et
517 3460 808 3513 cupressus
857 3444 1140 3513 funebres,
1191 3462 1300 3499 ova
1348 3450 1405 3499 et
1441 3446 1562 3515 plu·

411 3532 530 3569 mas
567 3516 762 3586 strigis
800 3532 970 3570 ranae
1020 3516 1289 3586 sang-uine
1337 3516 1563 3585 infecta,

409 3586 612 3641 herbas
647 3588 894 3657 magicas
931 3604 1001 3641 ex
1037 3586 1324 3643 Thessalia
1369 3594 1428 3643 et
1463 3588 1563 3643 Hi·

410 3658 600 3713 berica
636 3658 918 3725 collectas,
960 3675 1085 3713 ossa
1129 3660 1397 3715 esurienti
1435 3661 1564 3715 cani

411 3734 606 3798 erepta
643 3730 872 3798 eiusque
907 3731 1062 3784 sanie
1093 3747 1403 3800 conspersa,
1441 3732 1562 3801 qui-

411 3800 516 3855 bus
562 3801 818 3855 omnibus
872 3806 1069 3871 postea
1123 3802 1380 3858 addenda
1433 3808 1565 3857 sunt

411 3872 656 3926 medulla
693 3878 750 3926 et
786 3872 941 3927 iecur
1011 3873 1132 3927 ueri
1166 3873 1314 3929 fame
1349 3875 1561 3942 necati3

413 3944 612 4011 altera,
663 3942 901 4014 Sagana,
993 3961 1182 4000 omum
1239 3947 1565 4017 conspergit

411 4031 558 4083 aqua
594 4016 808 4069 Averni
847 4017 998 4071 lacus
1037 4016 1128 4082 (cf.
1170 4016 1280 4071 Cic.
1319 4017 1478 4072 Tusc.
1515 4018 1561 4087 1,

417 4088 534 4155 16);
593 4088 780 4155 tertia,
826 4087 981 4153 Veia,
1037 4088 1289 4143 scrobem
1349 4088 1563 4157 effodit,

413 4158 470 4211 in
517 4174 682 4226 quem
724 4158 991 4213 iniciatur
1036 4159 1208 4213 miser
1251 4160 1348 4214 ille
1391 4177 1561 4230 puer3

413 4233 632 4298 quarta,
687 4229 864 4298 Folia,
931 4230 1270 4285 carminibus
1325 4232 1562 4287 devocat

412 4299 599 4355 sidera
645 4304 704 4355 et
745 4301 952 4355 lunam.
1025 4300 1180 4355 Inter
1231 4318 1368 4371 quas
1401 4320 1562 4373 prae-

413 4371 580 4440 cipua
637 4376 724 4425 est
783 4372 1033 4440 Canidia,
1091 4377 1325 4443 propter
1394 4392 1563 4445 quam

413 4443 600 4497 omnia
623 4448 924 4512 parantia-3
951 4460 1018 4498 ea
1045 4445 1194 4499 enim
1212 4444 1424 4502 Varum
1450 4447 1562 4502 iam

415 4530 618 4580 senem,
670 4531 705 4568 a
751 4532 860 4583 quo
904 4516 1043 4570 olim
1079 4521 1266 4571 amata
1309 4522 1432 4573 tum
1477 4536 1563 4573 re-

1660 1376 1861 1428 tentat.

1660 1445 1809 1499 mine
1866 1462 1901 1499 a
1956 1443 2185 1499 Canidia
2240 1444 2317 1510 (v.
2352 1442 2461 1511 49),
2522 1458 2556 1496 a
2615 1441 2809 1497 multis

1658 1517 1803 1571 male
1842 1516 2129 1571 intellecta
2166 1520 2327 1584 sunt3
2364 1514 2485 1584 ipsa
2510 1514 2657 1568 enim
2683 1530 2809 1568 cum

1660 1587 1766 1642 hoc
1818 1588 1937 1659 agit
1982 1604 2168 1641 senem
2218 1585 2377 1639 illum
2422 1602 2603 1654 neque
2656 1584 2811 1639 videt

1660 1677 1841 1729 neque
1896 1659 2073 1727 audit,
2130 1672 2261 1713 nam
2316 1674 2695 1726 quaecumque
2749 1655 2810 1710 id

1661 1730 1909 1785 indicare
1935 1730 2201 1785 videntur
2232 1729 2303 1784 ad
2341 1728 2591 1782 furorem
2626 1732 2687 1783 et
2722 1745 2808 1782 ar-

1660 1804 1885 1857 dentem
1936 1802 2301 1871 cupiditatem
2363 1799 2615 1854 mulieris
2668 1798 2807 1854 refe·

1660 1874 1835 1929 reuda
1896 1879 2041 1927 sunt.
2118 1872 2375 1941 „Adeste,
2440 1870 2645 1941 inquit,
2711 1887 2807 1925 no-

1663 1950 1862 2001 cturna
1896 1945 2143 2003 numina.
2180 1943 2323 1997 mihi
2361 1943 2592 2011 auxilio,
2614 1942 2808 1997 adver-

1662 2017 1823 2072 sariis
1860 2017 1998 2071 meis
2034 2016 2269 2083 terrori3
2311 2014 2521 2069 Varum
2548 2014 2698 2069 enim
2722 2030 2808 2069 oo-

1661 2106 1807 2161 gam,
1845 2092 1911 2142 ut
1955 2088 2179 2143 ardenti
2225 2104 2414 2141 amore
2457 2086 2529 2140 ad
2566 2103 2657 2140 me
2694 2085 2809 2157 agi·

1662 2166 1812 2215 tatus
1866 2164 2142 2215 nocturno
2192 2163 2446 2227 tempore
2494 2163 2663 2212 uncto
2722 2174 2807 2212 ca·

1936 1371 2089 1440 Quae
2125 1372 2387 1426 dicuntur
2433 1371 2494 1425 in
2538 1370 2646 1425 hoc
2690 1387 2807 1425 car·

1648 2233 1800 2301 pillo
1838 2234 1897 2285 et
1933 2229 2173 2286 delicato
2224 2234 2425 2285 ornatu
2464 2228 2692 2284 domum
2724 2245 2808 2283 re-

1659 2304 1881 2374 linquat
1897 2343 1912 2372 ,
1979 2319 2142 2358 canes
2202 2320 2272 2356 ex
2330 2316 2525 2356 somno
2583 2300 2807 2369 excitet,

1662 2376 1873 2431 vicinos
1910 2392 1979 2429 ex
2016 2374 2183 2429 domo
2218 2372 2409 2428 eliciat
2438 2372 2508 2428 ab
2528 2372 2809 2427 omnibus·

1663 2464 1772 2517 qne
1832 2446 2175 2502 derideatur.
2266 2444 2357 2498 Sic
2416 2460 2505 2498 me
2574 2444 2811 2499 ulciscar

1663 2521 1735 2589 (v.
1784 2518 1928 2590 60).“
2023 2516 2131 2585 Qui
2190 2516 2562 2586 insequuntur
2618 2532 2810 2570 versus

1664 2608 1856 2646 causas
1920 2589 2242 2655 ostendunt,
2319 2586 2522 2657 quibus
2580 2584 2812 2642 Canidia

1662 2663 1748 2717 ira
1786 2678 1853 2718 ac
1896 2661 2087 2716 furore
2123 2661 2367 2715 excitata
2402 2662 2469 2713 ut
2504 2658 2809 2714 certissimo

1664 2740 1721 2789 et
1758 2740 2007 2789 extremo
2042 2732 2181 2787 artis
2207 2748 2339 2786 suae
2375 2747 2579 2801 genere
2615 2734 2810 2784 utetur

1662 2810 1917 2875 permota
1960 2822 2078 2859 esse
2132 2803 2357 2858 dicitur.
2429 2802 2570 2857 Nam
2623 2799 2809 2871 „quid,

1663 2877 1899 2942 clamat,
1958 2875 2170 2931 factum
2231 2875 2355 2929 est?
2444 2872 2553 2927 Cur
2614 2872 2811 2926 solitae

1664 2952 1813 3003 artes
1860 2948 2002 3003 nihil
2048 2946 2425 3001 adiuverunt?
2494 2944 2690 2999 Nullas
2728 2948 2809 2998 ta·

1663 3037 1791 3074 men
1852 3036 2032 3088 neque
2090 3018 2289 3073 herbas
2350 3032 2531 3086 neque
2596 3014 2811 3070 radices

1664 3086 2812 3231 {2231‘332321{⁹3330233321123mqssz

1662 3234 1902 3288 aliarum
1927 3249 2173 3289 amorem
2203 3248 2423 3286 omnem
2458 3248 2527 3285 ex
2553 3230 2670 3284 eius
2695 3230 2811 3285 ani·

1662 3322 1753 3359 mo
1790 3305 1978 3360 delere
2022 3304 2351 3358 debebant.“
2426 3301 2639 3369 Quibus
2690 3318 2810 3356 ver-

1662 3376 1749 3430 bis
1809 3394 1935 3431 cum
2000 3376 2307 3430 acerbitate
2370 3377 2428 3428 et
2484 3374 2572 3427 ira
2624 3372 2813 3427 ridens

1664 3447 1804 3503 haec
1838 3448 2019 3503 addit:
2062 3449 2172 3517 „At
2207 3464 2341 3499 vero
2377 3444 2491 3500 alia
2526 3448 2585 3498 et
2618 3448 2812 3513 poten—

1662 3520 1778 3574 tior
1814 3537 1949 3590 saga
1977 3536 2067 3574 me
2103 3534 2391 3587 superesse
2423 3516 2679 3583 videtur3
2718 3515 2814 3570 sed

1663 3592 1913 3645 nondum
1958 3590 2176 3646 ostendi
2220 3589 2356 3657 quid
2404 3604 2507 3658 ego
2544 3587 2811 3642 valeam.“

1663 3663 1783 3717 Iam
1832 3680 1958 3718 cum
2010 3662 2071 3715 in
2116 3678 2181 3715 eo
2230 3662 2322 3727 sit,
2368 3664 2435 3713 ut
2469 3675 2707 3729 puerum
2754 3658 2815 3713 in

1666 3733 1871 3788 fossam
1930 3734 2127 3789 iniciat
2186 3736 2451 3801 terraque
2508 3746 2683 3799 usque
2740 3730 2813 3785 ad

1664 3822 1725 3860 os
1784 3809 1961 3875 tegat,
2022 3805 2192 3859 miser
2244 3804 2340 3857 ille
2392 3803 2453 3856 in
2506 3802 2814 3856 dirissimas

1664 3876 2070 3932 exsecrationes
2118 3875 2378 3944 erumpit.
2452 3873 2665 3941 Quibus
2702 3872 2812 3927 Ho-

1664 3949 1843 4003 ratius
1888 3950 2169 4017 sapienter
2216 3946 2479 4001 carminis
2516 3944 2685 3999 {inem
2736 3944 2813 3999 fe·

1664 4021 1774 4089 cit3
1822 4020 1983 4089 pueri
2020 4020 2167 4074 enim
2204 4034 2395 4072 necem
2430 4020 2599 4087 poeta
2636 4032 2815 4085 neque

1664 4091 1852 4161 potuit
1876 4091 2190 4145 describere
2220 4106 2401 4158 neque
2426 4088 2641 4148 debuit,
2670 4104 2814 4155 cum,

1664 4163 1725 4217 id
1746 4162 1896 4231 quod
1930 4163 2120 4224 vellet,
2154 4162 2423 4216 nimirum
2448 4165 2513 4213 ut
2537 4160 2814 4213 insaniem

1666 4234 1991 4289 immanium
2075 4234 2373 4289 mulierum
2455 4230 2813 4285 vehementer

1664 4310 1935 4389 carperet,
1980 4305 2115 4359 setis
2156 4304 2442 4360 effecisset.
2516 4302 2680 4386 Sunt·
2696 4318 2813 4357 car·

1664 4374 2812 4517 ῗοῖἶῖιίῗῃέἕῗᾶοξῑῖἑᾞὶῑἒιῘωΡῃξΞαῗιῗ-

1668 4536 1765 4573 rae
1808 4520 1923 4573 sint
1970 4520 2214 4589 querela,
2268 4536 2320 4571 v.
2362 4516 2561 4583 1—103
2618 4516 2673 4583 2)
2718 4531 2813 4585 ap·

420 4584 554 4638 licta
588 4590 690 4653 est,
731 4586 952 4657 magica
985 4587 1046 4640 vi
1083 4586 1154 4641 ad
1199 4604 1257 4642 se
1302 4589 1569 4645 reducere
1670 4594 1900 4661 paratus
1943 4590 2189 4645 omnium
2234 4604 2423 4643 rerum
2476 4604 2619 4657 quae
2666 4586 2817 4657 sagis
