3092 5059
1584 214 1662 279 16

422 398 555 475 tur,
615 416 806 479 quem
871 415 990 461 sua
1049 395 1430 463 vaticinatio
1497 396 2003 463 immortalitatis
2061 417 2188 463 non
2248 396 2480 463 fefellit
2501 397 2613 481 ⁶⁷);
2676 416 2827 465 nam

425 508 591 572 inter
638 524 858 571 omnes
913 504 1220 587 quotquot
1275 505 1532 571 fuerunt
1580 507 1775 591 lyrici
1819 526 2005 573 nemo
2052 507 2175 571 fuit
2218 507 2331 589 qui
2376 506 2543 573 hunc
2584 506 2830 573 maiore

423 614 662 681 honore
693 621 757 680 et
787 614 1106 681 crebriore
1137 615 1417 679 omnium
1445 614 1724 681 lectione
1756 634 2037 697 unquam
2068 614 2489 698 superaverit.
2530 614 2830 681 Decessit

421 726 726 791 Horatius
771 723 842 790 C.
886 724 1128 791 Marcio
1173 723 1528 791 Censorino
1586 723 1654 789 C.
1698 724 1930 789 Asinio
1974 724 2165 790 Gallo
2213 723 2411 803 Coss„
2456 743 2625 790 anno
2666 744 2726 789 u.
2772 745 2825 790 c.

425 836 546 899 746
580 836 840 914 (aetatis
883 830 992 916 57)
1026 854 1086 899 a.
1116 832 1176 898 d.
1214 831 1289 898 V.
1333 833 1496 899 Kal.'
1521 833 1879 912 Decembr.,
1926 833 2144 899 subita
2184 834 2250 898 vi
2294 834 2519 899 mortis
2565 852 2829 918 oppres-

423 964 531 1010 sus
561 943 836 1027 „herede
867 944 1157 1026 Augusto
1203 944 1417 1025 palam
1451 949 1836 1027 nuncupato,
1868 962 2009 1008 cum
2038 950 2307 1025 urgente
2337 942 2403 1006 vi
2433 941 2825 1009 valetudinis

424 1074 552 1120 non
603 1052 925 1119 sufficeret
978 1051 1064 1119 ad
1117 1049 1559 1135 obsignandas
1618 1051 1985 1117 testamenti
2038 1050 2308 1116 tabulas.
2394 1050 2709 1117 Humatus
2764 1057 2831 1115 et

399 1162 720 1229 'conditus
778 1167 876 1227 est
941 1161 1243 1227 extremis
1303 1160 1617 1242 Esquiliis
1670 1161 1851 1225 iuxta
1906 1160 2297 1227 Maecenatis
2350 1158 2701 1225 tumulum“
2727 1160 2831 1235 ⁶⁸).

423 1272 548 1337 Hic
591 1277 804 1337 autem
849 1268 1074 1337 eodem
1121 1289 1288 1335 anno
1333 1288 1703 1355 supremum
1749 1268 1922 1335 diem
1966 1276 2161 1335 antea
2188 1270 2457 1353 obierat,
2490 1264 2829 1353 postquam

426 1382 650 1463 quanti
703 1380 883 1445 illum
937 1378 1270 1445 habuisset
1332 1380 1532 1445 etiam
1600 1386 1982 1444 testamento
2050 1377 2368 1463 prodidit3
2437 1380 2503 1445 in
2558 1398 2684 1463 quo
2743 1378 2833 1443 ad

423 1492 784 1573 Augustum
831 1488 993 1553 haec
1049 1490 1421 1571 scripserat:
1477 1486 1779 1569 „Horatii
1818 1486 2049 1555 Flacci
2100 1494 2171 1553 ut
2212 1490 2333 1552 mei
2372 1494 2497 1553 esto
2540 1486 2831 1553 mernor.“

426 1599 605 1677 Quos
648 1599 786 1663 vita
829 1598 1265 1675 coniunxerat,
1313 1617 1395 1662 ne
1425 1616 1598 1661 mors
1644 1596 1908 1679 quidem
1937 1616 2271 1663 secernere
2306 1598 2543 1677 voluit;
2588 1597 2707 1662 hoc
2738 1596 2834 1661 ita

425 1709 562 1773 fore
629 1708 759 1773 iam
825 1706 1066 1772 dudum
1132 1714 1368 1790 poetae
1425 1705 1677 1771 animus
1730 1714 2208 1790 praesenserat,
2276 1706 2551 1786 dixerat,
2619 1724 2832 1773 sacra-

427 1825 640 1883 mento
687 1816 1052 1882 firmaverat
1071 1818 1170 1896 ⁵⁹).
1258 1814 1450 1893 Quali
1511 1814 1569 1881 is
1626 1834 1893 1900 corpore
1944 1816 2272 1899 animique
2326 1823 2833 1900 temperamento

427 1927 639 2005 fuerit,
685 1927 825 2009 ipse
869 1924 1082 1993 tradit.
1177 1926 1327 1991 Fuit
1369 1925 1538 1991 enim
1577 1933 1825 1991 statura
1868 1925 2083 1991 brevis
2106 1925 2205 2009 ⁶⁰),
2251 1926 2457 2009 nigris
2502 1926 2705 1991 oculis
2730 1926 2834 2007 ⁶¹),

423 2037 632 2121 nigris
684 2035 1080 2119 capillisffl),
1148 2035 1266 2101 sed
1319 2034 1661 2119 praecanis
1688 2035 1793 2116 ⁶⁸);
1857 2035 2126 2101 iuvenili
2182 2042 2396 2101 aetate
2457 2055 2600 2101 cum
2661 2036 2835 2101 bona

424 2146 798 2212 valetudine
865 2164 1018 2211 usus
1071 2164 1214 2211 esse
1266 2143 1564 2210 videatur
1588 2144 1699 2223 ⁶⁴),
1755 2144 1883 2211 nisi
1938 2143 2113 2227 quod
2178 2144 2495 2211 interdum
2550 2146 2831 2212 fortasse

424 2255 624 2339 lippis
680 2253 882 2319 oculis
936 2253 1260 2319 laboraret
1283 2256 1379 2330 ⁶⁵),
1439 2253 1539 2319 vir
1593 2254 1803 2319 factus
1864 2253 2062 2320 multo
2116 2253 2242 2319 fuit
2296 2254 2606 2321 infirmior
2629 2256 2709 2335 ⁶⁶)
2764 2262 2837 2319 et

425 2363 704 2447 pinguis,
756 2368 828 2429 ut
873 2362 1233 2429 ventriculo
1287 2363 1484 2427 etiam
1539 2368 1937 2447 premeretur
1961 2362 2073 2445 87);
2120 2368 2396 2429 ceterum
2446 2361 2831 2427 adulescens

427 2472 676 2538 calidus
721 2480 785 2537 et
827 2478 1054 2555 postea
1095 2491 1348 2554 quoque
1392 2472 1479 2538 ad
1526 2472 1930 2538 irascendum
1977 2473 2165 2555 celer,
2212 2471 2329 2539 sed
2374 2478 2443 2537 ut
2481 2479 2654 2538 esset
2690 2469 2833 2552 pla-

426 2581 657 2647 cabilis
681 2582 791 2661 ⁶⁸);
838 2580 906 2645 in
949 2582 1232 2664 corporis
1278 2580 1453 2647 cultu
1494 2581 1689 2664 paulo
1734 2580 2174 2663 neglegentior
2199 2584 2297 2657 ⁶⁹).

623 2691 722 2755 De
765 2689 1176 2774 temporibus,
1235 2691 1468 2772 quibus
1517 2690 1771 2757 Horatii
1830 2708 2027 2774 opera
2078 2690 2256 2755 edita
2310 2708 2455 2755 esse
2507 2689 2835 2773 videntur,

426 2800 669 2863 multae
713 2820 754 2865 a
800 2800 1017 2865 multis
1061 2799 1220 2865 viris
1266 2799 1472 2867 doctis
1526 2800 1862 2865 institutae
1906 2810 2055 2865 sunt
2112 2800 2543 2882 quaestiones,
2594 2808 2658 2865 et
2700 2799 2836 2865 sin-

425 2907 714 2991 gularem
755 2908 991 2974 librum
1035 2908 1360 2975 Frankius
1418 2909 1805 2992 conscripsit
1849 2909 2134 2975 Berolini
2201 2910 2383 2993 1839,
2442 2910 2546 2974 cui
2597 2908 2830 2974 titulus

426 3016 616 3082 Fasti
657 3016 1029 3098 Horatiani3
1093 3016 1204 3100 qui
1264 3038 1407 3083 cum
1462 3020 1720 3083 omnino
1779 3025 2075 3084 accurate
2128 3024 2192 3083 et
2242 3017 2591 3101 diligenter
2633 3036 2827 3099 quae·

428 3126 630 3209 sierit,
675 3126 826 3193 inde
870 3134 1320 3212 „conspectum
1378 3138 1754 3210 temporum,
1800 3128 2033 3210 quibus
2070 3128 2379 3193 Horatius
2423 3146 2623 3211 opera
2664 3126 2825 3191 scri-

429 3236 562 3322 psit
605 3244 672 3303 et
713 3234 977 3319 edidit“,
1025 3237 1112 3321 (p.
1151 3238 1232 3301 80
1277 3240 1398 3319 sq.)
1444 3236 1936 3303 transscribam:

516 3346 568 3410 1.
625 3345 992 3411 Sermonum
1033 3345 1192 3411 liber
1234 3344 1282 3409 I
1317 3345 1400 3411 ab
1445 3365 1613 3411 anno
1657 3367 1718 3411 u.
1766 3364 1818 3410 c.
1866 3347 1987 3410 713
2040 3366 2242 3429 usque
2297 3346 2382 3411 ad
2427 3366 2663 3413 annum
2710 3346 2837 3409 720

627 3456 1018 3540 compositus
1063 3454 1342 3537 (41—-34
1371 3475 1427 3520 a.
1478 3454 1711 3521 Christ.
1757 3477 1846 3535 n.;
1893 3456 2127 3521 aetatis
2170 3475 2315 3520 ann.
2361 3457 2641 3530 24—31)
2687 3474 2834 3537 pro-

629 3564 748 3629 diit
790 3564 1192 3630 monobiblos
1235 3585 1292 3630 a.
1341 3564 1462 3628 719
1505 3566 1613 3644 (35
1660 3584 1715 3628 a.
1760 3562 1939 3639 Chr.;
1987 3572 2177 3630 aetat.
2224 3586 2283 3629 a.
2324 3566 2451 3641 30).

511 3674 570 3737 2.
629 3672 996 3739 Sermonum
1049 3673 1205 3739 liber
1255 3672 1349 3739 II
1389 3674 1559 3738 intra
1607 3692 1811 3739 annos
1860 3693 1919 3738 u.
1966 3696 2017 3740 c.
2066 3674 2186 3737 719
2243 3680 2307 3739 et
2367 3674 2491 3737 724
2535 3672 2835 3753 (35—30

500 3981 590 4048 57)
629 3979 806 4034 Carm.
845 3980 918 4041 11,
955 3982 1040 4047 20,
1081 3982 1167 4037 17.
1204 3982 1306 4049 111,
1345 3985 1432 4053 30,
1477 3984 1529 4036 7.
1755 3982 1848 4051 65)
1886 3980 1999 4037 Sat.
2038 3981 2081 4049 1,
2120 3985 2169 4048 5,
2209 3983 2293 4035 30.
2348 3988 2353 3991 '

501 4054 592 4119 58)
629 4051 762 4105 Vita
799 4052 1024 4107 Sueton.
1063 4056 1147 4108 20.
1755 4054 1849 4121 66)
1887 4054 2067 4122 Epist.
2106 4054 2147 4115 Ι,
2186 4056 2239 4120 7,
2274 4056 2307 4105 3
2350 4070 2467 4121 sqq.
2508 4054 2578 4107 25
2615 4070 2734 4123 sqq.

503 4124 596 4193 59)
635 4123 812 4177 Carm.
853 4124 922 4191 ΙΙ,
965 4126 1046 4192 17,
1084 4128 1278 4180 8-16.
1753 4125 1845 4195 67)
1882 4125 2065 4194 Epist.
2096 4126 2137 4189 I,
2162 4128 2214 4191 4,
2248 4128 2329 4178 15.
2368 4124 2521 4179 Idem
2558 4124 2834 4193 probatur

501 4194 595 4264 60)
629 4194 810 4263 Epist.
848 4194 893 4262 1,
931 4198 1016 4265 20,
1056 4200 1142 4251 24.
1682 4196 1954 4265 epistulae
1980 4196 2223 4267 Augusti
2260 4195 2593 4265 fragmentO,
2624 4195 2685 4249 in
2721 4212 2834 4265 quo

503 4268 593 4333 61)
632 4269 698 4320 A.
739 4266 800 4319 P.
843 4268 925 4321 37.
1681 4268 1817 4323 haec
1876 4274 2032 4323 sunt:
2095 4268 2174 4337 „si
2229 4267 2333 4321 tibi
2387 4274 2605 4323 statura
2660 4268 2837 4335 deest,

503 4340 596 4407 62)
632 4338 814 4407 Epist.
851 4338 894 4405 Ι,
934 4342 984 4407 7,
1023 4340 1109 4393 26.
1682 4341 2068 4409 corpusculum
2108 4358 2219 4393 non
2256 4338 2461 4394 deest.“

502 4412 594 4479 63)
632 4408 813 4479 Epist.
861 4409 906 4479 1,
955 4412 1040 4479 20,
1087 4412 1174 4463 24.
1251 4410 1432 4465 Carm.
1479 4410 1581 4480 111,
1754 4412 1847 4480 68)
1888 4411 2067 4466 Carm.
2104 4412 2148 4479 1,
2191 4412 2270 4475 16,
2310 4412 2376 4463 22
2414 4428 2534 4481 sqq.
2603 4411 2704 4479 111,
2748 4414 2835 4479 14,

435 4482 520 4548 14,
557 4482 644 4535 25.
1680 4482 1767 4535 27.
1841 4482 2021 4551 Epist.
2058 4484 2103 4551 Ι,
2140 4482 2229 4551 20,
2267 4482 2354 4534 25.

505 4552 598 4625 64)
633 4552 814 4623 Epist.
852 4552 898 4622 1,
937 4556 987 4614 7,
1025 4554 1111 4607 26.
1753 4555 1846 4622 69)
1883 4554 2065 4623 Epist.
2100 4553 2143 4623 1,
2188 4558 2233 4621 1,
2271 4554 2360 4605 94.
