3092 5059
533 192 658 256 220

1503 184 1964 254 CARMINUM

1029 377 1364 454 Mollivit
1414 402 1726 455 aversos
1772 376 2094 451 Penates

847 537 900 576 ιο
1134 503 1373 580 Farre
1417 504 1546 604 pio
1600 515 1678 580 et
1728 501 2046 577 saliente
2097 501 2320 576 mica.

1656 723 1857 736 -ῇ-

1372 871 1751 959 OARMEN
1812 871 2101 956 XXIV.

834 1054 1148 1131 Intactis
1197 1053 1641 1150 opulentior

1025 1178 1435 1255 Thesauris
1490 1173 1841 1252 Arabum
1894 1189 1970 1253 et
2024 1175 2280 1252 divitis
2330 1176 2602 1251 Indiae

838 1303 1270 1382 Caementis
1321 1303 1498 1378 licet
1552 1328 1876 1400 occupes

1035 1428 1524 1528 Tyrrhenum
1576 1452 1803 1503 omne
1854 1427 1999 1502 tuis
2053 1440 2131 1503 et
2180 1452 2391 1503 mare
2443 1427 2897 1525 Apulicum,

534 1701 641 1738 nus
678 1684 726 1738 si
764 1683 955 1754 tetigit
990 1700 1165 1752 aram,
1190 1684 1436 1739 mollivit
1458 1699 1682 1738 aversos

536 1756 773 1811 Penates
818 1754 970 1810 farre
1005 1756 1100 1824 pio
1148 1760 1207 1809 et
1250 1756 1482 1810 saliente
1518 1756 1683 1823 mica,

535 1846 648 1882 non
683 1826 946 1882 blandior
971 1826 1208 1895 (futura)
1233 1832 1559 1896 sumptuosa
1583 1827 1680 1880 ho·

535 1899 646 1954 stia
683 1898 952 1969 (ablat.).“
992 1898 1137 1953 Nam
1166 1904 1482 1967 sumptuosa
1506 1900 1681 1952 nomi-

533 1972 760 2026 nativus
797 1988 914 2025 esse
959 1987 1068 2024 non
1114 1975 1316 2040 potest,
1363 1971 1496 2039 quia
1532 1970 1683 2040 apud

533 2042 832 2097 Horatium
869 2041 1205 2111 ubicumque
1242 2042 1455 2110 syllaba
1487 2059 1589 2112 per
1626 2060 1683 2097 se

534 2115 721 2170 brevis
746 2114 807 2167 in
833 2131 1060 2168 caesura
1083 2113 1433 2184 producitur,
1470 2114 1531 2167 in
1557 2132 1682 2169 con-

535 2189 846 2254 sonantem,
881 2203 993 2240 non
1021 2186 1080 2239 in
1113 2186 1360 2240 vocalem
1398 2186 1532 2241 exit.
1569 2186 1686 2241 Nec

533 2258 868 2327 producitur
903 2257 1119 2325 syllaba
1144 2273 1211 2311 sa
1231 2258 1510 2327 positione
1532 2258 1683 2313 litte·

533 2347 726 2384 rarum
760 2329 813 2382 bl
851 2329 1001 2398 apud
1037 2328 1363 2397 Horatinm3
1401 2328 1473 2384 cf.
1500 2330 1682 2384 Carm.

535 2401 637 2469 111,
660 2403 712 2467 4,
732 2401 819 2453 49.
858 2402 925 2454 Α.
950 2400 1009 2455 P.
1035 2402 1156 2454 395.
1195 2401 1376 2456 Car-m.
1395 2401 1495 2470 111,
1521 2403 1572 2466 6,
1600 2404 1680 2456 19.

536 2472 636 2539 111,
677 2476 726 2534 1,
771 2473 851 2525 19.
889 2471 989 2539 ΠΙ,
1031 2475 1115 2539 11,
1153 2474 1201 2526 9.
1279 2472 1377 2527 cfr.
1419 2473 1600 2527 Carm.
1637 2472 1683 2543 1,

535 2546 587 2611 3,
626 2545 712 2597 36.
755 2544 800 2610 1,
841 2545 923 2608 15,
965 2545 1050 2597 36.
1089 2544 1190 2612 ΙΠ,
1229 2545 1278 2611 5,
1324 2545 1403 2598 17.
1469 2545 1680 2599 Eadem

534 2615 757 2669 ratione
791 2614 964 2669 verba
988 2616 1280 2686 coniungit
1307 2616 1514 2671 Keller.
1547 2617 1682 2685 Epi-

534 2687 642 2757 leg.
690 2704 744 2755 p.
784 2686 906 2740 258.
982 2685 1271 2742 Schiitzius
1319 2687 1683 2743 difficultates

536 2758 784 2812 amoveri
809 2775 970 2827 posse
990 2760 1233 2829 putavit,
1269 2759 1316 2813 si
1343 2760 1683 2815 scriberetur

533 2830 616 2884 vel
661 2835 983 2898 sumptuosa
1027 2847 1130 2899 pro
1168 2847 1281 2885 non
1327 2837 1545 2901 sumpt„
1585 2838 1683 2887 aut

533 2917 602 2955 ne
635 2906 835 2971 sumpt.
872 2901 963 2954 Ad
1000 2903 1335 2957 sententiam
1373 2903 1443 2957 cf.
1482 2902 1679 2972 Eurip.

534 2971 684 3057 apud
743 2972 1008 3028 Orionem
1065 2972 1400 3029 Schneidew.
1465 2992 1518 3043 p.
1583 2978 1678 3029 55:

537 3034 653 3113 „Ed
716 3043 834 3096 ἴσθ’
895 3039 974 3098 ὅτ’
1028 3062 1100 3099 αν
1142 3064 1221 3104 τις
1268 3042 1512 3130 εὐσεβῶν
1560 3042 1683 3100 θύει

533 3122 702 3184 θεοῖς,
740 3109 864 3171 Kar
897 3113 1067 3185 μικρὰ
1110 3113 1233 3190 θύῃ,
1281 3112 1535 3187 τυγχάνει
1578 3135 1681 3173 σω·

531 3187 764 3257 τηρίαςέ*
863 3187 1118 3256 Denique
1192 3188 1444 3272 perfecta
1510 3191 1682 3244 etiam

533 3259 730 3328 tetiqit,
749 3258 975 3313 mollivit
1009 3259 1112 3327 (sic
1138 3261 1286 3314 enim
1311 3261 1683 3327 scribendum,

533 3347 648 3384 non
671 3330 917 3399 mallavit,
943 3331 1094 3399 quod
1122 3337 1306 3386 ortum
1335 3338 1417 3387 est
1443 3350 1512 3388 ex
1535 3334 1681 3388 male

532 3401 818 3456 intellecto
877 3402 1021 3470 loco)
1083 3403 1233 3458 inter
1279 3421 1338 3458 se
1395 3406 1681 3475 aptissime

535 3472 887 3542 respondent.
939 3504 1009 3514 —
1061 3474 1216 3541 farre
1272 3476 1390 3545 pio]
1454 3477 1682 3532 Poetica

537 3544 956 3600 circumlocutio
1018 3548 1196 3601 molae
1257 3548 1447 3602 salsae.
1545 3548 1683 3617 „Est

534 3620 724 3670 autem
757 3616 854 3681 far
880 3618 1038 3686 pium
1075 3619 1226 3688 quod
1260 3620 1523 3701 religioso
1565 3621 1678 3674 ani-

534 3704 626 3741 mo
675 3686 930 3757 offertur,
990 3695 1047 3744 et
1101 3692 1188 3746 sal
1236 3689 1421 3758 (mica)
1478 3692 1682 3747 saliens

533 3764 619 3813 est
664 3759 874 3813 micans
914 3761 974 3814 in
1017 3762 1165 3832 igne,
1221 3779 1362 3831 quae
1412 3779 1499 3817 res
1546 3764 1681 3817 boni

532 3831 748 3884 ominis.
757 3831 782 3859 “
858 3832 1070 3887 Dissen.
1118 3833 1190 3888 ad
1242 3833 1447 3888 Tibull.
1491 3834 1591 3901 111,
1627 3837 1680 3900 4,

537 3904 605 3956 10
655 3919 710 3971 p.
757 3904 875 3957 346.
952 3903 1096 3960 Plin.
1145 3906 1211 3961 N.
1263 3906 1330 3960 Η.
1390 3906 1448 3960 in
1502 3907 1678 3975 praef.

535 3973 720 4042 „Mola
766 3975 908 4029 salsa
945 3976 1130 4046 litant,
1185 3977 1282 4047 qui
1319 3995 1432 4031 non
1468 3977 1681 4033 habent

531 4046 712 4100 tura!
765 4045 971 4101 Tibull.
1017 4048 1110 4115 IV,
1149 4052 1198 4118 1,
1236 4051 1303 4103 14
1362 4067 1681 4119 „parvaque

533 4118 796 4172 caelestes
859 4089 1110 4187 placavit,
1162 4122 1328 4188 mica,
1401 4138 1503 4176 nec
1566 4121 1679 4176 illis

531 4206 753 4259 semper
784 4190 1039 4247 inaurato
1076 4197 1271 4247 taurus
1308 4192 1459 4248 cadit
1494 4193 1680 4249 hostia

533 4262 756 4315 cornu.“

845 4358 1126 4415 Carmen
1162 4360 1361 4416 XXIV.

603 4471 838 4527 Accedit
860 4472 968 4527 hoc
1005 4489 1228 4528 carmen
1264 4472 1351 4538 iis,
1388 4473 1448 4527 in
1475 4475 1678 4543 quibus

532 4541 797 4598 Horatius
851 4544 912 4598 in
957 4549 1250 4613 corruptos
1300 4562 1432 4600 suae
1477 4548 1678 4602 aetatis

1784 1700 1968 1738 mores
2022 1699 2327 1751 eorumque
2380 1681 2681 1753 originem,
2737 1683 2939 1737 nimias

1783 1755 2135 1824 privatorum
2169 1754 2461 1808 hominum
2499 1754 2754 1819 divitias,
2796 1755 2939 1808 inve-

1784 1830 1907 1880 ctus
1933 1830 2033 1881 est.
2073 1826 2252 1895 Epod.
2283 1826 2363 1878 16.
2404 1825 2585 1879 Carm.
2613 1826 2688 1892 Π,
2721 1829 2808 1881 15.
2846 1825 2936 1891 ΠΙ,

1788 1900 1835 1951 1.
1876 1900 1927 1951 6.
2008 1898 2255 1953 Divitiae
2294 1902 2350 1951 et
2386 1897 2611 1953 luxuria
2650 1916 2782 1952 cum
2821 1915 2935 1967 per*

1782 1973 1953 2038 petuo
2000 1971 2290 2039 exagitent
2324 1969 2575 2023 homines
2620 1987 2811 2038 neque
2846 1986 2937 2021 un·

1785 2059 1953 2110 quam
1990 2041 2144 2112 ipsae
2191 2041 2261 2095 ad
2312 2041 2555 2109 aliquem
2604 2040 2782 2096 finem
2820 2058 2935 2111 perb

1785 2113 2029 2177 veniant,
2055 2112 2250 2167 beatos
2286 2112 2520 2167 reddere
2556 2129 2672 2166 non
2706 2118 2935 2182 possunt

1784 2183 1861 2254 (v.
1898 2184 1986 2267 9)-
1971 2225 1987 2254 ,
2036 2202 2211 2253 quare
2252 2185 2430 2239 multo
2477 2183 2762 2239 feliciores
2813 2188 2936 2238 sunt

1786 2256 1828 2309 ii
1864 2256 1960 2324 qui
1998 2256 2347 2325 simplicitati
2383 2260 2620 2310 naturae
2645 2257 2932 2327 propiores

1784 2344 1965 2395 neque
2002 2327 2231 2383 delicias
2257 2329 2408 2383 vitae
2432 2344 2614 2397 neque
2640 2346 2789 2397 quae
2811 2326 2933 2381 inde

1782 2399 2123 2468 proveniunt
2146 2400 2296 2454 mala
2321 2405 2707 2470 cognoverunt
2731 2402 2808 2466 (v.
2831 2400 2930 2465 24).

1782 2471 1903 2525 Iam
1940 2489 2067 2526 cum
2099 2471 2340 2525 Romani
2379 2471 2547 2525 semel
2582 2471 2656 2524 ab
2701 2472 2814 2525 ista
2849 2470 2930 2524 vin

1784 2541 2013 2597 abducti
2052 2544 2111 2595 in
2157 2560 2430 2597 summam
2479 2559 2670 2596 rerum
2708 2559 2927 2613 perver-

1783 2615 2009 2668 sitatem
2035 2613 2354 2682 ceciderint,
2375 2615 2501 2668 viro
2525 2615 2773 2669 maxime
2800 2629 2928 2683 opus

1783 2690 1885 2753 est,
1924 2686 2019 2754 qui
2057 2686 2340 2740 refrenata
2377 2686 2606 2740 licentia
2644 2687 2931 2741 restituto·

1785 2775 1891 2827 que
1938 2762 2091 2812 recto
2141 2775 2329 2811 rerum
2374 2758 2572 2811 ordine
2618 2759 2836 2827 optime
2880 2761 2930 2810 et

1783 2829 2178 2883 immortaliter
2211 2834 2498 2883 mereatur
2532 2828 2602 2883 de
2640 2831 2926 2884 universae

1783 2901 2031 2955 civitatis
2068 2901 2248 2955 salute
2294 2901 2366 2968 (v.
2402 2900 2511 2968 32).
2586 2900 2744 2956 Haec
2779 2917 2926 2970 supe·

1782 2972 1902 3026 rior
1946 2988 2079 3041 pars
2127 2973 2405 3039 carminis,
2453 2972 2833 3056 aequabiliter
2879 2975 2929 3024 et

1783 3049 1915 3113 apte
1952 3044 2149 3098 divisa.
2206 3043 2403 3099 Altera
2440 3061 2554 3097 non
2587 3045 2779 3099 minor
2815 3048 2924 3098 tota

1783 3116 2130 3169 consumitur
2185 3121 2442 3170 accurata
2497 3116 2677 3186 magis
2732 3122 2792 3171 et
2848 3132 2924 3169 co-

1782 3187 1941 3257 piosa
1988 3186 2360 3257 explicatione
2398 3191 2682 3242 extremae
2730 3187 2924 3257 prioris

1781 3259 1960 3328 partis
2005 3259 2332 3326 sententiae,
2378 3258 2586 3312 additis
2635 3259 2806 3314 simul
2849 3275 2922 3311 re·

1780 3330 1978 3384 mediis
2033 3330 2203 3385 etiam
2262 3330 2727 3400 desperatissimis
2785 3347 2924 3385 coer-

1783 3402 1988 3456 cendae
2035 3401 2288 3456 libidinis
2325 3402 2775 3471 avertendaeque
2810 3418 2921 3472 per·

1781 3473 1964 3527 nicici.
2048 3472 2274 3543 Duplici
2330 3478 2519 3528 autem
2579 3474 2697 3538 via,
2771 3470 2923 3527 simul

1782 3544 2040 3608 ineunda,
2075 3562 2140 3599 eo
2178 3562 2337 3614 posse
2372 3545 2657 3614 perveniri
2691 3546 2795 3613 ait,
2832 3544 2919 3598 mi·

1780 3615 2015 3670 nuendis
2056 3617 2409 3686 privatorum
2453 3617 2743 3671 hominum
2794 3616 2920 3671 divi-

1780 3688 1877 3742 tiis
1913 3705 1978 3741 ac
2022 3688 2252 3742 meliore
2295 3688 2355 3741 in
2402 3688 2589 3758 pueris
2627 3687 2920 3743 educandis

1782 3760 2016 3814 ratione.
2065 3759 2397 3814 Extremum
2435 3760 2678 3827 denique
2709 3775 2919 3814 carmen

1780 3848 1892 3884 non
1928 3831 2047 3886 sine
2083 3835 2204 3885 arte
2241 3849 2304 3886 eo
2340 3830 2487 3886 unde
2523 3832 2741 3886 exierat
2765 3831 2918 3885 redit.

1781 3932 1847 3942 -
1900 3902 2025 3957 Non
2075 3904 2221 3957 male
2269 3904 2534 3971 suspicati
2582 3908 2715 3957 sunt
2761 3904 2919 3957 inter·

1780 3979 1985 4043 pretes,
2006 3974 2373 4044 compositum
2396 3992 2514 4029 esse
2539 3991 2767 4029 carmen
2787 3990 2918 4029 anno

1781 4046 1898 4100 fere
1934 4047 2039 4100 725
2078 4048 2168 4101 vel
2205 4049 2338 4100 726:
2379 4064 2488 4116 quo
2526 4052 2782 4117 tempore
2816 4050 2914 4101 Au·

1779 4122 1976 4188 gustus
2024 4118 2094 4172 de
2140 4118 2498 4173 emendandis
2544 4118 2797 4173 moribus
2843 4135 2918 4173 co·

1779 4190 2005 4261 gitavit.
2079 4189 2299 4244 Primus
2342 4190 2535 4245 statim
2570 4208 2765 4245 versus
2800 4193 2915 4244 ante

1781 4280 1830 4315 a.
1851 4263 1959 4315 730
1994 4262 2266 4331 scriptum
2302 4279 2418 4316 esse
2443 4261 2611 4317 docet
2645 4265 2705 4315 et
2739 4277 2914 4316 recens

1781 4336 1867 4388 est
1892 4351 1943 4417 ιζ.
1964 4334 2035 4388 25
2059 4351 2178 4404 sqq.
2214 4334 2491 4389 bellorum
2528 4333 2782 4388 civilium
2817 4349 2913 4387 me-

1781 4421 1977 4459 moria.

1850 4476 1916 4530 V.
1956 4478 2005 4530 1.
2078 4476 2336 4546 Intactis]
2395 4495 2430 4532 a
2482 4476 2769 4532 Romanis.
2838 4475 2911 4529 De

1778 4548 1991 4603 Arabia
2027 4552 2087 4603 et
2122 4548 2282 4603 India
2317 4548 2523 4620 ignotis
2566 4565 2745 4617 prope
2780 4565 2911 4602 sum·
