3092 5059
1025 256 1182 329 LIB.
1226 258 1308 329 11.
1355 254 1607 328 GARM.
1646 254 1830 326 XIII.
2500 257 2621 323 143

723 447 1020 545 Robur3
1072 448 1210 525 sed
1261 448 1681 546 improvisa
1730 446 1863 523 leti

535 604 588 646 so
815 574 948 649 Vis
1000 574 1256 673 rapuit
1301 572 1706 672 rapietque
1758 581 2047 668 gentes.

628 719 874 814 Quam
931 748 1175 821 paene
1219 724 1492 797 furvae
1537 746 1774 818 regna
1824 718 2330 817 Proserpinae

625 847 720 921 Et
769 845 1233 923 iudicantem
1287 844 1617 921 vidimus
1670 844 2015 921 Aeacum

728 971 1119 1069 Sedesque
1169 970 1543 1046 discretas
1581 970 1889 1068 piorum
1944 982 2017 1044 et

826 1092 1120 1172 Aeoliis
1169 1094 1450 1170 fidibus
1505 1107 1951 1194 querentem

541 1276 596 1318 z
632 1243 943 1342 Sappho
993 1243 1273 1344 puellis
1329 1244 1425 1320 de
1476 1244 1983 1345 popularibus

627 1370 720 1443 Et
766 1380 846 1445 te
896 1381 1298 1445 sonantem
1351 1369 1653 1468 plenius
1708 1393 1963 1464 aure0,

730 1493 1030 1589 Alcaee,
1085 1493 1378 1593 plectro
1434 1493 1630 1571 dura
1680 1494 1920 1590 navis,

823 1621 1032 1695 Dura
1083 1620 1316 1717 fugae
1367 1620 1591 1713 mala,
1650 1619 1845 1695 dura
1894 1618 2104 1695 belli.

631 1768 1066 1868 Utrumque
1121 1794 1338 1843 sacro
1393 1768 1633 1867 digna
1682 1768 1982 1843 silentio

544 1921 598 1962 ω
635 1890 1016 1966 Mirantur
1066 1892 1384 1967 umbrae
1439 1890 1731 1987 dicere;
1786 1891 1920 1969 sed
1973 1892 2216 1990 magis

729 2015 1032 2113 Pugnas
1091 2029 1165 2092 et
1215 2027 1518 2092 exactos
1570 2029 1934 2113 tyrannos

820 2140 1158 2217 Densum
1202 2143 1482 2217 umeris
1537 2142 1735 2218 bibit
1783 2168 1971 2219 aure
2020 2141 2321 2239 vulgus.

637 2288 842 2381 Quid
895 2292 1196 2385 mirum,
1251 2291 1384 2365 ubi
1435 2290 1587 2365 illis
1642 2292 2105 2367 carminibus
2149 2304 2461 2388 stupens

207 2481 320 2519 nus
357 2463 568 2518 italum
601 2462 776 2516 robur
811 2462 1180 2533 appellaverit
1217 2467 1278 2517 et
1311 2463 1371 2517 in
1473 2463 1570 2532 IV,
1616 2466 1669 2530 9,
1723 2464 1807 2517 12.
1858 2492 1925 2503 --
1964 2463 2183 2533 puellis]
2240 2463 2391 2531 quod
2442 2462 2619 2517 amori

210 2534 548 2589 Tullianum
587 2533 738 2588 fures
773 2538 832 2589 et
869 2535 1116 2589 latrones
1149 2538 1208 2588 et
1239 2551 1369 2604 pro·
1477 2552 1577 2590 suo
1604 2535 1819 2589 nollent
1852 2535 2257 2604 obtemperare.
2287 2564 2353 2574 —
2372 2532 2616 2605 plenius]

211 2606 436 2661 ditores
472 2604 710 2673 patriae,
745 2623 858 2659 non
894 2606 1046 2675 capti
1069 2604 1254 2660 hostes
1279 2606 1371 2660 de-
1475 2606 1551 2661 ob
1601 2608 1872 2661 maiorem
1926 2623 2114 2660 rerum
2169 2604 2504 2677 dignitatem
2560 2610 2620 2659 et

207 2677 614 2731 trudebantur.
665 2676 733 2731 cf.
773 2676 898 2731 Liv.
937 2676 1246 2746 XXXVIII,
1283 2679 1370 2731 59.
1477 2678 1817 2748 gravitatem
1844 2678 2065 2745 Alcaei3
2106 2676 2177 2731 cf.
2200 2676 2379 2731 Cam.
2398 2676 2443 2744 1,
2462 2676 2549 2744 32,
2566 2677 2616 2729 5.

217 2748 460 2803 Sallust.
501 2748 621 2802 Cat.
643 2750 727 2802 55.
755 2777 820 2787 —
843 2749 1040 2818 rapuit
1075 2748 1374 2817 rapietque]
1475 2778 1542 2789 -
1575 2749 1805 2819 pla-tro]
1838 2748 1967 2803 vide
2001 2747 2074 2802 ad
2114 2748 2293 2803 Carm.
2332 2749 2403 2812 ΙΙ,
2446 2750 2494 2814 1,
2530 2748 2617 2801 40.

211 2838 347 2875 cum
385 2816 512 2873 fieri
547 2819 762 2888 aliquid
799 2820 997 2888 quovis
1023 2824 1082 2874 et
1106 2820 1369 2874 continuo
1475 2820 1559 2875 De
1618 2821 1825 2875 Alcaeo
1880 2819 2255 2888 Quintilianus
2306 2820 2375 2888 X,
2427 2822 2473 2886 1,
2520 2820 2616 2873 63':

211 2896 479 2961 tempore
525 2889 821 2945 dicendum
874 2896 977 2957 est,
1027 2892 1186 2945 verbi
1234 2899 1370 2945 tem-
1483 2892 1753 2961 „Alcaeus
1790 2892 1849 2945 in
1882 2896 2051 2961 parte
2084 2892 2269 2960 operis
2312 2906 2477 2945 aureo
2510 2890 2619 2959 pls·

213 2980 366 3031 pora
402 2962 773 3031 praeteritum
797 2964 888 3017 vel
953 2979 1176 3017 raesens
1201 2968 1260 3017 et
1283 2962 1370 3017 fu·
1471 2970 1587 3017 ctu-o
1637 2962 1837 3018 merito
1886 2962 2145 3031 donatur,
2192 2978 2303 3031 qua
2354 2966 2619 3030 tyrannos

213 3040 417 3089 turum
435 3032 866 3103 coniunguntur.
941 3034 996 3088 ic
1019 3034 1167 3103 apud
1192 3033 1369 3088 Hora·
1477 3035 1779 3089 insectatus
1844 3034 2085 3088 multum
2140 3034 2311 3087 etiam
2366 3032 2618 3088 moribus

215 3107 368 3159 tium
405 3104 590 3159 Garm.
617 3104 714 3173 IV,
739 3108 792 3169 2,
819 3104 904 3160 38.
941 3104 1121 3175 Epist.
1143 3106 1187 3171 1,
1211 3106 1263 3174 2,
1282 3108 1371 3159 43.
1476 3104 1721 3161 confert:
1773 3106 1833 3159 iu
1878 3105 2185 3174 eloquendo
2232 3120 2450 3173 quoquc
2494 3102 2619 3158 bre-

217 3176 392 3247 Verg.
429 3177 570 3230 Aen.
607 3176 700 3235 VI.
739 3178 861 3231 617.
917 3177 1037 3231 Liv.
1073 3175 1246 3245 XXV,
1283 3179 1370 3231 38.
1475 3178 1561 3231 vis
1598 3182 1655 3231 et
1691 3196 1748 3231 m
1860 3176 2017 3231 ificus
2058 3180 2117 3231 et
2148 3176 2387 3246 diligens
2424 3180 2481 3229 et
2505 3175 2620 3244 ple-

214 3246 372 3301 Plin.
417 3247 602 3316 Epist.
650 3247 718 3316 11,
780 3252 804 3301 1
847 3248 1024 3315 „vivit
1057 3248 1371 3317 vivetque“,
1478 3266 1713 3318 rumque
1804 3266 1993 3302 omero
2031 3247 2251 3301 similis:
2290 3247 2389 3301 sed
2426 3248 2486 3300 in
2528 3247 2618 3300 lu-

217 3318 372 3373 Vell.
397 3318 616 3373 Patero-
646 3318 718 3379 11.
743 3320 812 3373 66
843 3319 1018 3388 „vivit
1055 3319 1368 3389 vivetque“,
1475 3337 1567 3373 sus
1604 3324 1663 3374 et
1700 3336 1914 3374 amores
1957 3318 2264 3386 descendit,
2312 3317 2617 3372 maioribus

217 3390 350 3444 Liv.
387 3390 488 3457 IX,
529 3390 610 3443 19.
648 3389 828 3445 Lucil.
863 3390 1013 3459 apud
1053 3389 1288 3457 Quintil.
1325 3392 1370 3459 I,

219 3465 278 3529 6,
313 3464 350 3514 8
385 3461 594 3529 „fervit
643 3478 788 3531 aqua
831 3466 890 3515 et
935 3461 1140 3529 fervet3
1196 3462 1371 3516 fervit

219 3550 390 3600 nunc,
425 3532 610 3592 fervet
643 3532 716 3587 ad
751 3534 1012 3587 annum.“

299 3603 362 3658 V.
410 3606 499 3657 21.
543 3602 758 3673 floreae]
807 3610 992 3671 atrae;
1039 3605 1371 3659 vocabulum

221 3676 369 3730 illud
413 3674 708 3743 antiquum
753 3680 812 3729 et
855 3676 1108 3731 sublime.
1199 3676 1371 3745 Apud

225 3746 435 3801 inferos
485 3752 676 3801 autem
723 3747 910 3802 omnia
959 3750 1084 3801 atra
1119 3776 1188 3787 -—-
1226 3748 1369 3803 Pro-

221 3818 500 3887 serpinae]
525 3816 714 3873 Prima
735 3818 952 3885 syllaba
975 3818 1029 3873 h.
1059 3837 1112 3872 v.
1139 3819 1210 3873 ab
1246 3818 1370 3874 aliis

223 3890 574 3957 producitur.
613 3888 694 3944 cf.
735 3889 915 3944 Carm.
947 3890 991 3956 Ι,
1033 3892 1119 3958 28,
1143 3891 1228 3945 20.
1255 3890 1370 3945 Sat.

224 3959 312 4027 11,
338 3962 384 4028 5,
419 3962 533 4015 110.
569 3990 634 4001 -
667 3960 920 4029 Aeacum]
941 3960 1012 4015 cf.
1031 3960 1175 4016 Plat.
1201 3960 1368 4045 Gorg.

223 4032 355 4085 524.
391 4036 483 4087 ΔΛ
525 4018 704 4101 „oinos
739 4024 838 4085 οὖν
865 4032 1096 4086 ἐπειδὰν
1135 4036 1396 4099 ‘celentur’

225 4118 390 4171 σωσι,
435 4099 758 4157 δικάσουσιν
799 4104 862 4157 ἐν
904 4104 980 4173 τῷ
1023 4106 1266 4191 λειμῶνι,
1305 4106 1368 4159 ἐν

229 4172 308 4244 τῇ
336 4168 543 4244 τριόδῳ,
595 4176 654 4236 ἐξ
693 4160 752 4240 ἦς
787 4178 1022 4247 φέρετον
1055 4196 1130 4229 τω
1167 4172 1298 4239 ὁδώ,
1339 4173 1372 4243 ἦ

229 4244 352 4325 μὲν
398 4250 471 4304 εἰς
515 4240 782 4316 μακάρων
835 4240 1050 4316 νήσους,
1103 4244 1136 4312 ἡ
1190 4247 1242 4301 δ’
1297 4250 1373 4307 εἰς

229 4333 500 4385 raptamur
532 4321 622 4370 καὶ
667 4314 792 4377 τοὺς
829 4318 942 4388 μὲν
985 4320 1048 4372 ἔκ
1079 4318 1174 4383 τῆς
1189 4314 1374 4379 ,Ἀσίας

231 4381 612 4471 Ἠδᾶμανθυς
657 4394 840 4457 κρινεῖ,
887 4385 1014 4448 τοὺς
1058 4390 1122 4443 δὲ
1169 4390 1232 4443 ἐκ
1281 4392 1374 4457 τῆς

233 4450 504 4540 EQUUS
547 4456 772 4521 Αἰακός.
828 4488 898 4501 -
953 4460 1194 4531 Sappho]
1239 4462 1373 4516 Vul-

233 4544 396 4651 gus
429 4530 722 4615 accusatiyi
756 4531 962 4615 forma3
1007 4532 1142 4586 Fuit
1185 4538 1372 4589 autem

327 4599 465 4667 ppho
517 4600 732 4671 Lesbia,
803 4604 1014 4657 Aeoha.
1067 4602 1135 4659 cf.
1191 4605 1370 4659 Carm.

1475 3396 1666 3445 tamen
1693 3390 1927 3461 aptior.“
1965 3390 2043 3444 Et
2070 3391 2194 3459 ipsa
2216 3388 2439 3459 Sappho
2468 3388 2619 3458 apud

1481 3462 1644 3517 Ovid.
1675 3462 1903 3517 Her-oid.
1936 3465 2021 3529 15,
2054 3463 2143 3515 19:
2185 3460 2333 3529 „Nec
2360 3460 2485 3530 plus
2518 3461 2614 3513 Al·

1471 3551 1651 3600 oaeus,
1696 3550 1919 3588 consors
1962 3534 2289 3602 patriaeque
2338 3532 2616 3600 lyraeque,

1471 3605 1683 3660 Laudis
1719 3605 1907 3672 habet,
1944 3604 2197 3673 quamvis
2228 3604 2495 3675 grandius
2522 3603 2621 3657 ille

1473 3677 1685 3732 sonat.“
1768 3676 1852 3731 De
1898 3692 2063 3730 versu
2102 3677 2171 3728 27
2220 3692 2481 3745 compara
2525 3675 2614 3729 In·

1471 3748 1653 3804 dicem
1696 3752 2019 3803 metrorum.
2064 3776 2131 3787 —
2176 3762 2331 3801 sacro
2376 3745 2615 3815 silentio]

1473 3819 1643 3874 Sacra
1676 3820 1899 3874 silentio
1936 3818 2275 3889 agebantur3
2320 3824 2615 3888 poetarum

1473 3898 1670 3946 cantus
1708 3890 1899 3945 eodem
1936 3904 2047 3960 quo
2083 3906 2243 3945 sacra
2276 3890 2499 3945 silentio
2534 3889 2617 3942 di-

1471 3964 1587 4033 gni.
1628 3962 1694 4017 In
1724 3963 1921 4017 ceteris
1953 3978 2153 4031 graece
2174 3961 2478 4031 coniunge:
2516 3960 2617 4013 mi·

1473 4039 1671 4088 rantur
1720 4033 1903 4087 dicere
1950 4049 2054 4102 pro
2103 4032 2457 4087 admirantur
2498 4047 2619 4086 cum

1474 4105 1681 4161 dicant.
1752 4104 2009 4158 Brevitas
2046 4105 2106 4157 in
2142 4105 2227 4158 elo
2268 4102 2449 4157 uendo
2488 4118 2617 4171 poe·

1473 4177 1549 4230 tis
1586 4178 1787 4245 aptior.
1824 4204 1895 4215 —-
1935 4176 2071 4230 bibit
2107 4191 2241 4229 aare
2298 4174 2369 4229 ds
2404 4172 2615 4242 cupidi·

1471 4252 1593 4302 tate
1628 4247 1905 4315 audiendi,
1944 4264 2015 4301 ne
2052 4245 2203 4315 quod
2230 4246 2464 4300 verbum
2495 4262 2615 4313 per-

1471 4320 1655 4375 datur.
1733 4320 1827 4373 Sic
1873 4318 2035 4373 Ovid.
2083 4318 2248 4371 Trist.
2296 4316 2397 4381 111,
2434 4320 2486 4384 5,
2523 4319 2614 4370 14:

1477 4391 1737 4461 „auribus
1775 4390 1877 4445 illa
1908 4388 2079 4444 bibi.“

1545 4462 1610 4515 V.
1652 4464 1738 4517 33.
1778 4460 1925 4533 Quid
1958 4462 2177 4526 mirem,
2218 4457 2334 4527 ubi]
2374 4457 2617 4513 Umbras

1471 4533 1685 4588 virtute
1728 4536 2021 4602 poetarum
2069 4530 2334 4585 delectari
2374 4546 2489 4583 non
2532 4532 2619 4583 est

1473 4604 1807 4672 mirandum,
1848 4619 1974 4657 cum
2008 4602 2206 4655 beluae
2244 4601 2397 4670 ipsae
2418 4600 2617 4655 carmi·
