3092 5059
449 236 570 301 166

1410 231 1868 299 CARMINUM

766 448 816 489 ωε
955 417 1371 505 Caementa
1411 416 1749 492 demittit
1798 416 2243 517 redemptor

1043 540 1239 619 Cum
1293 541 1601 617 famulis
1658 542 2167 641 dominusque
2218 553 2468 615 terrae

843 692 1349 768 Fastidiosus:
1403 692 1538 769 sed
1597 694 1865 768 Timor
1916 704 1993 767 et
2041 692 2298 766 Minae

847 816 1240 895 Scandunt
1295 817 1568 895 eodem
1624 843 1776 917 quo
1833 816 2189 891 dominus
2240 838 2493 914 neque

943 942 1264 1017 Decedit
1313 955 1575 1019 aerata
1626 942 1924 1016 triremi
1973 952 2048 1015 et

763 1102 814 1141 ιο
1051 1067 1234 1143 Post
1285 1068 1619 1166 equitem
1674 1065 1893 1141 sedet
1944 1077 2108 1139 atra
2152 1064 2379 1143 Cura.

845 1214 1140 1307 Quodsi
1192 1216 1582 1292 dolentem
1635 1242 1777 1292 nec
1828 1215 2211 1313 Phrygius
2262 1212 2458 1309 lapis

844 1341 1008 1417 Nec
1059 1367 1579 1441 purpurarum
1630 1340 1881 1417 sidere
1931 1338 2208 1413 clarior

944 1466 1252 1542 Delenit
1302 1492 1480 1543 usus
1531 1492 1676 1543 nec
1726 1464 2057 1541 Falerna

1055 1592 1248 1667 Vitis
1301 1590 2061 1687 Achaemeniumque
2114 1599 2431 1681 costum,

765 1774 818 1815 45
852 1741 1012 1819 Cur
1061 1742 1496 1817 invidendis
1547 1742 1895 1839 postibus
1949 1752 2027 1815 et
2072 1764 2273 1814 novo

449 2008 698 2072 quantem
733 2002 771 2057 i.
792 2019 841 2057 e.
875 2018 1040 2071 saepe
1075 2002 1236 2057 venit
1274 2001 1599 2071 redemptor

450 2074 810 2143 demittitquc
848 2078 1150 2135 caementa,
1202 2077 1267 2127 ut
1303 2073 1597 2127 contraha-

447 2151 543 2200 tur
587 2162 740 2200 mare
785 2145 1074 2215 piscesque
1121 2145 1384 2199 sentiant.
1459 2144 1597 2198 Con—

451 2217 690 2271 trarium
729 2224 816 2270 est
854 2232 1019 2271 rarus
1071 2217 1252 2270 Carm.
1289 2215 1385 2284 IV,
1426 2219 1474 2283 1,
1511 2218 1598 2268 34.

449 2288 519 2343 cf.
557 2288 670 2343 Sat.
701 2288 744 2355 Ι,
773 2288 826 2355 6,
861 2290 978 2341 128.
1005 2316 1077 2327 -
1110 2286 1406 2356 caementa]
1447 2286 1600 2341 dicta

449 2365 581 2413 sunt
619 2377 652 2414 a
689 2359 994 2427 caedendo;
1034 2359 1246 2427 lapides
1284 2359 1446 2419 caesi,
1478 2360 1599 2427 qui-

448 2432 552 2485 bus
614 2436 975 2500 opponuntur
1045 2430 1257 2499 lapides
1321 2430 1599 2499 quadrati.

449 2502 650 2556 Intelle
726 2507 862 2555 ntur
925 2505 1239 2556 structurae
1298 2502 1401 2555 sub
1457 2518 1601 2570 aqua

450 2520 754 2629 facienffe.
828 2572 898 2627 cf.
953 2572 1131 2627 Carm.
1171 2572 1268 2637 111,
1307 2574 1394 2640 24,
1430 2574 1483 2626 3.
1532 2602 1599 2611 —

454 2644 779 2715 redemptor]
820 2639 1133 2714 ἐργολάβος,
1182 2644 1279 2713 qui
1315 2661 1455 2713 opus
1494 2644 1602 2700 ali-

457 2715 605 2784 quod
642 2715 962 2769 faciendum
1012 2732 1110 2769 suo
1149 2716 1402 2785 periculo
1447 2720 1602 2769 certa

451 2787 693 2857 quadam
717 2787 972 2841 mercede
997 2792 1162 2855 pacta
1187 2786 1472 2842 conduxit.
1499 2787 1600 2841 cfr.

449 2858 628 2927 Epist.
655 2858 729 2926 11,
754 2860 805 2925 2,
839 2860 925 2911 72.
964 2886 1031 2897 -——
1077 2858 1280 2928 Timor]
1320 2858 1508 2912 Minae
1543 2862 1601 2912 et

451 2930 597 2985 Cura
635 2930 796 2998 quasi
835 2946 1104 2998 personae
1143 2933 1299 2997 sunt;
1337 2929 1395 2983 id
1429 2929 1601 2983 verba

449 3001 768 3069 scandendi,
806 3000 1126 3068 decedendi,
1153 3001 1380 3055 sedendi
1407 3004 1601 3069 aperte

449 3073 767 3128 ostendunt.
802 3072 874 3127 cf.
913 3072 983 3126 ad
1026 3072 1205 3126 Carm.
1244 3071 1290 3135 I,
1331 3074 1418 3139 24,
1455 3073 1504 3125 6.
1533 3100 1600 3110 -

450 3149 646 3200 aerata
679 3144 911 3211 triremi]
949 3143 1076 3197 Non
1100 3144 1411 3198 necessario
1437 3143 1602 3197 intel-

449 3215 686 3287 legenda
721 3220 806 3269 est
841 3215 1000 3269 navis
1037 3216 1206 3285 longa
1238 3215 1442 3269 bellico
1475 3214 1602 3268 usui

449 3288 755 3342 destinata:
813 3286 910 3340 sed
948 3286 1098 3355 quod
1144 3290 1337 3341 aerata
1369 3289 1455 3339 est
1500 3285 1601 3339 tri-

453 3360 640 3427 remis,
661 3358 720 3412 id
741 3358 1111 3427 pertinaciam
1132 3361 1189 3411 et
1207 3357 1601 3411 fortitudinem

450 3430 647 3497 Curae,
681 3446 792 3498 qua
832 3429 1023 3482 divitis
1049 3434 1107 3483 et
1141 3429 1336 3482 iniusti
1360 3428 1603 3482 hominis

452 3502 669 3555 animus
706 3501 997 3570 pungitur,
1023 3501 1380 3555 vehementer
1418 3504 1601 3569 auget.

455 3572 857 3641 Complectitur
897 3572 1042 3625 Cura
1079 3571 1486 3640 quodammodo
1509 3569 1601 3623 Ti·

451 3660 664 3697 morem
719 3648 778 3698 et
820 3643 1026 3697 Minas:
1085 3642 1278 3697 Timor
1333 3642 1482 3697 enim
1531 3659 1605 3695 ne

454 3732 596 3783 quae
634 3715 838 3767 iniuste
875 3719 933 3768 et
969 3730 1139 3768 avare
1175 3717 1433 3782 correpta
1472 3718 1603 3767 sunt

451 3786 602 3840 bona
638 3786 824 3839 subito
860 3790 960 3839 aut
990 3785 1344 3853 abripiuntur
1381 3788 1478 3839 aut
1517 3800 1601 3839 re·

452 3858 631 3925 linqui
670 3856 927 3925 debeant,
967 3860 1024 3910 et
1047 3856 1234 3910 Minae
1260 3857 1463 3924 quibus
1501 3855 1601 3908 im-

450 3928 616 3998 probi
662 3944 880 3996 semper
929 3928 1293 3981 stimulantur
1346 3928 1603 3981 internae

455 4001 632 4055 Curae
658 4000 816 4068 quasi
841 4002 1102 4068 parentes
1139 4002 1284 4053 sunt.
1323 3998 1393 4053 cf.
1423 3998 1601 4052 Carm.

451 4072 522 4137 11,
565 4073 649 4139 16,
700 4072 766 4123 21
806 4087 925 4139 sqq.
986 4100 1052 4109 —
1113 4075 1244 4125 atra
1295 4068 1464 4139 Cura]
1531 4068 1601 4122 cf.

455 4142 638 4196 Carm.
677 4142 777 4209 111,
819 4142 903 4204 14,
945 4142 1027 4195 13.
1067 4141 1162 4209 IV,
1208 4144 1292 4208 11,
1329 4142 1415 4194 35.
1455 4142 1603 4193 Atra

452 4214 660 4268 dicitur
707 4218 940 4281 propter
986 4214 1176 4266 tristes
1233 4212 1601 4282 cogitationes

454 4289 510 4339 et
547 4300 902 4340 aerumnosas
941 4283 1210 4353 imagines
1235 4284 1436 4351 quibus
1475 4282 1601 4337 ani-

452 4373 571 4409 mos
608 4356 898 4409 hominum
935 4354 1042 4408 sibi
1080 4355 1448 4408 obnoxiorum
1499 4355 1599 4407 im-

453 4426 588 4494 plet.
627 4456 693 4466 —
731 4424 1017 4493 dolentem]
1056 4442 1168 4478 non
1205 4442 1453 4494 corpore,
1503 4424 1603 4479 sed

455 4497 658 4551 animo.
717 4526 783 4537 -
837 4495 1120 4565 Phryyius
1154 4496 1319 4565 lapis]
1357 4513 1603 4551 marmor

455 4566 779 4638 Phrygium.
819 4567 962 4621 Vide
999 4566 1072 4621 ad
1095 4566 1276 4620 Oarm.
1313 4566 1386 4635 11,
1425 4568 1512 4635 18,
1551 4569 1601 4621 3.

1692 2028 1759 2041 -
1797 1999 2018 2068 clarior]
2054 1998 2394 2053 adiectivum
2434 2014 2547 2051 non
2584 2013 2713 2051 cum
2746 2013 2845 2066 ge-

1690 2072 1879 2127 netivo
1928 2071 2302 2137 coniunctum,
2351 2067 2450 2123 sed
2486 2084 2610 2122 cum
2660 2068 2845 2121 nomi-

1691 2144 1902 2209 native,
1963 2160 1995 2195 a
2043 2159 2153 2211 quo
2204 2142 2300 2195 ine
2343 2139 2569 2209 pendet,
2630 2144 2697 2193 ut
2742 2138 2847 2195 111.

1692 2218 1746 2283 3,
1772 2216 1858 2267 61.
1894 2213 2073 2283 Epod.
2106 2216 2190 2281 10,
2222 2214 2303 2265 12.
2336 2214 2420 2265 14.
2444 2240 2518 2250 —
2552 2210 2846 2265 Achaeme—

1691 2284 1967 2355 niumque]
2030 2284 2316 2338 Bentleius
2363 2281 2695 2337 mutandum
2738 2298 2845 2351 pu-

1692 2358 1840 2411 tavit
1900 2357 1961 2409 in
2018 2354 2542 2419 Achaemeniumvs,
2604 2370 2847 2421 eumque

1692 2428 1859 2483 multi
1895 2444 2101 2481 novum
2138 2425 2368 2494 aliquod
2394 2425 2723 2479 deliciarum
2744 2442 2845 2495 ge-

1693 2516 1796 2554 nus
1825 2500 1957 2554 addi
1982 2499 2323 2553 arbitrantes
2345 2496 2521 2552 secuti
2544 2501 2693 2550 sunt.
2731 2494 2849 2550 Sed

1692 2575 1969 2626 errarunt.
2008 2570 2155 2623 Vina
2195 2569 2343 2624 enim
2369 2572 2429 2622 et
2464 2571 2751 2638 unguenta
2784 2568 2851 2620 in

1689 2642 2175 2698 comissationibus
2224 2656 2442 2709 semper
2486 2644 2653 2694 erant
2714 2654 2847 2693 con-

1693 2716 1899 2769 iuncta.
1972 2710 2203 2771 costum
2239 2712 2350 2766 fuit
2385 2728 2463 2765 un
2543 2715 2737 2765 entum
2772 2727 2849 2765 ex

1693 2786 1975 2839 radicibus
2021 2784 2242 2839 fruticis
2291 2787 2350 2837 et
2384 2784 2451 2836 In
2496 2782 2564 2837 'ci
2610 2786 2669 2835 et
2706 2784 2849 2835 Ara-

1693 2857 1807 2912 bici
1842 2860 1899 2910 et
1936 2855 2173 2924 Syriaci3
2222 2854 2373 2923 quod
2422 2870 2548 2908 cum
2592 2872 2662 2907 ex
2699 2854 2845 2906 Ara-

1694 2928 1790 2982 bia
1826 2926 1915 2981 vel
1951 2927 2113 2981 India
2152 2943 2253 2995 per
2270 2926 2509 2979 Parthos
2546 2925 2607 2978 in
2621 2924 2851 2979 Italiam

1694 3002 2195 3068 transportaretur,
2246 2996 2529 3051 Persicum
2588 2996 2709 3050 sive
2772 2996 2847 3050 ab

1694 3071 1927 3138 antiquo
1968 3070 2266 3123 Persarum
2300 3084 2451 3137 rege,
2489 3067 2849 3122 Achaemene

1694 3141 1899 3211 (Oarm.
1936 3141 2007 3203 11.
2052 3142 2135 3207 12,
2174 3142 2262 3192 21.
2299 3139 2480 3208 Epod.
2524 3140 2609 3205 13,
2644 3140 2697 3193 8.
2736 3138 2849 3193 He-

1693 3214 1813 3268 rod.
1842 3212 1965 3280 VII,
1991 3212 2097 3281 11),
2122 3211 2559 3265 Achaemenium
2598 3210 2851 3279 appella-

1694 3290 1815 3339 tum
1854 3289 1953 3339 est.
1996 3284 2255 3337 Ceterum
2278 3282 2424 3337 Plin.
2452 3282 2519 3336 N.
2546 3280 2616 3335 Η.
2642 3280 2803 3349 xm,
2820 3286 2849 3335 1

1696 3356 2029 3424 „Persarum
2052 3372 2169 3409 esse
2193 3353 2363 3409 debet
2385 3354 2571 3423 gentis
2595 3370 2851 3423 unguen-

1694 3432 1833 3481 tum.
1908 3427 2179 3493 Primum‚
2226 3426 2377 3494 quod
2426 3424 2655 3493 quidem
2695 3425 2851 3479 inve·

1694 3498 1862 3565 niam,
1889 3498 2086 3552 castris
2114 3496 2284 3551 Darei
2319 3496 2468 3566 regis
2492 3496 2853 3566 expugnatis,

1695 3570 1755 3623 in
1790 3570 2008 3637 reliquo
2054 3569 2173 3623 eius
2211 3572 2489 3637 apparatu
2528 3566 2854 3622 Alexander

1696 3642 1844 3709 cepit
1882 3640 2149 3694 scrinium
2171 3644 2606 3709 unguentorum.
2644 3638 2855 3693 Postea

1694 3712 1955 3781 voluptas
2002 3712 2122 3765 eius
2167 3729 2202 3767 a
2249 3711 2456 3765 nostris
2502 3726 2727 3778 quoque
2766 3710 2853 3763 in—

1695 3790 1783 3837 ter
1827 3782 2213 3839 laudatissima
2264 3786 2432 3851 atque
2468 3782 2641 3835 etiam
2678 3780 2853 3835 hone-

1696 3855 1940 3908 stissima
1997 3854 2149 3908 vitae
2208 3854 2356 3907 bona
2412 3851 2655 3907 admissa
2708 3852 2853 3907 est-‘⁴

1696 3930 1755 3979 et
1790 3925 1926 3981 ibid.
1964 3942 2009 3979 c.
2036 3928 2070 3977 2
2110 3924 2337 3994 „regale
2375 3942 2413 3977 u

2530 3928 2726 3977 entum
2754 3942 2853 3993 ap·

1696 3997 1984 4067 pellatum,
2024 3996 2288 4065 quoniam
2320 3995 2403 4049 Pa
2814 3996 2826 4007 '

2498 4012 2663 4049 orum
2702 4012 2853 4065 regi·

1696 4068 1799 4122 bus
1844 4068 1927 4122 ita
1973 4071 2348 4137 temperatur,
2394 4070 2615 4121 constat
2662 4083 2854 4134 myro-

1696 4140 1917 4207 balan0,
1953 4144 2119 4201 costa,
2158 4154 2377 4193 amomo
2414 4142 2545 4193 cett.
2572 4175 2586 4190 .
2618 4176 2631 4189 .
2660 4136 2852 4204 Quan-

1695 4211 1768 4264 do
1806 4210 1865 4264 id
1900 4211 2147 4279 primum
2178 4209 2251 4264 ad
2278 4208 2559 4263 Romanos
2584 4214 2853 4278 penetra-

1696 4283 1869 4347 verit,
1911 4299 2023 4335 non
2073 4281 2239 4335 facile
2287 4281 2543 4335 dixerim.
2618 4280 2851 4335 Certum

1698 4357 1801 4421 est,
1838 4353 2119 4407 Antiocho
2158 4370 2189 4406 r
2261 4370 2292 4406 e
2316 4353 2562 4420 Asiaque
2592 4350 2850 4419 devictis,

1696 4424 1853 4478 urbis
1902 4442 1950 4477 a.
1990 4426 2093 4479 565
2130 4422 2191 4477 Ρ.
2280 4424 2513 4477 icinium
2567 4422 2849 4490 Crassum,

1698 4494 1763 4548 L.
1816 4494 2021 4549 Iulium
2076 4494 2366 4549 Caesarem
2418 4510 2673 4549 censores
2732 4493 2846 4549 edi-

1696 4567 1859 4630 xisse,
1918 4582 1991 4621 ne
2048 4566 2173 4634 quis
2234 4565 2502 4621 venderet
2560 4569 2847 4636 unguenta
