3092 5059
1145 241 1306 310 LIB.
1353 245 1404 310 Ι.
1450 243 1635 311 SAT.
1680 247 1732 311 Ι.

2522 247 2645 310 347

262 463 314 501 eo
349 427 768 504 Turbatam
798 427 1056 504 haurit
1093 454 1372 528 aquam
1405 455 1659 530 neque
1700 431 1933 506 vitam
1969 429 2251 507 amittit
2284 431 2362 506 in
2400 431 2645 508 undis.

346 551 454 628 At
497 553 702 628 bona
753 579 933 651 pars
986 553 1384 630 hominum
1438 556 1763 654 decepta
1810 556 2177 656 cupidine
2230 555 2427 632 falso

350 677 528 774 „Nil
547 677 726 754 satis
748 675 912 753 est“
938 680 1068 780 inq
1081 680 1221 776 uit3
1252 680 1483 780 „quia
1501 681 1711 776 tanti,
1746 693 2115 780 quantum
2145 681 2451 777 habeas,
2471 679 2646 758 sis.“

349 801 560 895 Quid
611 802 847 880 facias
901 801 1072 880 illi?
1175 803 1456 880 Iubeas
1513 806 1883 882 miserum
1934 831 2125 900 esse,
2179 805 2513 884 libenter

351 929 748 1021 Quatenus
802 930 884 1006 id
936 929 1152 1006 facit:
1204 942 1290 1005 ut
1341 931 1659 1030 quidam
1714 941 2186 1006 memoratur
2234 929 2558 1010 Athenis

262 1087 314 1128 es
351 1053 728 1130 Sordidus
779 1081 869 1132 ac
920 1055 1157 1152 dives,
1214 1056 1482 1154 populi
1533 1068 2027 1132 contemnere
2078 1081 2306 1132 voces

349 1177 476 1256 Sic
525 1178 828 1256 solitus:
876 1181 1268 1278 „Populus
1319 1208 1446 1256 me
1496 1181 1777 1277 sibilat,
1832 1193 1916 1256 at
1964 1180 2155 1256 mihi
2207 1179 2493 1281 plaudo

346 1301 526 1403 Ipse
579 1304 816 1400 domi,
877 1304 1108 1380 simul
1164 1331 1254 1380 ac
1320 1329 1675 1380 nummos
1728 1304 2215 1402 contemplor
2266 1305 2345 1380 in
2396 1303 2653 1383 arca.“

349 1429 713 1504 Tantalus
763 1455 810 1504 a
861 1427 1098 1505 labris
1153 1430 1418 1505 sitiens
1469 1429 1849 1527 fugientia
1906 1441 2159 1528 captat

347 1553 710 1630 Flumina
764 1610 782 1630 .
841 1611 858 1628 .
914 1609 934 1628 .
990 1611 1008 1628 .

1063 1553 1276 1647 Quid
1323 1555 1530 1632 rides
1558 1555 1595 1629 ?
1694 1555 1992 1632 Mutato
2040 1555 2351 1631 nomine
2403 1553 2502 1631 de
2552 1573 2628 1634 te

268 1711 319 1750 το
352 1678 650 1754 Fabula
698 1692 1094 1755 narratur:
1147 1683 1526 1777 congestis
1579 1681 1925 1781 undique
1975 1681 2218 1756 saccis

347 1802 738 1880 Indormis
790 1804 1093 1880 inhians
1145 1819 1222 1880 et
1270 1819 1637 1904 tanquam
1688 1831 2009 1902 parcere
2060 1805 2299 1881 sacris

355 1930 677 2027 Cogeris
730 1943 862 2004 aut
912 1929 1135 2026 pictis
1187 1942 1549 2030 tanquam
1606 1931 1947 2027 gaudere
1998 1930 2326 2006 tabellis.

351 2054 616 2130 Nescis
671 2079 825 2153 quo
877 2053 1134 2130 valeat
1181 2080 1565 2151 nummus,
1617 2081 1847 2154 quem
1892 2057 2262 2157 praebeat
2310 2058 2587 2133 usum?

351 2179 580 2254 Panis
633 2193 953 2276 ematur,
1006 2181 1252 2277 holus,
1307 2182 1466 2257 vini
1511 2183 1917 2276 sextarius3
1971 2179 2177 2257 adde

263 2336 314 2378 m
354 2305 544 2398 Quis
596 2304 932 2382 humana
976 2306 1126 2381 sibi
1178 2304 1438 2381 doleat
1486 2319 1765 2383 natura
1816 2308 2137 2405 negatis.

320 2519 391 2575 V.
423 2521 509 2574 61.
547 2519 826 2592 cupidine]
864 2520 996 2575 vide
1029 2521 1100 2575 ad
1123 2519 1301 2576 Carm.
1331 2522 1404 2591 11,

253 2592 533 2656 16‚15.—-
562 2593 704 2646 bona
725 2608 864 2660 pars
923 2596 1008 2646 est
1032 2592 1168 2647 satis
1198 2611 1406 2664 magna

247 2681 400 2733 pars,
435 2681 504 2718 ex
530 2681 640 2732 qua
665 2681 808 2717 unus
883 2663 1046 2718 einde
1083 2669 1404 2734 protractus

249 2739 310 2789 et
359 2735 612 2804 loquitur
647 2740 706 2788 et
751 2733 1032 2790 refellitur
1080 2737 1154 2802 (v,
1195 2737 1264 2790 63
1301 2737 1404 2804 ini,

245 2806 543 2874 miserum).
559 2833 626 2846 -
649 2806 784 2876 quia
805 2807 978 2876 tanti]
991 2806 1240 2862 Lucilius
1254 2807 1406 2876 apud

251 2877 650 2945 Schol.1uv.3,
681 2879 809 2932 143.
839 2877 1159 2946 „Quantum
1179 2879 1402 2940 habeas.

247 2953 474 3004 tantum
501 2950 622 3018 ipse
657 2949 764 3003 sies
795 2951 1054 3018 tantique
1087 2950 1401 3007 habearis-‘⁴

247 3020 400 3074 Plut.
437 3025 564 3088 περὶ
608 3023 1000 3091 φιλοπλουτίας
1036 3039 1081 3076 c.
1122 3025 1179 3076 ⁷:
1223 3027 1402 3091 „Keir-

248 3093 404 3148 dam
438 3096 530 3144 καὶ
525 3091 760 3177 φείδου
795 3097 888 3145 καὶ
921 3087 1184 3146 τοσούτου
1217 3092 1406 3164 νόμιζε

247 3160 486 3218 σεαυτὸν
515 3157 684 3224 aecor,
721 3157 930 3218 ὅσον*
895 3181 967 3218 αν
1001 3165 1070 3235 ἔχ
1105 3184 1146 3224 ς.
1149 3167 1183 3195 “
1249 3166 1404 3220 Οθιθ-

248 3253 378 3289 rum
416 3234 496 3290 sis
531 3253 646 3289 non
681 3252 784 3304 per
807 3236 1070 3292 anacolut
1109 3238 1224 3292 iam
1259 3239 1406 3307 posi·

245 3312 372 3361 tum
409 3311 494 3360 est
515 3323 620 3376 pro
646 3321 719 3374 03,
746 3307 907 3374 quasi
936 3309 1300 3376 praecederet
1321 3309 1406 3364 m‘l

247 3379 392 3432 eatis
425 3394 538 3432 0330
571 3378 674 3445 ait,
698 3378 850 3446 quia,
875 3379 972 3434 sed
1008 3385 1094 3434 est
1126 3381 1404 3450 potentia-

247 3449 324 3503 lis
359 3449 572 3514 modus,
607 3453 672 3503 ut
709 3448 860 3518 apud
877 3449 1176 3506 Lucilium.
1214 3481 1276 3492 ——-
1315 3453 1404 3520 fa-

247 3521 390 3647 {⁰2:12³
417 3520 498 3646 2:5-
509 3489 1179 3664 ffiffisstiffiff
1177 3522 1404 3649 ..ἓὲἐὲ

251 3665 342 3730 13,
375 3665 477 3717 29:
527 3661 710 3731 „Quid
748 3662 854 3718 hoe
887 3664 1114 3720 homine
1156 3665 1401 3722 facias⁴?“

250 3763 320 3774 -
347 3733 642 3804 quatenus]
669 3735 950 3803 quoniam.
991 3737 1172 3792 Carm.
1192 3738 1294 3807 ΙΠ,
1315 3741 1404 3806 24,

249 3808 338 3860 30.
357 3805 474 3860 Sat.
485 3805 532 3873 Ι,
551 3807 604 3875 3,
621 3808 703 3859 76.
725 3835 791 3846 -
810 3807 976 3878 facit]
1003 3777 1294 3864 Generale
1299 3810 1406 3865 hoc

247 3878 486 3932 verbum
522 3877 580 3930 in
625 3877 858 3932 alterius
894 3880 1054 3935 verbi
1099 3881 1278 3935 vicem
1322 3882 1405 3936 ita

247 3949 614 4003 substituitur
685 3954 750 4003 ut
821 3955 1078 4006 nostrum
1137 3952 1275 4006 chun
1347 3957 1406 4008 et

249 4021 526 4074 Graecum
551 4026 733 4074 ποιεῖν
762 4021 898 4090 (ιιοιι
927 4019 1183 4092 πράττειν
1203 4023 1402 4078 Stallb.

249 4091 324 4146 ad
351 4091 658 4146 Platorit.
682 4109 738 4162 p.
771 4093 858 4147 48.
880 4093 987 4162 Ε..)
1024 4093 1139 4149 Sat.
1163 4095 1208 4162 Ι,
1233 4097 1286 4156 4,
1313 4097 1399 4150 79.

252 4163 366 4218 Cic.
403 4163 474 4216 de
509 4162 606 4217 off.
643 4163 688 4230 1,
730 4168 778 4230 1,
815 4168 864 4220 l.
905 4164 950 4233 Ι,
981 4167 1214 4233 38,136.
1251 4167 1403 4235 1,4o‚

251 4235 373 4288 144.
431 4263 499 4274 ·—
556 4233 782 4302 quidam
823 4237 1174 4312 moratur]
1219 4237 1402 4294 Schol.

247 4306 536 4375 explicant
592 4304 663 4360 de
720 4299 952 4361 Timon‘e
998 4304 1402 4378 μισανθρώπῳ.

245 4377 432 4447 glossa
475 4376 598 4431 eod.
640 4375 839 4431 Bland.
875 4379 1130 4432 nominat
1165 4379 1406 4434 Fabium

251 4449 526 4517 aliquem3
567 4447 664 4502 sed
685 4447 839 4501 noli
823 4465 884 4502 ιιι
906 4449 1178 4505 eiusmodi
1196 4451 1404 4507 fabulis

249 4521 550 4576 veritatem
571 4522 864 4589 certosque
889 4525 948 4574 et
971 4520 1122 4576 locos
1143 4527 1202 4577 et
1225 4523 1402 4577 homi-

249 4609 350 4648 nes
385 4607 670 4662 quaerere.
707 4589 838 4646 Non
871 4591 1153 4648 refellitur
1190 4594 1261 4649 ab
1291 4594 1404 4653 Ho-

1499 2523 1647 2578 ratio
1680 2528 2074 2606 argumentum
2096 2521 2241 2576 illud
2266 2521 2336 2577 de
2374 2527 2653 2577 crescente

1500 2612 1626 2650 cum
1661 2595 1897 2664 pecunia
1940 2593 2295 2664 auctoritate,
2339 2593 2434 2648 sed
2470 2598 2653 2648 osten-

1500 2667 1657 2720 ditur
1719 2683 1913 2720 eorum
1964 2666 2253 2722 hominum
2306 2666 2653 2720 miserrimus

1498 2743 1699 2804 status,
1743 2755 1857 2792 ιιοιι
1896 2755 1964 2792 ex
2000 2737 2198 2808 populi
2233 2737 2654 2806 contemptione

1497 2809 1597 2864 sed
1640 2826 1710 2864 ex
1764 2813 2037 2879 perpetua
2089 2808 2255 2877 fame,
2310 2826 2454 2877 quae
2510 2825 2651 2862 mm·

1497 2899 1669 2950 quam
1702 2885 2031 2950 paratarum
2066 2897 2257 2935 rerum
2302 2897 2405 2934 usu
2451 2880 2650 2936 restin-

1497 2953 1708 3023 guitur.
1736 2952 1872 3006 Inde
1892 2953 2209 3022 exemplum
2228 2951 2473 3019 Tantali,
2495 2951 2651 3007 cuius

1497 3041 1703 3078 nomen
1732 3025 1913 3078 solum
1944 3023 2293 3078 nominatum
2315 3041 2489 3078 avaro
2516 3025 2651 3078 satis

1499 3094 1637 3164 quid
1672 3099 1841 3164 poeta
1864 3095 2005 3150 velit
2038 3095 2300 3149 ostendit.
2338 3094 2511 3149 Ridet
2536 3096 2650 3158 ille,

1499 3184 1629 3221 cum
1664 3167 1877 3222 nesciat
1913 3167 2049 3236 quid
2084 3183 2153 3222 ea
2187 3167 2259 3220 ad
2286 3183 2345 3220 se
2369 3164 2653 3235 pertineat

1497 3237 1707 3292 fabula.
1747 3267 1814 3277 —-
1850 3237 2103 3307 initiam]
2142 3237 2214 3292 of
2255 3237 2371 3292 Sat.
2401 3237 2447 3306 1,
2485 3242 2535 3300 2,
2564 3239 2650 3294 88.

1497 3310 1701 3364 Etiam
1726 3311 1785 3362 in
1820 3326 1917 3363 ore
1952 3308 2282 3364 dormientis
2308 3309 2652 3378 conspicitur

1497 3381 1805 3450 cupiditas3
1860 3398 1964 3436 nec
1998 3380 2300 3451 cogitanda
2349 3387 2482 3435 sunt
2526 3398 2652 3436 cum

1499 3452 1861 3507 Doederlinio
1903 3452 2053 3507 bona
2090 3452 2161 3508 ab
2198 3469 2367 3506 avaro
2403 3451 2653 3506 nondum

1495 3541 1783 3594 possessa3
1815 3530 2013 3594 aperto
2036 3541 2133 3578 ore
2154 3523 2423 3578 indormit
2449 3541 2652 3578 avarus

1497 3595 1671 3650 saccis
1704 3601 1939 3666 argento
1977 3595 2223 3662 refertis,
2260 3597 2418 3663 quasi
2460 3597 2652 3664 cupiat

1497 3668 1665 3722 simul
1714 3683 1905 3721 omnes
1956 3667 2270 3722 absorbere.
2326 3697 2395 3706 —-
2448 3666 2650 3737 meris]

1499 3737 1975 3807 ΟειιιιιηΙΙῙΒώΒ.
2013 3737 2295 3806 Sat.11‚,3
2322 3741 2438 3793 110.
2477 3738 2653 3794 Recte

1495 3811 1773 3864 monitum
1830 3815 1931 3878 est,
1996 3811 2181 3864 lusum
2232 3827 2351 3864 esse
2406 3810 2653 3878 aliquem

1497 3883 1802 3937 verborum
1846 3882 1995 3936 inter
2040 3882 2219 3936 saccis
2254 3886 2313 3936 et
2348 3881 2545 3948 sacris

1497 3953 1729 4022 tabellis]
1766 3970 1912 4022 quae
1944 3953 2161 4008 nullum
2188 3969 2349 4007 usum
2376 3952 2653 4022 praebent

1496 4024 1607 4079 nisi
1654 4030 1957 4108 aspectum.
2020 4055 2087 4065 —
2140 4023 2443 4093 sextarius]
2494 4027 2653 4078 sexta

1496 4113 1629 4165 pars
1651 4096 1856 4166 congii,
1892 4097 2064 4164 paulo
2088 4097 2269 4150 maior
2294 4113 2462 4165 quam
2487 4095 2650 4149 dimi-

1496 4167 1595 4222 dia
1611 4185 1743 4236 pars
1770 4167 1946 4222 modii
1964 4167 2341 4222 Berolinensis
2357 4167 2448 4236 (²1,
2470 4165 2653 4234 Quart

1499 4259 1567 4272 -·
1622 4241 1658 4290 0
1662 4239 1785 4306 ,547
1834 4239 2037 4306 Liter).
2094 4269 2161 4278 —
2224 4239 2371 4307 quis]
2428 4237 2649 4322 quibus.

1495 4309 1805 4365 Menander
1838 4327 1895 4380 p.
1919 4312 2037 4363 103.
2058 4309 2258 4364 Mein:
2298 4304 2653 4396 ”Τάργῦριον

1497 4381 1639 4436 εἶναι
1672 4385 1781 4449 σοὶ,
1816 4375 2122 4468 μειροὶκιον,
2150 4385 2405 4464 φαίνεται
2430 4377 2508 4437 Οὐ
2540 4382 2652 4436 τῶν

1495 4421 1814 4521 ἀναγκαίων
1848 4449 1973 4506 καθ’
2015 4452 2235 4538 ἡμέραν
2256 4447 2439 4539 μόνον
2466 4459 2652 4522 Τίμηυ

1479 4529 1809 4608 παρασχεῖν
1856 4525 2107 4586 δυνατον,
2146 4542 2343 4620 aprum,
2378 4520 2650 4612 ἀλφίτων,

1479 4588 1681 4664 ’,Οξους
1732 4596 1932 4664 ἐλαίου,
1976 4599 2231 4667 μείζονος
2275 4597 2321 4649 r’
2370 4591 2535 4653 ἄλλον
2575 4615 2649 4650 τι
