3092 5059
1626 234 1669 298 4

448 421 772 504 Europam
815 438 1110 485 reversus
1159 416 1418 483 adversi
1480 416 1715 501 proelii
1760 436 1838 481 ac
1880 413 2073 499 fugae
2138 418 2464 501 particeps
2526 417 2735 484 factus
2764 416 2847 499 ¹⁴)

449 550 594 595 cum
637 530 945 595 Messalla
992 529 1234 594 servari
1279 526 1593 593 beneficio
1638 526 1936 592 Caesaris
1978 526 2323 593 Octaviani
2382 527 2609 592 maluit
2652 546 2845 609 quam

449 637 710 704 dubiam
741 658 926 721 spem
958 656 1276 711 armorum
1323 636 1569 702 diutius
1612 641 1877 701 tentare.
1932 634 2209 719 Captum
2252 635 2512 718 quidem
2560 655 2602 699 a
2642 635 2845 701 victo-

451 747 628 814 ribus
696 767 840 813 eum
907 746 1111 813 fuisse
1157 744 1345 812 docet
1382 745 1522 811 vita
1566 743 1882 826 quaedam
1928 764 2011 809 ex
2051 750 2306 811 vetusto
2348 744 2569 827 aliquo
2624 743 2849 811 codice

451 857 794 941 descripta,
867 855 984 921 sed
1040 854 1200 921 nihil
1257 859 1357 920 est
1416 854 1820 919 auctoritatis
1886 852 2061 935 quod
2125 852 2275 920 huic
2334 851 2621 921 accedat.
2705 854 2847 917 Iam

448 986 602 1033 vero
670 986 812 1032 cum
879 983 999 1029 usu
1063 964 1292 1029 doctus
1336 962 1480 1048 ipse
1526 982 1644 1047 per
1687 962 1806 1028 hos
1852 981 2057 1029 annos
2102 962 2551 1041 intellexisset,
2628 980 2845 1029 eornm

455 1077 562 1157 qui
611 1073 1132 1141 ardentissimum
1178 1074 1426 1155 patriae
1477 1092 1557 1137 ac
1598 1071 1919 1137 libertatis
1962 1091 2245 1138 amorem
2288 1092 2447 1157 prae
2490 1092 2560 1139 se
2604 1072 2849 1139 ferrent

452 1184 755 1267 exiguam
799 1188 1042 1247 tautum
1088 1187 1336 1266 partem
1380 1182 1809 1247 innocentiam
1859 1182 2423 1264 integritatemque
2464 1182 2669 1247 animi
2700 1201 2847 1247 con-

452 1312 764 1373 servasse,
837 1290 1150 1375 plurimos
1193 1309 1378 1356 suam
1421 1291 2067 1373 utilitatempatriae
2114 1290 2487 1372 commodis,
2564 1292 2678 1357 ubi
2742 1310 2849 1356 oc-

453 1402 630 1467 casio
697 1401 854 1467 data
897 1406 1087 1482 esset,
1155 1399 1555 1483 praetulisse,
1622 1405 1685 1465 et
1730 1400 1786 1464 si
1832 1400 2113 1465 victores
2158 1420 2241 1465 ex
2284 1400 2454 1466 bello
2508 1398 2847 1466 discessis·

453 1517 597 1577 sent
668 1511 922 1594 peiores
995 1510 1190 1574 etiam
1261 1508 1603 1592 imperium
1674 1508 2031 1573 Romanum
2098 1508 2393 1575 dominos
2480 1508 2846 1575 habiturum

454 1620 674 1702 fuisse,
746 1626 879 1683 tum
939 1638 1065 1683 non
1110 1620 1321 1701 potuit
1365 1617 1681 1697 dubitare,
1754 1619 1911 1701 quin
1952 1618 2039 1683 ab
2081 1617 2203 1683 hac
2248 1624 2431 1701 parte
2475 1636 2630 1683 vera
2673 1618 2849 1683 salus

455 1729 646 1794 rebus
716 1727 1022 1793 Romanis
1097 1747 1223 1793 non
1297 1726 1561 1793 deberet
1632 1728 2017 1811 exspectari.
2108 1726 2516 1812 Quapropter
2586 1726 2847 1793 veniam

457 1838 626 1903 ultro
672 1838 953 1903 oblatam
999 1836 1170 1903 tristi
1215 1835 1474 1919 quidem
1519 1837 1738 1901 animo
1804 1838 2069 1920 accepit,
2144 1842 2359 1920 partes
2424 1836 2706 1919 reliquit,
2778 1837 2843 1901 in

451 1947 710 2011 Italiam
755 1946 950 2011 rediit
995 1946 1418 2028 militiamque
1463 1945 1863 2011 detrectavit.
1910 1944 2159 2011 Natura
2202 1944 2375 2011 enim
2419 1944 2739 2011 imbellem
2769 1944 2849 2021 ¹⁵)

455 2076 537 2121 ne
604 2055 966 2122 tribunatus
1025 2055 1286 2137 quidem
1331 2061 1396 2121 et
1439 2055 1741 2120 militaris
1786 2055 1989 2120 honor
2032 2062 2249 2121 tenere
2295 2060 2663 2138 potnerunt3
2735 2072 2848 2118 no·

455 2184 600 2231 vam
658 2165 786 2232 sibi
829 2184 1117 2232 summae
1161 2164 1374 2231 laudis
1418 2164 1591 2231 viam
1638 2165 1929 2231 munivit.
2014 2165 2088 2229 In
2133 2162 2255 2231 hac
2297 2184 2367 2229 re
2412 2164 2850 2230 memorabilis

456 2280 554 2339 est
596 2275 774 2341 locus
820 2273 1026 2339 Carm.
1076 2274 1160 2353 II,
1207 2274 1264 2350 7,
1313 2275 1423 2339 13;

851 2381 986 2447 Sed
1029 2403 1133 2448 me
1176 2400 1292 2465 per
1335 2382 1552 2448 hostes
1597 2381 1953 2448 Mercurius
1996 2382 2168 2447 celer

853 2492 1070 2557 Denso
1118 2499 1456 2574 paventem
1501 2492 1764 2557 sustulit
1804 2496 1974 2572 aere,

457 2620 582 2683 quo
627 2602 768 2666 loco
811 2598 1136 2683 significat
1198 2607 1345 2683 post
1404 2619 1707 2683 magnam
1752 2599 2003 2666 cladem
2050 2600 2296 2666 relictis
2342 2600 2575 2667 castris
2619 2601 2707 2667 ad
2748 2604 2849 2667 lit-

455 2718 626 2777 teras
693 2730 762 2776 se
835 2718 899 2775 et
964 2708 1256 2774 carmina
1321 2708 1680 2791 aufugisse3
1754 2715 1983 2792 poetae
2048 2711 2214 2774 enim
2280 2710 2583 2775 Mercurii
2646 2714 2851 2777 tutela

455 2818 757 2903 gaudent,
832 2818 983 2884 inde
1026 2818 1506 2883 Mercurialium
1547 2820 1832 2883 virorum
1865 2820 1939 2895 ω)
1986 2819 2243 2884 nomine
2288 2821 2517 2885 ornati.
2606 2818 2855 2885 Eadem

456 2935 670 2994 autem
717 2927 798 2994 de
843 2948 1040 2995 causa
1096 2926 1209 3009 ΠΙ,
1252 2928 1313 3006 4,
1358 2928 1458 3003 26,
1523 2925 1703 3009 quod
1767 2947 1847 2993 ex
1912 2926 2099 2993 clade
2166 2934 2233 2993 et
2294 2927 2452 3012 fuga
2512 2927 2854 2993 incolumis

456 3038 753 3117 evaserit,
797 3034 1120 3100 Musarum
1168 3054 1240 3101 se
1283 3036 1536 3119 gratiae
1582 3034 1821 3102 debere
1862 3034 1975 3101 ait.
2066 3036 2391 3102 Incertum
2437 3045 2553 3120 est,
2598 3058 2681 3103 ex
2720 3038 2858 3102 Ma-

456 3144 730 3211 cedonia
771 3151 982 3209 utrum
1025 3150 1206 3209 recta
1247 3144 1356 3208 via
1401 3145 1671 3210 Romam
1724 3165 1797 3210 se
1840 3145 2181 3212 contulerit
2222 3166 2306 3211 an
2350 3144 2439 3211 ad
2484 3146 2856 3213 inferiorem

456 3254 714 3319 Italiam
779 3251 1104 3337 appulerit
1147 3252 1627 3335 Venusiamque
1695 3274 1774 3319 ac
1835 3255 2055 3320 natale
2121 3254 2329 3322 solum
2394 3262 2542 3339 post
2594 3256 2853 3338 longam

456 3362 813 3431 absentiam
857 3362 1170 3428 reviserit.
1215 3360 1463 3440 Quibus
1485 3364 1889 3447 'persuasum
1919 3371 2035 3445 est,
2079 3362 2551 3447 proscriptione
2580 3363 2849 3430 fundum

457 3480 795 3557 paternum
857 3474 916 3537 ei
978 3478 1266 3555 ereptum
1327 3492 1487 3555 esse,
1568 3472 1651 3537 iis
1718 3472 1840 3539 hoc
1913 3491 2185 3556 quoque,
2252 3473 2603 3539 Venusiam
2669 3472 2853 3556 prius

460 3602 603 3647 eum
645 3582 903 3647 venisse
963 3600 1153 3663 quam
1215 3581 1502 3663 Romam,
1575 3582 1783 3665 magis
1847 3581 2101 3649 videtur
2167 3581 2539 3665 probabile:
2604 3582 2857 3647 scilicet

458 3690 572 3756 ubi
614 3690 1020 3755 inventurum
1063 3710 1134 3756 se
1179 3698 1487 3774 speraret,
1535 3690 1705 3757 unde
1748 3690 1949 3756 vitam
1995 3692 2215 3756 aleret.
2306 3690 2439 3757 Sed
2481 3710 2681 3775 supra
2724 3690 2854 3756 iam

458 3798 760 3875 indicavi,
824 3806 1070 3883 patrem
1137 3800 1349 3884 ipsum
1413 3798 1624 3866 videri
1689 3798 2063 3865 vendidisse
2119 3800 2417 3882 agellum.
2504 3799 2855 3865 Praeterea

458 3916 642 3991 pater
683 3914 968 3975 mortuus
1012 3916 1170 3990 erat,
1239 3908 1497 3992 cognati
1545 3908 1873 3974 Venusiae
1918 3929 2045 3973 non
2088 3916 2290 3985 erant,
2356 3909 2499 3993 ipse
2542 3910 2852 3993 puerulus

459 4018 724 4083 Romam
771 4023 910 4083 erat
949 4025 1275 4101 portatus;
1319 4018 1478 4101 quid
1518 4037 1672 4100 ergo
1717 4019 1898 4101 prius
1944 4026 2013 4081 ut
2058 4018 2123 4082 in
2169 4016 2524 4083 Lucaniam
2570 4018 2694 4083 iret
2736 4038 2856 4101 po·

457 4128 582 4192 tuit
624 4144 770 4191 eum
814 4127 1262 4193 commovere?
1322 4127 1403 4191 Et
1445 4135 1659 4192 tamen
1708 4145 1831 4191 non
1876 4126 2238 4208 defuerunt,
2284 4128 2395 4209 qui
2441 4128 2855 4193 coniectandi

459 4235 734 4302 libidine
801 4237 901 4302 vel
967 4256 1044 4302 eo
1110 4235 1630 4321 perducerentur,
1698 4243 1787 4311 ut,
1831 4255 1977 4300 cum
2020 4236 2326 4301 Horatius
2391 4237 2535 4319 ipse
2578 4234 2858 4301 dixisset

531 4494 621 4561 14)
658 4492 838 4549 Carm.
875 4494 944 4558 11,
984 4498 1034 4548 7.
1095 4494 1276 4564 Epist.
1317 4494 1387 4563 11,
1423 4496 1476 4562 2,
1515 4494 1601 4546 49.
1780 4492 1869 4562 16)
1906 4494 2085 4547 Carm.
2122 4494 2193 4561 11,
2236 4496 2321 4562 17,
2360 4493 2445 4547 29.

531 4566 622 4635 15)
657 4564 836 4635 Epod.
879 4569 925 4635 1,
969 4568 1050 4621 16.
