3092 5059
1064 248 1418 317 GARMEN
1459 248 1989 318 SAEOULARE.

2598 251 2724 316 339

711 437 754 512 I
756 463 882 512 am
933 438 1134 514 mari
1184 450 1549 536 terraque
1599 463 1872 514 manus
1922 450 2273 538 potentes

712 561 989 637 Medus
1042 561 1546 662 Albanasque
1599 563 1817 638 timet
1866 588 2196 659 secures3

625 717 678 758 ω
711 685 882 763 Iam
915 685 1243 784 Scythae
1284 711 1657 788 responsa
1702 700 1971 786 petunt
2012 689 2329 786 superbi

909 811 1178 912 Nuper
1230 823 1305 887 et
1352 811 1555 886 Indi.

719 960 887 1036 Iam
937 961 1170 1038 Fides
1221 973 1298 1038 et
1347 962 1508 1038 Pax
1563 975 1641 1038 et
1690 961 1961 1038 Honos
2016 960 2429 1061 Pudorque

716 1086 1022 1163 Priscus
1075 1100 1153 1164 et
1201 1088 1556 1186 neglecta
1605 1087 1864 1164 redire
1914 1087 2180 1170 Virtus

713 1211 978 1288 Audet
1020 1227 1497 1314 apparetque
1550 1213 1775 1290 beata
1824 1212 2057 1314 pleno

633 1369 686 1408 eo
921 1339 1170 1435 Copia
1221 1364 1483 1415 cornu.

717 1487 1000 1588 Augur
1051 1503 1126 1567 et
1179 1489 1529 1588 fulgente
1583 1490 1907 1568 decorus
1960 1514 2143 1566 arcu

720 1611 1080 1688 Phoebus
1132 1626 1644 1712 acceptusque
1694 1638 1971 1689 novem
2027 1611 2405 1709 Camenis,

724 1737 876 1830 Qui
926 1738 1244 1814 salutari
1294 1738 1500 1814 levat
1550 1751 1713 1814 arte
1764 1737 2007 1814 fessos

915 1865 1284 1962 Corporis
1330 1876 1563 1959 artus,

637 2044 689 2084 es
726 2011 809 2089 Si
858 2011 1244 2090 Palatinas
1302 2012 1512 2090 videt
1560 2039 1849 2112 aequus
1902 2040 2136 2111 arces,

714 2140 1064 2238 Remque
1117 2139 1538 2212 Romanam
1596 2138 1897 2225 Latium
1908 2165 2061 2238 que
2108 2139 2297 2215 felix

312 2312 436 2366 luta
497 2309 851 2412 significatur
905 2310 1155 2366 civitatis
1217 2311 1365 2366 salus
1413 2327 1478 2365 ac

313 2383 606 2438 felicitasf‘
649 2382 884 2437 Steiner.
911 2383 1094 2452 „Nota
1120 2400 1288 2452 quam
1314 2389 1476 2437 caute

313 2459 501 2510 totum
535 2473 640 2524 per
676 2471 901 2510 carmen
938 2471 1161 2508 omnem
1193 2454 1474 2509 bellorum

317 2527 566 2581 civilium
623 2543 765 2596 quae
835 2527 1133 2594 imperium
1197 2525 1474 2580 lacerave-

318 2603 449 2653 rant
504 2598 595 2652 vel
643 2597 1082 2652 occultissimam
1128 2597 1475 2652 mentionem

317 2669 532 2725 devitet
564 2686 631 2724 ac
665 2668 735 2723 de
783 2667 990 2723 exteris
1036 2670 1334 2724 dumtaxat
1379 2686 1474 2722 na-

315 2741 565 2796 tionibus
604 2741 676 2795 ab
716 2742 972 2811 Augusto
1012 2740 1244 2794 domitis
1281 2740 1474 2810 loqua-

317 2817 430 2880 tur,
467 2817 588 2866 tum
623 2830 676 2866 v.
715 2815 782 2866 57
835 2811 906 2866 de
954 2810 1065 2866 fide
1109 2829 1176 2866 ac
1222 2829 1357 2882 pace
1401 2811 1474 2866 ab

315 2885 510 2938 eodem
545 2883 834 2938 restituta.
837 2884 871 2912 ‘⁸
944 2881 1202 2938 Orellius.
1259 2912 1325 2922 —
1377 2884 1474 2938 Az-

313 2955 489 3010 banas
557 2953 788 3023 secures]
859 2951 1158 3009 Securibus
1223 2960 1474 3024 potestas

313 3031 372 3081 et
423 3027 687 3082 maiestas
737 3027 932 3094 populi
991 3025 1297 3094 indicatur;
1358 3045 1474 3094 cur,

315 3099 736 3232 ivnnpggmpsstgr·
751 3097 1144 3238 est,reg‹1,·,fl1‘·=ltg
1145 3097 1473 3224 9’5111111188ξῖ

315 3241 574 3310 Galliam,
607 3257 750 3309 quae
767 3240 825 3294 in
861 3241 1210 3323 provinciam
1228 3241 1474 3310 redacta,

315 3313 438 3367 iure
473 3317 531 3368 et
583 3312 801 3384 legibus
846 3313 1220 3380 commutatis,
1277 3313 1475 3367 securi-

315 3384 416 3439 bus
453 3385 721 3452 subiecta,
753 3388 1030 3454 perpetua
1065 3352 1344 3467 premitur
1363 3401 1474 3438 ser-

317 3457 555 3511 vitute.‘
521 3455 555 3485 ‘⁴
591 3456 846 3511 Albanae
882 3461 1030 3524 sunt,
1063 3455 1196 3524 quia
1231 3455 1474 3510 Romani

317 3528 466 3582 Alba
529 3527 727 3598 Longa
783 3527 1009 3582 oriundi
1065 3532 1211 3581 81181.
1270 3557 1335 3566 -
1393 3543 1474 3582 re-

315 3598 543 3669 sponsa]
594 3600 777 3654 Carm.
823 3598 918 3660 IV,
973 3601 1056 3660 15,
1095 3600 1184 3652 22.
1281 3599 1364 3653 De
1411 3615 1476 3654 re

319 3670 450 3725 vide
487 3671 560 3725 ad
599 3669 780 3726 Car-m.
802 3670 876 3738 11,
909 3670 988 3722 13.
1021 3699 1086 3708 —
1125 3671 1350 3739 superbi
1371 3687 1472 3725 nu·

313 3740 441 3812 per]
471 3742 542 3797 de
579 3741 797 3810 Scythis
844 3740 1077 3808 dictum,
1128 3757 1240 3794 non
1277 3741 1348 3797 de
1383 3742 1471 3796 In-

317 3813 420 3867 dis.
460 3813 530 3868 cf.
567 3814 642 3869 ad
680 3813 862 3868 Carm.
900 3811 996 3880 IV,
1039 3815 1122 3881 14,
1158 3814 1246 3866 42.
1284 3844 1349 3853 —
1379 3814 1473 3869 Go-

315 3884 436 3956 pia]
486 3886 668 3940 Carm.
703 3885 749 3954 Ι,
791 3887 872 3950 17,
915 3886 998 3937 14.
1083 3884 1264 3955 Epist.
1305 3885 1349 3953 Ι,
1393 3888 1474 3954 12,

319 3958 404 4011 28.
444 3957 750 4025 „Pacatum
785 3960 972 4011 autem
999 3961 1057 4010 et
1081 3957 1336 4025 quietum
1362 3926 1474 4012 18111

320 4032 600 4083 terrarum
660 4028 852 4083 orbem
916 4045 1043 4084 cum
1104 4028 1290 4082 verbis
1352 4034 1475 4083 tum

318 4100 564 4155 numeris
599 4100 910 4156 lenioribus
956 4101 1184 4170 egregie
1227 4099 1474 4154 declara-

316 4171 404 4225 vit
452 4176 636 4242 poeta,
678 4171 776 4240 qui
820 4173 882 4226 in
931 4171 1148 4226 duabus
1193 4171 1280 4225 his
1332 4176 1474 4227 stro-

315 4242 441 4312 phis
498 4244 795 4313 quinquies
853 4243 1010 4297 molli
1070 4259 1298 4298 caesura
1353 4248 1466 4298 tro-

317 4314 511 4370 chaica
553 4332 686 4370 usus
736 4315 827 4369 sit.
900 4314 1167 4369 Eiusdem
1215 4331 1474 4370 caesurae

317 4386 378 4440 in
412 4387 598 4456 primo
636 4386 876 4442 odarum
911 4385 1058 4440 libro
1096 4404 1192 4440 sex
1217 4387 1472 4456 exempla

317 4475 585 4584 {mr
599 4457 1475 4600 1:311ffi‘38332-”35351’33311

315 4601 506 4671 quarti
550 4600 686 4656 libri
740 4568 855 4656 tria
911 4601 1162 4656 carmina
1203 4601 1476 4672 sapphica

1568 2311 1777 2436 vtilginti
1814 2312 1952 2365 duas
1989 2311 2257 2366 exhibent
2306 2327 2562 2380 caesuras
2607 2315 2725 2437 fro-

1570 2401 1603 2438 c
1640 2401 1808 2444 81088,
1846 2401 2021 2437 unum
2061 2400 2132 2437 ue
2169 2401 2395 2438 carmen
2442 2400 2603 2438 saecu
2630 2401 2727 2438 are

1568 2455 1777 2511 undevi
1816 2455 1973 2508 inti.“
2016 2400 2253 2510 gteiner.
2294 2455 2459 2510 Cuius
2498 2454 2726 2524 quidem

1568 2526 1783 2581 dissimi
1808 2526 2041 2581 itudinis
2078 2543 2244 2582 causa
2280 2527 2327 2581 si
2366 2545 2508 2596 quae
2540 2531 2729 2610 potest

1570 2597 1831 2668 inveniri,
1866 2599 1927 2652 in
1953 2599 2273 2670 argumenti
2297 2600 2477 2683 magis
2504 2599 2723 2653 ratione

1569 2686 1739 2738 quam
1774 2671 1834 2724 in
1888 2671 2089 2725 aetatis
2138 2670 2363 2726 Horatii
2404 2669 2725 2725 differentia

1570 2741 1887 2809 quaerenda
1931 2742 2175 2797 videtur.
2237 2771 2302 2781 —
2358 2741 2637 2812 Anam-J,
2641 2741 2723 2810 ,In

1567 2813 1785 2882 proodo
1836 2813 2038 2868 chorus
2089 2814 2320 2868 cecinit.
2376 2813 2523 2867 Date
2580 2782 2723 2881 quae

1567 2901 1883 2954 precamur,
1922 2885 2143 2940 Phoebe
2181 2889 2239 2939 et
2271 2884 2471 2940 Diana.
2509 2885 2575 2938 In
2611 2901 2721 2938 1118·

1569 2957 1704 3010 80110
1767 2957 1998 3011 88811818
2059 2956 2393 3011 sententiam
2466 2956 2721 3010 iteravit.

1570 3027 1763 3082 audite
1823 3032 2047 3082 nostras
2108 3045 2327 3112 preces,
2398 3027 2603 3110 Apollo
2666 3032 2725 3081 et

1530 3139 1534 3144 .
1569 3098 1745 3153 Luna.
1821 3099 2077 3169 Denique
2112 3101 2172 3152 18
2217 3099 2399 3183 epodo
2432 3099 2723 3153 universus

1568 3169 1772 3225 chorus
1809 3170 1953 3225 hanc
2000 3170 2336 3225 sententiam
2384 3171 2467 3224 ita
2500 3170 2727 3238 repetit,

1568 3247 1633 3296 ut
1668 3261 1783 3296 non
1804 3243 1934 3296 iam
1970 3243 2204 3297 numina
2236 3244 2359 3312 ipsa
2384 3243 2722 3310 alloquatur,

1570 3314 1667 3369 sed
1706 3314 1779 3368 ad
1812 3316 2083 3383 populum
2124 3315 2184 3368 ni
2220 3313 2390 3368 fallor
2425 3329 2723 3368 conversus

1568 3385 1741 3440 tertia
1804 3402 2043 3455 persona
2101 3386 2288 3440 111881.
2350 3384 2606 3440 Phoebus
2668 3389 2727 3438 et

1569 3456 1753 3512 Diana
1825 3475 1951 3512 cum
2012 3456 2529 3524 Quindecimvirum
2602 3457 2723 3526 pias

1567 3545 1777 3612 preces,
1816 3546 1955 3598 quas
1990 3529 2079 3583 illi
2112 3530 2173 3582 in
2220 3525 2583 3583 sacrificando
2619 3545 2723 3597 pro

1568 3600 1793 3670 imperii
1868 3601 2260 3654 incolumitate
2335 3603 2723 3669 susceperunt,

1568 3677 1690 3728 tum
1732 3677 1927 3726 nostra
1975 3689 2117 3741 quae
2164 3671 2330 3725 modo
2378 3671 2721 3740 nuncupavi·

1568 3762 1692 3798 mus
1728 3749 1864 3798 vota
1899 3743 2141 3815 benigne
2177 3746 2390 3797 curent.
2431 3741 2720 3796 Postremo

1568 3816 1826 3870 omnibus
1864 3816 2121 3885 precibus
2144 3815 2259 3869 rite
2280 3813 2542 3884 perfectis
2575 3813 2725 3867 idem

1568 3887 1770 3941 chorus
1821 3888 1935 3941 iam
1988 3886 2215 3941 domum
2272 3885 2611 3940 discessurus
2668 3901 2727 3938 se

1569 3963 1782 4013 certam
1819 3975 1975 4028 spem
2010 3958 2219 4012 habere
2263 3955 2578 4027 profitetur,
2603 3955 2725 4010 fore

1568 4034 1635 4084 ut
1668 4030 1927 4099 Iuppiter
1963 4028 2259 4098 cunctique
2299 4028 2379 4082 dii
2417 4045 2559 4096 quae
2594 4027 2721 4081 cho·

1566 4119 1665 4156 rus
1709 4106 1971 4171 precatus
2017 4102 2093 4156 sit
2142 4105 2269 4155 rata
2324 4117 2443 4154 esse
2490 4099 2683 4153 velint.
2690 4098 2723 4128 ‘⁴

1568 4173 1804 4228 Steiner.
1857 4202 1923 4212 —
1968 4173 2209 4242 fulgente
2255 4171 2409 4241 areu]
2456 4165 2722 4241 χρυσότο-

1567 4245 1672 4306 ξος,
1727 4238 2100 4314 ἆργυρότοξος.
2142 4273 2205 4282 -
2258 4241 2453 4326 fessos]
2507 4241 2723 4296 11101110.

1568 4316 1674 4370 Ε81
1710 4317 1859 4370 enim
1896 4315 2101 4384 Apollo
2138 4308 2385 4398 Hmrjmy.
2446 4312 2519 4367 cf.
2556 4312 2719 4367 Hom.

1567 4388 1637 4442 11.
1674 4387 1823 4456 XVI,
1861 4389 2113 4455 514sqq.
2172 4413 2237 4424 -
2296 4385 2351 4439 si
2393 4383 2637 4455 videt1i.
2676 4401 2724 4439 e.

1569 4428 2721 4540 81881118881111881101111111818.8128111118

1572 4548 1625 4585 v.
1663 4532 1751 4584 37.
1789 4529 2127 4600 Madvigius,
2163 4527 2256 4581 cui
2302 4529 2611 4584 modestiae
2658 4545 2727 4583 ac

1572 4601 1943 4658 dubitationis
1998 4598 2332 4672 significatio
2384 4600 2724 4671 displiceret,
