3092 5059
513 214 636 279 542

1383 211 2003 280 EPISTULARUM

614 400 1000 478 Cantaber
1051 400 1468 501 Agrippae,
1527 400 1809 480 Claudi
1860 401 2141 476 virtute
2180 399 2511 476 Neronis

613 525 1026 601 Armenius
1079 525 1392 622 eeeidit3
1445 527 1561 602 ius
1605 526 2175 628 imperiumque
2224 526 2595 601 Prahates

614 649 958 728 Caesaris
1008 649 1310 749 aceepit
1361 651 1689 746 genibus
1740 650 2028 746 minor3
2084 675 2319 726 aurea
2368 650 2647 744 fruges

609 774 883 850 Italiae
933 773 1165 872 pleno
1217 773 1577 850 defundit
1628 773 1875 874 Copia
1926 801 2189 850 cornu.

1325 1103 1784 1190 Ems'rnm
1846 1105 2069 1190 XIII.

609 1269 716 1347 Ut
765 1268 1370 1368 proficiscentem
1428 1269 1661 1345 docui
1709 1282 1785 1346 te
1826 1296 2059 1368 saepe
2110 1269 2419 1369 diuque,

613 1395 966 1490 Augusto
1019 1393 1297 1470 reddes
1349 1397 1651 1493 signata
1702 1395 2120 1492 volumina,
2173 1395 2435 1492 Vinni‚

612 1519 696 1597 Si
746 1519 1070 1614 validus,
1124 1520 1188 1594 si
1236 1519 1480 1596 laetus
1533 1521 1701 1617 erit,
1752 1523 1819 1595 si
1872 1521 2207 1620 denique
2258 1535 2559 1619 poscet:

610 1643 728 1721 Ne
769 1643 1024 1720 studio
1073 1645 1317 1720 nostri
1369 1669 1635 1739 pecces
1688 1643 2111 1743 odiumque
2162 1644 2448 1722 libellis

510 1915 600 1966 21.
668 1911 896 1968 Festive
930 1910 1154 1976 Iccium,
1191 1907 1474 1968 hominem
1511 1912 1669 1966 tenui

511 1983 668 2038 victu
705 1988 1033 2040 contentum
1069 1990 1129 2039 et
1159 1984 1442 2039 lentarum
1479 2001 1665 2038 rerum

509 2055 860 2122 abstemium,
909 2055 1178 2110 describit
1213 2061 1280 2110 ut
1313 2055 1669 2126 Pythagorae

513 2133 572 2182 et
605 2126 964 2210 Empedoclis
1001 2132 1351 2193 sectatorem,
1405 2129 1502 2198 qui
1539 2145 1666 2198 pro-

509 2205 640 2269 pter
673 2193 1122 2270 μετεμψὺχωσιν
1147 2216 1526 2282 quaecumque
1550 2216 1665 2254 mo—

510 2275 716 2326 ventur
777 2275 836 2326 et
879 2271 1079 2325 vivunt
1137 2272 1326 2326 necari
1379 2271 1666 2326 vetabant.

509 2341 654 2396 Nam
717 2342 788 2397 de
845 2359 1015 2413 parco
1074 2342 1384 2398 Siculorum
1439 2343 1667 2397 vivendi

509 2431 715 2484 genere
773 2431 900 2468 eum
958 2413 1286 2481 Niebuhrio,
1353 2414 1667 2469 immortali

511 2454 1366 2640 3²23..⁰2{“1?ss{2.3.'2⁸⁸123ffi³3111
1383 2485 1667 2612 uim}

509 2629 716 2754 anagitgr
739 2627 1002 2754 delffti
1044 2629 1174 2696 sint,
1225 2628 1284 2754 iccll
1322 2628 1549 2754 quidegi
1582 2630 1666 2682 vi-

549 2717 620 2754 en
751 2717 820 2754 ve
915 2717 946 2754 e
980 2669 1196 2754 Sicula'e
1271 2717 1404 2770 apes
1525 2718 1664 2755 arm.

509 2771 700 2840 111‚1‚
742 2774 826 2826 18.
878 2801 946 2810 —
995 2770 1162 2841 deest]
1200 2771 1663 2856 Edonosyllabum.

509 2842 878 2898 Memorabile
913 2847 1015 2910 est,
1039 2843 1100 2897 in
1135 2844 1520 2913 antiquissimo
1545 2843 1665 2898 cod.

513 2913 773 2970 Blandin.
821 2915 1096 2984 seriptum
1131 2915 1302 2969 fuisse
1336 2916 1443 2969 sic:
1491 2915 1544 2969 α’
1572 2921 1665 2970 est.

510 2984 585 3040 of.
625 2986 698 3040 ad
736 2986 850 3041 Sat.
889 2986 934 3053 1,
973 2986 1025 3054 9,
1063 2987 1146 3040 66.
1221 2987 1293 3054 11,
1335 2990 1381 3052 1,
1426 2988 1506 3040 17.
1586 2986 1663 3051 11,

511 3059 562 3124 2,
600 3059 688 3112 98.
739 3087 802 3098 --
861 3055 1155 3128 Cantaber]
1203 3059 1336 3112 vide
1370 3058 1442 3112 ad
1481 3059 1663 3112 Oarm.

510 3128 582 3189 ΙΙ,
605 3130 667 3198 6;
703 3128 774 3184 de
812 3129 1032 3184 Nerone
1069 3128 1200 3184 vide
1237 3130 1306 3184 ad
1331 3130 1512 3198 Epist.
1539 3129 1583 3190 Ι.
1612 3130 1664 3183 3.

511 3199 782 3255 Prahates
819 3219 860 3254 s.
887 3202 1121 3255 Arsaces
1141 3201 1242 3255 XV
1285 3202 1480 3256 eodem
1514 3219 1663 3256 anno

509 3273 618 3326 734
653 3273 815 3343 signa
851 3271 1122 3326 Romanis
1159 3273 1294 3327 olim
1334 3278 1528 3342 erepta
1550 3277 1661 3328 Au·

510 3347 676 3414 gusto
723 3361 826 3413 per
869 3343 1158 3398 Tiberium
1204 3349 1402 3414 sponte
1441 3361 1542 3399 sua
1578 3362 1663 3398 re-

509 3414 681 3470 misit.
748 3445 814 3456 ·—
875 3417 1098 3484 omibus
1149 3415 1348 3486 minor]
1409 3415 1665 3486 supplex,

509 3486 1664 3614 msfffffftssffztnzssfflfflssffi

508 3629 764 3697 Ann.11,
805 3633 851 3683 1.
981 3635 1165 3684 terum
1201 3629 1460 3686 Caesaris
1495 3648 1663 3714 gene·

504 3701 658 3756 tivus
697 3701 1124 3786 ‘coniungendas
1171 3707 1258 3757 est
1297 3707 1356 3757 et
1393 3719 1520 3756 cum
1572 3704 1664 3758 ius

508 3773 900 3856 imperiumque
935 3778 993 3828 et
1033 3791 1158 3828 eum
1192 3775 1528 3844 ycm'busoe-
1566 3773 1661 3829 Go-

499 3844 626 3915 pia]
669 3846 850 3900 Oarm.
890 3844 1042 3900 Saec.
1081 3847 1166 3899 60.

821 3961 1152 4032 Epistula
1187 3961 1341 4018 XIII.

579 4055 848 4114 Horatius
907 4076 1230 4129 quanquam
1295 4076 1368 4113 ne
1431 4059 1661 4114 liberta-

505 4133 622 4185 tem
659 4147 816 4186 suam
855 4131 1136 4186 minueret
1157 4137 1260 4186 aut
1285 4130 1565 4200 perderet,
1590 4130 1663 4185 ad

506 4202 753 4272 Augusti
801 4201 984 4258 aulam
1033 4207 1093 4256 et
1137 4203 1390 4258 favorem
1427 4203 1663 4273 propius

507 4273 768 4329 accedere
804 4291 970 4329 ausus
1003 4292 1118 4329 non
1141 4279 1282 4342 erat,
1320 4278 1508 4329 tamen
1531 4273 1662 4328 Car-

507 4345 723 4400 minum
763 4350 874 4402 tres
909 4345 1086 4401 libros
1127 4315 1292 4400 simul
1319 4345 1515 4412 editos,
1542 4345 1663 4413 qui·

505 4415 612 4470 bus
649 4417 820 4472 etiam
842 4417 1088 4488 Augusti
1125 4418 1329 4472 merita
1361 4418 1480 4471 laus
1504 4434 1663 4486 prae·

507 4486 824 4556 dicaretur,
881 4490 1212 4559 imperatori
1263 4488 1492 4544 mittere
1549 4504 1663 4542 non

507 4559 697 4629 potuit
719 4559 999 4616 dubitare.
1039 4559 1200 4630 Quod
1225 4565 1291 4614 ut
1325 4565 1478 4614 recte
1517 4559 1664 4616 face·

1726 2417 1731 2422 ’
1759 2413 1924 2482 stulu,

1762 1916 1853 1968 ret
1888 1913 1951 1966 in
1972 1929 2187 1982 suoque
2220 1912 2291 1966 de
2326 1911 2433 1968 hac
2462 1929 2526 1968 re
2544 1913 2903 1982 pronuntiato

1762 1985 1899 2039 olim
1959 1984 2191 2040 consilio
2248 1983 2381 2053 (Sat.
2426 1983 2508 2054 11,
2558 1987 2619 2052 1,
2675 1987 2744 2039 18
2778 1987 2904 2053 sqq.)

1760 2061 2109 2110 constantem
2146 2073 2263 2110 sese
2294 2057 2609 2126 praeberet,
2652 2057 2803 2112 hanc
2824 2055 2903 2110 sd-

1760 2127 1909 2182 didit
1968 2127 2271 2198 epistulam
2332 2127 2404 2182 ad
2469 2129 2759 2196 nuntium,
2816 2145 2902 2196 per

1760 2217 1926 2269 quem
1963 2217 2031 2254 ex
2057 2198 2263 2254 Sabino
2294 2200 2355 2252 in
2390 2199 2585 2253 urbem
2626 2199 2901 2255 volumina

1760 2271 2029 2325 missurus
2084 2274 2238 2339 erat;
2296 2288 2618 2340 quanquam
2671 2273 2745 2326 ad
2790 2287 2897 2325 eum

1758 2342 2041 2397 hominem
2097 2357 2383 2410 nunquam
2436 2344 2605 2398 missa
2664 2349 2755 2398 est
2802 2342 2899 2411 epi·

1985 2413 2083 2468 sed
2143 2415 2387 2484 Aug-usti
2446 2415 2637 2484 grstia
2708 2415 2899 2483 scripu

1760 2485 2896 2626 ffissfflfflss‘sszsfflssffi

1759 2629 1895 2683 dare
1927 2629 2214 2683 urbanius.
2278 2628 2545 2684 Pal-atam
2582 2629 2783 2685 eadem
2818 2628 2897 2680 hs·

1758 2700 1929 2754 bebat
1952 2700 2384 2767 excusationem,
2409 2701 2455 2754 si
2480 2701 2631 2755 forte
2656 2705 2895 2770 poemata

1758 2774 1929 2826 suaA
2046 2775 2133 2826 sto
2172 2771 2243 2826 ab
2281 2771 2475 2826 amicis
2506 2773 2679 2826 nimis
2706 2771 2894 2828 officio·

1758 2844 1833 2898 sis
1882 2861 1971 2898 ma
1996 2861 2027 2898 e
2076 2848 2259 2898 essent
2306 2843 2520 2897 tradita
2576 2849 2681 2898 aut
2732 2845 2895 2898 minus

1758 2919 1890 2985 apte
1927 2915 2365 2970 commendata.“
2414 2915 2727 2970 Consilium
2764 2912 2894 2984 quod

1760 2987 2013 3056 sequitur
2066 2991 2236 3056 poeta
2290 2985 2473 3041 elucet
2520 3005 2589 3040 ex
2636 3006 2731 3041 vv.
2774 2991 2819 3040 4.
2852 2988 2893 3036 5.

1762 3060 1843 3112 16.
1888 3061 1953 3111 17
1959 3097 1971 3116 .
2018 3062 2231 3113 tectum
2274 3059 2416 3112 illud
2452 3058 2684 3128 quidem
2730 3063 2785 3113 et
2819 3073 2891 3109 ve-

1756 3129 1936 3184 latum
1989 3130 2275 3184 innocenti
2322 3134 2381 3184 et
2434 3129 2621 3184 iocoso
2670 3129 2891 3200 quodam

1760 3201 2009 3256 ludibrio
2044 3202 2305 3268 nominis,
2342 3219 2451 3270 quo
2488 3219 2620 3256 usus
2656 3207 2781 3256 erst
2810 3217 2891 3279 ps·

1756 3278 1846 3327 ter
1898 3273 2017 3328 eius
2062 3273 2320 3340 hominis,
2368 3290 2535 3342 quem
2588 3291 2716 3328 eum
2755 3272 2891 3326 libris

1756 3345 1829 3399 ed
1849 3349 1937 3400 Au
2018 3348 2165 3398 stum
2202 3344 2483 3399 mittebat.
2525 3345 2584 3399 C.
2608 3348 2757 3400 enim
2778 3342 2891 3396 Vin·

1757 3416 1881 3470 nius
1908 3362 2133 3470 -tgxiimto
2168 3420 2312 3470 teste
2352 3419 2575 3471 Acrone
2610 3415 2890 3471 scholiam

1757 3493 1975 3569 patrem
2030 3487 2231 3542 habuit
2282 3504 2347 3542 co
2426 3489 2613 3543 omine
2647 3489 2885 3548 Asinam

1757 3559 1875 3628 ipse
1929 3577 2041 3614 non
2096 3577 2290 3614 servus
2391 3561 2562 3613 oratii
2612 3561 2713 3614 sed
2764 3558 2887 3612 liber

1755 3630 1922 3685 homo
1976 3649 2047 3684 ex
2094 3630 2387 3685 vicinitate
2436 3630 2677 3686 Sabinae
2722 3631 2887 3690 villae,

1756 3718 1867 3771 quo
1913 3701 1983 3756 ad
2033 3701 2264 3772 negotia
2308 3701 2565 3758 facienda
2618 3701 2883 3774 epistulas-

1757 3791 1865 3842 que
1921 3773 2179 3828 ferendas
2224 3774 2463 3829 fortasse
2508 3777 2732 3844 saepius
2774 3785 2884 3826 usus
2926 3811 2933 3818 -

1756 3850 1879 3900 erat
1927 3845 2209 3900 Horatius.
2280 3845 2346 3899 In
2396 3846 2496 3900 illo
2546 3853 2735 3901 autem
2780 3845 2883 3898 ioco

1756 3917 1896 3971 nihil
1951 3918 2097 3971 inest
2154 3918 2409 3986 protervi
2458 3923 2557 3972 aut
2609 3913 2881 3972 inhonesti

1754 3990 2084 4058 praesertim
2117 3987 2364 4058 antiquis
2390 3989 2729 4044 hominibus.
2762 3985 2881 4042 Seri·

1754 4066 1855 4130 pta
1892 4060 2119 4114 videtur
2150 4061 2394 4143 epistula
2429 4079 2478 4115 a.
2506 4063 2626 4115 -730
2654 4059 2747 4115 vel
2782 4057 2879 4113 ¹731.

1756 4149 1865 4200 quo
1900 4149 2043 4186 anno
2082 4131 2407 4186 coniunctos
2440 4137 2557 4186 tres
2594 4133 2875 4188 carminum

1754 4203 1929 4257 libros
1966 4203 2229 4257 Horatius
2269 4203 2462 4257 edidit.

1826 4273 1892 4328 V.
1924 4277 1970 4326 1.
2008 4273 2179 4343 Saepe
2208 4273 2429 4345 diuque]
2470 4274 2528 4328 Si
2554 4287 2873 4344 operaepre-

1756 4346 1901 4400 tium
1952 4350 2036 4400 est
2086 4363 2372 4414 quaerere,
2422 4347 2700 4430 quomodo
2738 4347 2877 4415 poeti

1757 4417 2057 4487 epistulam
2076 4417 2149 4472 ad
2170 4417 2476 4472 Vinnium
2460 4435 2574 4472 iam
2594 4418 2873 4499 profectum

1756 4490 1985 4544 mittere
2019 4491 2288 4559 potuerit,
2324 4491 2511 4560 cogita
2544 4491 2621 4544 sis
2644 4487 2871 4542 Vinnium

1756 4561 2071 4630 vespertino
2118 4567 2371 4630 tempore
2422 4561 2709 4616 volumina
2750 4571 2871 4614 αωο-
