3092 5059
964 241 1129 309 LIB.
1173 241 1226 309 Ι.
1270 237 1535 310 EPIST.
1577 240 1792 309 XVII.

2471 241 2596 307 559

306 426 525 505 Sedit
574 430 706 529 qui
756 431 1031 526 timuit,
1084 457 1185 506 ne
1236 457 1389 506 non
1442 432 1922 528 succederett,
1969 443 2176 507 esto:

306 552 569 645 Quid?
623 555 759 654 qui
808 557 1161 654 pervenit
1210 557 1497 632 fecitne
1540 556 1922 634 viriliter?
2022 557 2268 657 Atqui

301 677 457 754 Hie
482 691 595 756 est
612 693 743 755 aut
772 706 1151 781 nusquam
1178 681 1389 780 quod
1420 682 1880 781 quaerimus.
1916 681 2070 758 Hic
2098 709 2287 758 onus
2317 681 2600 778 horret,

225 839 277 880 ω
309 804 411 882 Ut
458 807 719 905 parvis
775 806 1047 882 animis
1100 821 1179 884 et
1226 833 1469 905 parvo
1521 831 1848 906 corpore
1900 809 2180 904 maius3

306 929 461 1007 Hic
510 930 721 1007 subit
771 943 847 1007 et
895 931 1213 1029 perfert.
1312 930 1476 1007 Aut
1530 932 1768 1008 virtus
1816 957 2098 1008 nomen
2142 931 2370 1013 inane
2423 943 2556 1029 est,

306 1055 467 1130 Aut
518 1053 751 1130 decus
805 1067 881 1130 et
930 1056 1265 1154 pretium
1316 1068 1527 1132 recte
1577 1055 1769 1156 petit
1815 1056 2216 1156 experiens
2267 1059 2409 1133 vir.

307 1182 591 1260 Coram
640 1204 829 1278 rege
880 1205 1019 1256 suo
1074 1179 1171 1255 de
1218 1193 1673 1280 paupertate
1722 1193 2057 1258 tacentes

305 1304 490 1380 Plus
540 1317 907 1403 poscente
960 1304 1255 1380 ferent:
1310 1303 1568 1402 distat,
1622 1331 1979 1382 sumasne
2027 1305 2408 1406 pudenter

226 1463 277 1504 «ιι
311 1430 441 1506 An
495 1430 772 1530 rapias.

876 1431 1122 1531 Atqui
1174 1455 1433 1506 rerum
1480 1444 1709 1529 eaput
1751 1432 1898 1508 hoc
1951 1444 2141 1526 erat,
2191 1433 2321 1509 hic
2355 1431 2553 1508 fons.

306 1555 718 1651 „Indotata
768 1555 959 1631 mihi
1011 1580 1234 1632 soror
1287 1568 1420 1653 est,
1479 1557 1952 1655 paupercula
1997 1569 2262 1652 mater,

302 1679 403 1754 Et
454 1680 739 1758 fundus
792 1707 935 1756 nec
986 1680 1400 1756 vendibilis
1452 1707 1600 1756 nec
1649 1706 1964 1782 pascere
2015 1679 2358 1778 firmus,“

309 1807 465 1900 Qui
508 1806 719 1903 dicit,
774 1805 1090 1882 clamat:
1142 1807 1497 1904 „Victum
1551 1803 1799 1884 date.“
1903 1806 2244 1884 Succinit
2299 1808 2526 1884 alter:

308 1934 455 2030 „Et
505 1931 695 2007 mihi
741 1930 1059 2008 dividuo
1110 1931 1446 2006 findetur
1497 1957 1814 2008 munere
1861 1929 2231 2030 quadra.“

212 2183 278 2194 —
331 2154 499 2226 sedit]
546 2162 741 2224 cessat,
790 2161 982 2227 torpet
1024 2158 1181 2228 turpi
1229 2157 1368 2212 otio.

209 2225 277 2280 cf.
313 2226 483 2298 Verg.
534 2228 733 2301 Georg.
770 2227 871 2298 111,
908 2229 1034 2284 455.
1109 2229 1365 2284 Donatus

212 2297 283 2352 ad
326 2297 553 2354 Terent.
597 2299 708 2355 Ad.
751 2299 845 2366 IV,
892 2303 945 2368 δ,
983 2301 1077 2356 38:
1134 2299 1367 2370 „sedere

210 2385 320 2496 3:2⁶2,
352 2371 471 2497 ‘³301
481 2371 652 2498 iffi*
654 2390 731 2497 ⁸1⁶}
754 2373 1366 2514 ⁰5⁸3ssi⁰¹²s²3a333⁴⁴1023

734 2481 749 2505 υ
821 2484 837 2513 2
946 2484 961 2498 ·

212 2528 300 2566 me
337 2512 500 2583 licet3
550 2515 633 2569 nil
670 2531 825 2581 cur0,
862 2515 959 2570 sed
1002 2515 1069 2579 is,
1109 2515 1206 2585 qui
1241 2533 1366 2585 per-

214 2584 383 2652 venit,
419 2601 609 2642 nonne
643 2587 887 2642 viriliter
931 2586 1111 2641 fecit?
1158 2615 1225 2628 --
1280 2586 1368 2642 hio

213 2653 311 2725 est]
347 2655 616 2713 hocloco
651 2663 752 2713 est.
779 2686 851 2698 -
887 2659 972 2712 hic
1003 2696 1017 2710 .
1048 2697 1061 2711 .
1098 2697 1111 2712 .
1145 2657 1257 2728 hic]
1296 2658 1364 2712 cf.

211 2723 387 2794 Epist.
416 2727 491 2788 11.
514 2731 565 2790 2,
586 2729 652 2784 67
673 2746 795 2798 sqq.
828 2758 891 2769 —
930 2729 1109 2784 virtus
1146 2727 1363 2798 nomen]

213 2795 281 2850 cf.
324 2797 509 2868 Epist.
546 2800 591 2865 Ι,
634 2802 686 2868 6,
727 2803 815 2855 81.
887 2799 1178 2854 Sententia
1229 2801 1367 2854 haec

212 2874 319 2922 est:
376 2875 480 2924 aut
514 2873 697 2926 virtus
739 2871 882 2926 nihil
918 2877 1005 2926 est
1045 2871 1155 2926 nisi
1201 2872 1367 2926 inane

212 2955 416 2995 nomen
464 2941 701 3012 ideoque
734 2961 849 2998 non
886 2943 1215 3012 expetenda,
1270 2947 1368 2997 aut

215 3027 335 3064 eam
377 3021 691 3082 sequuntur
736 3015 903 3070 decus
942 3021 1001 3070 et
1034 3015 1364 3083 praemium.

212 3080 295 3136 ita
318 3089 383 3137 ut
412 3085 512 3154 qui
546 3103 751 3168 magna
786 3085 1114 3153 moliuntur,
1151 3104 1367 3141 summa

215 3151 377 3209 laude
414 3155 577 3226 digni
610 3159 738 3212 smt.
776 3157 1085 3226 Faperiem
1105 3159 1255 3212 enim
1280 3158 1366 3211 vir

217 3229 300 3300 est
334 3227 541 3296 audax,
575 3233 869 3298 promptus
894 3229 953 3282 in
984 3230 1151 3283 rebus
1174 3247 1368 3300 geren·

215 3295 318 3366 dis,
354 3303 421 3352 ut
450 3298 611 3354 ovid.
636 3299 772 3355 Met.
800 3300 947 3369 XIV,
981 3302 1109 3354 159:
1151 3317 1367 3370 „comes

214 3370 547 3437 experientia
584 3371 817 3426 Ulixei.“
858 3371 967 3428 Oic-
1006 3389 1109 3441 pro
1150 3372 1367 3427 Cluent.

214 3439 268 3506 8,
296 3440 390 3494 38:
434 3443 536 3511 „A.
565 3444 787 3512 Aurius,
823 3443 913 3497 vir
941 3442 1104 3498 fortis
1130 3446 1187 3499 et
1211 3459 1367 3514 expe·

217 3510 417 3566 riens.“
447 3541 514 3552 —
540 3511 733 3570 Coram
768 3531 888 3584 reos
922 3516 1039 3584 auo]
1078 3515 1147 3569 cf.
1186 3515 1367 3584 Epist.

217 3579 261 3648 1,
286 3586 339 3650 7,
356 3585 443 3638 37.
491 3585 671 3640 Addit
702 3586 971 3641 Horatius
998 3585 1241 3641 facetam
1276 3585 1368 3640 de-

220 3654 583 3736 scriptionem
606 3659 813 3712 stultae
834 3658 1087 3725 rationis,
1112 3674 1225 3726 qua
1248 3658 1368 3726 plu-

220 3725 351 3779 rimi
378 3743 589 3795 eorum,
626 3730 723 3798 qui
756 3729 1006 3784 favorem
1038 3745 1367 3799 magnorum

220 3794 507 3852 hominum
532 3800 642 3855 sibi
666 3802 777 3856 iam
806 3805 1222 3871 compararunt,
1247 3801 1369 3869 ipso

220 3865 417 3922 favore
462 3870 609 3926 male
644 3877 881 3927 utuntur
925 3889 992 3927 ac
1027 3872 1162 3926 dum
1196 3870 1373 3926 nimia

220 3945 501 4006 quaerunt
538 3945 724 3998 omnia
755 3943 1017 4014 perdunt.
1054 3943 1133 3998 Et
1169 3943 1243 3998 cf.
1272 3943 1370 3997 Co-

221 4009 353 4092 lum.
389 4011 457 4066 R.
495 4011 563 4068 R.
601 4015 775 4084 praef.
814 4015 859 4083 1,
895 4017 955 4069 9:
1034 4017 1158 4084 „An
1204 4014 1371 4069 hone-

221 4085 363 4134 stius
400 4081 641 4140 dixerim
684 4086 1052 4142 mercennarii
1106 4087 1372 4141 salutato-

220 4151 301 4206 ris
358 4155 841 4212 mendacissimum
890 4159 1213 4227 aucupium,
1268 4157 1371 4212 cir·

222 4225 640 4308 cumvolitantis
713 4229 909 4284 limina
988 4230 1375 4299 potentiorum

220 4301 1371 4428 ΞᾞῗιἚὲῗιθῖἕῨωῖωῗὲἲἮῖἰ

222 4441 425 4493 tuorve
468 4442 627 4497 codd.
675 4459 796 4498 sua.
842 4443 1098 4497 Etenim:
1192 4483 1219 4511 „
1274 4442 1373 4497 uid

224 4509 399 4636 2:5⁸3?
422 4511 669 4654 13:¹35&
694 4531 989 4656 ’ζέμωωο
988 4515 1371 4655 ἒῖἷῗῃὶᾞ

1454 2161 1570 2212 test
1603 2157 1872 2212 honeste?
1909 2175 2022 2212 non
2057 2157 2128 2212 de
2163 2156 2347 2212 aliena
2370 2173 2606 2227 pauper-

1456 2228 1614 2284 tate?
1649 2245 1762 2282 non
1802 2233 1870 2284 ut
1904 2229 2060 2298 inopi
2108 2228 2287 2284 amico
2335 2246 2437 2297 per
2474 2229 2608 2283 alte-

1456 2300 1575 2354 rius
1627 2301 2025 2356 liberalitatem
2075 2300 2440 2356 subveniat?“
2513 2300 2609 2353 Vi-

1457 2371 1572 2440 des,
1609 2372 1775 2425 nimis
1817 2377 1978 2428 acute
2014 2372 2114 2428 illa
2149 2372 2436 2441 disputata
2472 2389 2607 2440 esse,

1456 2460 1589 2498 nam
1626 2442 1776 2512 quod
1812 2448 2058 2512 vetatur,
2106 2461 2178 2498 ne
2226 2444 2349 2512 quis
2393 2442 2466 2497 de
2505 2459 2611 2497 sua

1456 2517 1792 2585 paupertate
1842 2533 2030 2570 coram
2076 2515 2294 2585 magnis
2342 2514 2482 2568 viris
2530 2514 2609 2568 lo-

1457 2591 1680 2654 quatur,
1719 2585 1778 2640 id
1814 2586 2192 2657 intellegimus
2227 2586 2397 2640 ultro.
2435 2585 2609 2640 Recte

1457 2657 1636 2728 igitur
1672 2657 1879 2712 Keller.
1918 2674 2019 2713 suo
2055 2658 2319 2712 servavit.
2366 2656 2502 2724 Alii,
2539 2660 2605 2711 ut

1458 2729 1699 2800 Kriiger.
1759 2728 1980 2784 Miiller.
2043 2729 2248 2783 Ritter.
2321 2728 2606 2782 Eckstein.

1458 2799 1684 2854 Linker.
1756 2797 2068 2854 Meinekius
2149 2799 2612 2869 obtemperarunt

1458 2871 1786 2926 auctoritati
1847 2871 2182 2927 Lachmanii
2249 2870 2322 2924 ad
2383 2871 2609 2925 Lucret.

1456 2959 1511 3012 p.
1559 2945 1681 3009 238,
1726 2943 1821 3010 qui
1871 2943 2160 3012 vulgatam
2202 2943 2501 2996 lectionem
2545 2946 2611 2995 ut

1457 3013 1864 3082 ineptissimam
1929 3017 2287 3068 contemnens
2351 3012 2609 3067 adversa-

1458 3086 1574 3139 rios
1615 3085 1766 3154 quod
1802 3091 1996 3154 aptum
2042 3090 2099 3140 et
2147 3103 2346 3140 verum
2381 3085 2456 3138 sit
2491 3102 2611 3139 sen-

1456 3157 1570 3211 tire
1606 3173 1767 3226 posse
1799 3163 1996 3228 negat3
2046 3175 2280 3226 eumque
2326 3156 2490 3210 multi
2529 3174 2611 3210 se-

1459 3229 1576 3283 cuti
1613 3233 1760 3283 sunt.
1819 3229 2211 3284 Doederlinius
2247 3233 2444 3283 contra
2481 3227 2610 3282 scri-

1458 3301 1574 3370 psit
1643 3315 1767 3368 em,
1841 3301 2249 3370 interpretatus
2333 3304 2418 3353 est
2492 3315 2610 3353 sua.

1458 3371 1743 3426 Duentzer
1793 3389 1920 3426 cum
1970 3371 2128 3426 codd.
2185 3387 2298 3426 suo.
2336 3401 2402 3411 —
2445 3375 2613 3454 caput

1460 3442 1558 3498 hoc
1596 3443 1740 3512 erat]
1779 3443 1888 3496 Cic.
1927 3443 1996 3498 de
2035 3443 2132 3497 Or.
2169 3443 2212 3511 I,
2253 3445 2342 3496 10:
2389 3442 2609 3510 „Phno-

1460 3514 1766 3584 sophorum
1799 3531 1996 3585 greges
2031 3515 2142 3568 iam
2197 3515 2269 3568 ab
2314 3513 2415 3567 illo
2453 3514 2612 3568 fonte

1461 3590 1521 3640 et
1578 3585 1763 3654 capite
1819 3585 2096 3640 Socrate.“
2197 3585 2289 3640 Sic
2347 3586 2614 3655 intellege

1459 3657 1670 3711 locum:
1748 3655 1909 3724 „Noli
1947 3655 2304 3727 impudenter
2347 3674 2467 3712 rem
2503 3657 2612 3710 tibi

1462 3745 1497 3784 a
1518 3733 1761 3797 patrono
1793 3745 2012 3798 rapere,
2039 3729 2136 3782 sed
2172 3745 2326 3782 sume
2364 3745 2508 3796 quae
2531 3727 2613 3781 of-

1460 3799 1725 3854 feruntur
1747 3801 2058 3854 verecunde
2083 3803 2139 3854 et
2163 3799 2443 3866 modeste;
2479 3815 2610 3852 nam

1462 3872 1570 3926 hoc
1605 3871 1796 3942 agitur
1841 3872 2035 3934 solum,
2081 3875 2147 3925 ut
2191 3871 2430 3940 accipias
2471 3886 2614 3939 quae

1461 3943 1654 3998 velis.“
1695 3971 1762 3982 -—
1798 3943 2056 4012 succinit]
2109 3943 2430 4012 „Exprimit
2463 3957 2612 3996 men-

1464 4015 1718 4069 dicorum
1778 4014 2112 4082 cantilenas,
2173 4014 2268 4084 qui
2330 4013 2616 4067 succinunt

1464 4085 1573 4140 sibi
1609 4085 1898 4140 invicem.“
1975 4085 2157 4140 Schol.
2195 4085 2300 4139 Est
2343 4085 2494 4138 enim
2538 4085 2615 4138 al-

1462 4162 1652 4212 terum
1685 4159 2100 4227 praecinentem
2137 4157 2410 4212 comitari.
2483 4155 2613 4209 Kel-

1462 4230 1614 4284 lerus
1651 4245 1778 4284 cum
1815 4229 1973 4285 codd.
2014 4228 2349 4298 quibusdam
2388 4231 2446 4282 et
2472 4226 2616 4281 Doe-

1464 4301 1705 4355 derlinio
1759 4302 1841 4356 sie
1893 4301 2181 4355 distinxit:
2281 4298 2394 4370 „Et
2445 4299 2613 4352 mW‘

1464 4371 1694 4428 dividuo
1734 4371 1871 4440 find.
1916 4389 2062 4426 mn.
2113 4371 2376 4442 quadra-,-
2415 4375 2480 4424 ut
2515 4370 2615 4424 sit:

1467 4442 1515 4496 si
1552 4443 1788 4498 succinit
1820 4445 1968 4498 alter
2000 4447 2090 4506 „et
2111 4441 2305 4511 mihi“,
2331 4447 2453 4496 tum
2482 4459 2615 4512 qua-

1468 4513 1574 4568 dra
1613 4515 1844 4570 dividuo
1879 4533 2108 4570 munere
2143 4513 2406 4570 findetur.
2461 4513 2616 4568 Idem

1468 4586 1684 4654 placuit
1717 4585 2060 4656 Ecksteinio,
2105 4603 2218 4642 non
2251 4586 2508 4641 Miillero.
2547 4615 2615 4624 —
