3092 5059
1054 247 1216 314 LIB.
1263 248 1345 314 Π.
1389 247 1574 316 SAT.
1620 248 1707 315 ΙΙ.

2520 246 2642 311 431

343 432 640 511 Iratum
683 444 1069 532 patruum,
1127 435 1448 531 vicinos,
1497 449 1575 513 te
1624 433 1769 531 tibi
1814 432 2168 534 iniquum

342 558 438 634 Et
479 560 768 635 frustra
819 559 1092 635 mortis
1129 560 1520 660 cupidum,
1567 585 1741 637 oum
1795 558 2041 635 deerit
2090 559 2347 657 egenti

341 682 476 778 Ae,
528 680 786 780 laquei
839 681 1197 780 pretium.

1303 682 1555 780 „Iul-e,

1564 679 1609 718 “
1661 684 1909 783 inquit
1959 682 2366 780 „Transius
2418 683 2580 759 istie

243 842 316 879 ιω
341 806 706 904 Iurgatur
761 806 1050 901 verbie3
1108 830 1256 903 ego
1311 806 1719 905 vectigalia
1770 832 2053 905 magna

339 930 823 1030 Divitiasque
873 932 1121 1007 habeo
1167 930 1412 1006 tribus
1459 930 1757 1030 amplas
1807 928 2196 1030 regibus.“
2298 932 2530 1030 ErgO,

343 1054 574 1148 Quod
619 1067 932 1155 superat
983 1081 1138 1131 non
1193 1068 1308 1131 eet
1349 1055 1625 1132 melius
1678 1082 1831 1156 quo
1886 1056 2269 1132 insumere
2321 1058 2617 1157 possis?

343 1184 500 1261 Cur
561 1195 736 1282 eget
779 1182 1143 1279 indignus
1198 1182 1608 1283 quisquam
1662 1198 1739 1261 te
1791 1183 2080 1259 divite?
2139 1209 2377 1283 quare

342 1306 674 1405 Templa
726 1319 956 1383 ruunt
997 1307 1314 1407 antiqua
1367 1306 1650 1383 deum?
1706 1334 1863 1406 eur,
1913 1308 2289 1406 improbe,
2345 1333 2567 1385 carae

249 1463 321 1503 ιω
343 1432 518 1507 Non
572 1430 870 1532 aliquid
923 1432 1220 1529 patriae
1271 1444 1482 1509 tanto
1537 1434 1875 1510 emetiris
1925 1459 2199 1511 acervo
2218 1436 2254 1509 ’Β

341 1554 499 1633 Uni
548 1557 916 1632 nimirum
958 1568 1166 1633 reete
1216 1556 1360 1633 tibi
1405 1582 1713 1658 semper
1757 1572 1979 1634 erunt
2026 1562 2197 1635 ree?

346 1680 417 1758 Ο
477 1707 801 1781 magnus
855 1682 1178 1780 posthae
1227 1684 1562 1761 inimicis
1614 1684 1849 1760 risus!
1950 1684 2243 1761 Uterne

345 1806 477 1881 Ad
529 1833 745 1883 casus
799 1807 1078 1884 dubios
1127 1806 1317 1884 fidet
1363 1809 1514 1884 eibi
1568 1810 1897 1886 certius?
1948 1809 2076 1886 hie
2131 1808 2264 1909 qui

346 1930 710 2011 Pluribus
759 1932 1086 2009 assuerit
1133 1945 1468 2009 mentem
1519 1958 1951 2034 corpusque
2004 1934 2445 2034 superbum,

248 2092 322 2129 uo
346 2056 480 2133 An
533 2058 666 2158 qui
718 2070 1119 2135 contentus
1170 2084 1414 2160 parvo
1465 2072 1971 2160 metuensque
2020 2060 2265 2136 futuri

347 2182 442 2259 In
496 2208 688 2283 paee
739 2197 824 2258 ut
875 2184 1182 2280 sapiens
1235 2185 1516 2286 aptarit
1564 2184 1849 2261 idonea
1897 2184 2151 2261 bello?

455 2384 625 2479 Quo
645 2384 892 2483 magis
912 2384 1030 2459 his
1060 2384 1352 2481 eredas,
1375 2412 1570 2485 puer
1593 2384 1797 2461 huno
1826 2410 1974 2484 ego
1998 2410 2279 2486 parvus
2305 2381 2653 2460 Ofellum

350 2510 692 2609 Integris
745 2508 1017 2608 opibus
1068 2511 1254 2585 novi
1305 2537 1460 2586 non
1514 2510 1743 2586 latius
1794 2535 2010 2585 usum

352 2636 612 2730 Quam
661 2661 867 2711 nuno
918 2636 1210 2712 accisis,

1318 2635 1604 2712 Videas
1658 2648 1941 2713 metato
1994 2636 2075 2711 in
2126 2634 2382 2733 agello

252 2794 326 2834 ιιι
353 2760 557 2838 Cum
609 2785 889 2860 pecore
945 2772 1023 2836 et
1071 2762 1323 2861 gnatis
1369 2762 1653 2837 fortem
1701 2760 2055 2837 mercede
2107 2759 2497 2837 colonum:

249 3019 658 3075 Coniunctivus
694 3020 931 3074 manalis
976 3023 1062 3075 est
1105 3035 1272 3089 quem
1319 3036 1410 3074 vo·

1507 3018 1929 3075 accommodato
1982 3017 2256 3074 voeabulo
2312 3017 2385 3073 ad
2433 3032 2536 3073 res.
2592 3045 2663 3058 -—

249 3097 399 3147 eant.
443 3119 512 3131 —
547 3091 836 3161 patruum]
873 3092 1054 3146 Germ.
1094 3090 1194 3159 111,
1235 3092 1301 3145 12
1359 3092 1411 3145 8.
1498 3090 1753 3162 posthac]
1810 3090 1987 3159 „Cum
2039 3090 2445 3161 patrimonium
2498 3105 2664 3145 omne

251 3162 370 3218 sat.
406 3163 482 3231 11,
521 3166 574 3230 3,
609 3164 696 3216 ee.
739 3192 800 3205 -
843 3162 1042 3232 amit]
1077 3162 1150 3217 ef.
1190 3162 1261 3217 ad
1297 3132 1412 3217 ἑατ.

251 3234 296 3303 1,
336 3236 390 3304 9,
429 3236 519 3289 56.
561 3262 624 3273 --
665 3233 870 3304 laquea]
909 3233 1190 3289 Bembina
1249 3250 1414 3303 „cum

253 3312 418 3361 tenta
467 3306 578 3360 erit
623 3310 724 3359 tua
778 3310 1014 3375 egestae,
1067 3312 1134 3361 ut
1175 3323 1249 3365 ne
1289 3308 1412 3361 tan-

253 3378 446 3433 tillum
470 3376 697 3447 quidem
722 3377 993 3445 peouniae
1017 3377 1239 3443 habeas,
1264 3377 1414 3431 unde

253 3450 536 3520 laqueum,
597 3465 708 3517 quo
771 3449 1016 3503 animam
1077 3448 1186 3503 tibi
1241 3449 1415 3503 inter-

252 3521 466 3588 cludas,
501 3520 844 3589 compares.“
905 3548 971 3559 -
1027 3519 1236 3590 inquit]
1286 3520 1415 3577 vide

252 3592 325 3648 ed
362 3592 483 3649 Sat.
517 3592 559 3653 Ι,
598 3595 650 3657 4,
692 3592 778 3645 79.
806 3620 871 3631 -
915 3590 1208 3661 stamius]
1246 3592 1414 3647 homo

251 3664 592 3729 luxuriosus,
635 3680 751 3717 non
795 3662 1096 3717 admodum
1131 3663 1306 3719 dives.
1346 3692 1414 3704 -

241 3735 388 3791 vecti
423 3734 566 3805 alia]
605 3734 786 3789 Carm-
823 3734 926 3803 111,
952 3735 1040 3804 16,
1071 3736 1158 3789 40.
1199 3733 1310 3789 cie.
1345 3735 1416 3790 de

253 3806 348 3861 off.
447 3848 462 3871 ,
499 3808 586 3860 25.
624 3806 717 3861 Ad
756 3806 1096 3861 sententiam
1133 3804 1204 3860 cf.
1231 3806 1416 3875 Epist.

255 3878 302 3945 Ι,
341 3878 428 3944 18,
465 3880 552 3932 28.
591 3906 658 3919 --·
712 3877 906 3947 tribue]
958 3878 994 3933 i.
1033 3895 1078 3932 e.
1117 3877 1296 3933 habeo
1333 3878 1416 3933 di·

255 3950 446 4014 vitias,
505 3966 650 4018 quae
689 3949 872 4005 tribus
919 3949 1145 4021 regibus
1195 3950 1417 4018 amplae

259 4021 579 4089 videantur,
619 4037 856 4090 quarum
901 4021 1016 4076 iam
1063 4020 1236 4076 tertia
1285 4038 1418 4090 pars

257 4092 466 4163 regalis
489 4092 651 4162 eopia
673 4097 776 4147 est..
803 4122 869 4131 —
903 4092 1081 4162 ,Eo-90]
1119 4092 1416 4162 indignan-

255 4164 332 4219 ti·
370 4168 479 4219 eote
539 4180 666 4219 eum
703 4169 924 4219 tentum
970 4164 1196 4227 habeas,
1233 4180 1419 4219 nonne

260 4240 346 4291 ent
381 4251 493 4304 quo
529 4236 730 4291 melius
761 4234 1042 4291 insumere
1063 4234 1242 4304 possis
1266 4234 1420 4304 quod

259 4309 555 4375 superent?
608 4336 676 4347 —
720 4306 1004 4377 indignus]
1045 4310 1310 4377 egestate.
1349 4336 1416 4347 —

259 4378 456 4446 templa
492 4378 688 4449 ruunt]
733 4378 864 4434 vide
901 4378 972 4433 ad
1009 4377 1191 4432 Ciu-m.
1229 4377 1330 4447 111,
1369 4378 1419 4432 6.

263 4478 330 4488 —
365 4455 506 4506 recte
539 4449 723 4521 arunt]
759 4449 911 4505 infra
947 4466 998 4504 v.
1037 4450 1155 4503 120.
1193 4447 1310 4504 Sat.
1347 4450 1419 4517 H,

261 4522 316 4590 8,
359 4523 479 4576 162.
543 4522 618 4591 11,
655 4524 708 4590 8,
749 4522 832 4577 19.
906 4520 1058 4575 Male
1103 4520 1164 4575 in
1217 4520 1419 4577 codici-

258 4590 366 4649 bus
405 4592 690 4648 nonnullis
728 4592 902 4647 etiam
947 4592 1174 4662 optimis
1224 4598 1420 4661 rectae,

1505 3179 1610 3232 per
1646 3162 1927 3217 luxuriam
1966 3162 2425 3231 consumpserie.“
2494 3161 2661 3215 Aere.

1507 3263 1577 3275 —
1611 3233 1821 3302 uterne]
1856 3233 1989 3288 vide
2024 3233 2097 3287 ad
2136 3233 2249 3288 Sat.
2282 3233 2327 3302 Ι,
2360 3234 2442 3301 10,
2466 3235 2556 3287 21.
2592 3232 2663 3287 ef.

1507 3306 1581 3373 H,
1620 3305 1673 3371 3,
1709 3306 1833 3359 295.
1871 3306 1996 3358 317.
2063 3334 2129 3344 -
2189 3302 2501 3375 superbum]
2549 3322 2665 3359 non

1508 3394 1710 3447 eorpus
1754 3376 1935 3447 magis
1972 3393 2141 3445 quam
2190 3381 2433 3431 mentem
2480 3382 2663 3430 ornat.

1508 3448 1580 3503 of.
1618 3448 1733 3503 Sat.
1769 3448 1843 3515 11,
1877 3448 1930 3517 6,
1965 3450 2053 3501 87.
2093 3476 2160 3487 -
2190 3446 2344 3517 paee]
2376 3448 2664 3517 metapho-

1508 3521 1625 3576 rice
1661 3538 1729 3574 ex
1767 3520 1867 3574 illo
1896 3524 2228 3590 praecepto:
2266 3519 2401 3574 dum
2426 3536 2539 3589 pax
2564 3524 2666 3589 est,

1507 3608 1650 3662 para
1683 3591 1911 3647 bellum.

1581 3734 1648 3788 V.
1671 3736 1792 3789 112.
1830 3732 1949 3803 Quo
1987 3733 2190 3804 magis]
2231 3731 2455 3787 Horatii
2490 3730 2665 3801 ipsius

1509 3805 1571 3860 hi
1618 3809 1889 3875 quattuor
1930 3822 2125 3860 versus
2172 3809 2321 3859 sunt.
2378 3834 2445 3843 —
2504 3820 2665 3873 quam

1508 3878 1679 3945 nunc]
1782 3882 1837 3931 st
1854 3876 2281 3932 triumvirorum
2302 3876 2665 3945 proscriptio-

1509 3966 1627 4005 nes.
1722 3989 1737 4003 .
1773 3947 1939 4019 Verg.
1976 3948 2109 4005 Buo.
2148 3950 2201 4017 9,
2238 3949 2273 4001 2
2315 3964 2435 4018 sqq.
2479 3946 2665 4017 Suspi-

1513 4021 1657 4075 eeris
1694 4024 1846 4076 certe
1882 4036 1951 4075 ex
1976 4020 2242 4076 adverbio
2278 4036 2425 4075 nunc
2460 4019 2668 4074 vixisse

1511 4091 1685 4147 etiam
1750 4098 1887 4147 tuno
1945 4091 2208 4147 Ofellum.
2275 4121 2341 4133 -
2416 4090 2533 4147 inte
2611 4090 2669 4159 ']

1510 4162 1787 4233 producta.
1832 4164 2199 4233 paenultima,
2245 4163 2316 4219 cf.
2356 4161 2469 4218 Sat.
2506 4106 2666 4227 lffi,

1513 4238 1607 4302 543
1664 4235 1831 4290 aliter
1878 4252 2051 4305 supra
2092 4254 2146 4289 v.
2188 4236 2273 4288 92.
2350 4234 2533 4289 Cum.
2574 4234 2670 4299 1v,

1511 4310 1567 4375 4,
1604 4308 1691 4361 66.
1741 4306 1787 4375 Ι,
1829 4308 1911 4375 14,
1947 4310 1999 4362 9.
2055 4306 2099 4374 Ι,
2140 4307 2231 4369 26,
2268 4306 2318 4359 6.
2372 4306 2415 4373 Ι,
2454 4308 2544 4376 31,
2586 4308 2666 4359 18.

1515 4406 1580 4417 -
1623 4378 1843 4447 metato]
1891 4396 2057 4447 quem
2102 4381 2347 4432 metator
2384 4377 2667 4433 Umbreno

1513 4449 1684 4505 militi
1738 4450 1985 4505 dederat.
2062 4448 2201 4503 Vide
2246 4448 2319 4503 nd
2367 4448 2552 4503 Germ.
2592 4448 2668 4518 11,

1518 4524 1604 4585 15,
1648 4522 1730 4576 15.
1797 4551 1861 4562 —
1924 4520 2163 4576 mercede
2217 4518 2461 4591 colonus]
2523 4519 2669 4575 Vide

1516 4592 1591 4647 ad
1628 4592 1807 4647 Carm.
1846 4592 1893 4656 I,
1930 4592 2019 4661 35,
2055 4594 2107 4647 6.
2180 4591 2251 4647 ef.
2286 4591 2467 4663 Epist.
2506 4590 2577 4658 11,
2620 4594 2669 4662 1,
