3092 5059
1035 251 1388 320 GARMEN
1433 252 1957 320 SAEOULARE.

2589 255 2711 319 337

708 436 938 516 Orbis
992 453 1078 516 ut
1123 452 1384 516 cantus
1436 441 1881 540 referatque
1931 440 2154 518 ludos

708 565 862 641 Ter
915 565 1042 642 die
1095 566 1302 642 claro
1355 566 1790 666 totiensque
1840 579 2057 665 grata

907 691 1150 768 Nocte
1193 692 1655 792 frequentes.

621 872 674 914 ιε
709 841 1021 942 Vosque
1071 869 1378 919 veraces
1433 842 1821 938 cecinisse,
1877 842 2183 939 Parcae,

707 965 940 1060 Quod
993 968 1232 1044 semel
1288 968 1580 1045 dictum
1634 980 1750 1043 est
1802 966 2249 1067 stabilisque
2296 994 2555 1046 rerum

709 1091 1113 1169 Terminus
1165 1105 1441 1189 servet,
1488 1093 1697 1168 bona
1744 1090 1902 1167 iam
1951 1092 2280 1192 peractis

904 1217 1214 1316 Iungite
1265 1217 1448 1293 fata.

708 1366 1013 1443 Fertilis
1064 1366 1381 1464 frugum
1439 1367 1898 1466 pecorisque
1946 1365 2207 1442 Tellus

628 1523 680 1563 ao
715 1489 992 1592 Spicea
1043 1491 1278 1568 donet
1329 1489 1691 1568 Cererem
1750 1517 2069 1589 corona3

706 1615 1064 1692 Nutriant
1114 1616 1320 1691 fetus
1374 1628 1448 1690 et
1501 1639 1748 1714 aquae
1794 1614 2135 1691 salubres

907 1741 1004 1814 Et
1053 1740 1260 1815 Iovis
1314 1765 1571 1815 aurae.

712 1891 1048 1971 Condito
1092 1891 1302 1966 mitis
1353 1888 1862 1991 placidusque
1911 1888 2067 1964 telo

705 2014 1110 2116 Supplices
1158 2015 1344 2091 audi
1392 2039 1697 2118 pueros,
1749 2011 2076 2115 Apollo;

624 2171 677 2213 ιε
713 2138 1070 2218 Siderum
1124 2141 1398 2239 regina
1443 2138 1781 2215 bicornis
1826 2139 2012 2215 audi

905 2265 1130 2342 Luna
1177 2264 1498 2367 puellas.

307 2459 382 2524 te,
437 2458 504 2508 ιιι
561 2452 722 2508 ovid.
779 2452 910 2509 Her.
968 2453 1054 2523 12,
1109 2455 1179 2508 87
1196 2475 1210 2508 =
1285 2453 1461 2524 „Iuno

308 2526 480 2581 sacris
533 2525 822 2596 praefecta
866 2525 1142 2580 maritis.“
1201 2554 1267 2566 -—
1329 2527 1463 2594 refe-

306 2597 524 2667 ratque]
562 2597 694 2652 vide
731 2597 802 2651 ad
841 2597 1023 2653 Carm.
1062 2596 1134 2666 11,
1174 2600 1222 2663 7,
1262 2598 1350 2651 25.
1391 2626 1463 2636 -

307 2670 413 2738 ter]
449 2669 508 2722 in
560 2673 683 2723 toto
740 2670 985 2724 carmine
1036 2686 1299 2724 numerus
1350 2674 1461 2723 ter-

307 2741 500 2795 narius
538 2741 698 2809 quasi
733 2746 969 2812 regnat:
1033 2746 1183 2810 „tres
1221 2744 1352 2795 sunt
1382 2740 1464 2795 fe·

307 2812 384 2867 sti
436 2812 586 2880 dies,
647 2817 761 2868 tres
819 2817 1038 2880 noctes,
1104 2816 1194 2868 ter
1261 2828 1461 2868 novem

309 2884 490 2954 pueri,
526 2887 616 2938 ter
668 2901 874 2938 novem
929 2883 1167 2954 puellae,
1219 2888 1310 2939 ter
1351 2884 1461 2938 sin-

306 2956 469 3026 gulas
505 2973 696 3026 preces
735 2955 982 3011 fundunt
1014 2956 1175 3025 pueri
1209 2956 1268 3010 in
1305 2960 1461 3010 utra-

310 3043 419 3095 que
457 3027 720 3082 earminis
747 3034 927 3097 parte,
962 3032 1051 3082 ter
1087 3027 1334 3097 puellae;
1373 3031 1462 3082 ter

307 3103 376 3152 ut
449 3115 640 3169 preces
715 3099 1086 3155 exaudiantur
1157 3103 1462 3169 precantur

309 3170 485 3225 chori.
489 3171 522 3200 “
561 3169 797 3225 Steiner.
848 3201 912 3210 --
951 3170 1281 3242 frequentes]
1322 3171 1460 3225 Con·

309 3241 458 3296 tulto
480 3242 533 3296 h.
563 3259 616 3295 v.
653 3242 713 3296 in
747 3241 858 3297 fine
895 3243 1160 3312 strophae
1194 3243 1442 3312 positu
1388 3280 1463 3368 od

307 3313 1462 3455 ggsssilliixagisfrgiqliienzmassiigoeffgxiagiilim.

309 3486 378 3498 —
402 3456 636 3525 Parcae]
674 3457 871 3512 Preces
915 3456 990 3512 ad
1013 3457 1217 3512 Parcas
1256 3460 1315 3511 et
1338 3455 1462 3512 Tel·

307 3529 490 3582 lurem
525 3528 600 3594 (v.
626 3529 722 3598 29)
745 3529 1124 3614 praescriptae
1150 3533 1313 3583 erant
1337 3545 1458 3582 ver-

305 3600 460 3654 sibus
481 3598 851 3684 Sibyllinisz,
855 3601 1012 3668 ,ἔνθα
1055 3598 1123 3653 σὺ
1161 3601 1334 3686 ῥέζειν
1369 3597 1462 3653 ι·-1ε

307 3669 377 3742 ρὰ
425 3667 785 3740 ποντογόνοις
829 3677 1139 3740 Μοίραις
1185 3689 1354 3742 αρνας
1405 3687 1464 3724 τε

309 3746 403 3796 καὶ
435 3742 612 3812 alyne.
651 3747 900 3802 Κυανέας
936 3741 990 3796 δ’
1018 3743 1112 3798 ἐπὶ
1135 3749 1254 3802 ταῖς
1277 3743 1330 3795 δ’
1356 3745 1462 3796 Εἰ-

309 3817 618 3874 λειθυίας
710 3812 1027 3902 ἀρέσασθαι
1137 3807 1458 3869 Παιδοτό·

307 3905 461 3946 κους
495 3890 760 3941 θυέεσσιν
797 3880 908 3960 ὅπῃ
955 3891 1136 3970 θέμις.
1203 3877 1358 3942 Ab&
1399 3884 1463 3938 δὲ

309 3963 474 4031 Γαίῃ
530 3960 870 4059 Πληθομέινῃ
919 3951 1114 4030 χοῖρός
1165 3975 1222 4011 τε
1267 3962 1359 4011 καὶ
1403 3976 1466 4016 υς

306 4032 507 4099 teg-»otto
593 4030 833 4084 έλαιναέ*
879 4058 948 4069 -
995 4029 1172 4100 semel]
1223 4029 1354 4084 vide
1391 4027 1464 4083 ad

310 4100 490 4156 Germ.
559 4103 700 4169 ,,24
743 4103 830 4156 16.
919 4100 1190 4156 Romanis
1236 4100 1462 4155 oraculo

308 4177 434 4228 erat
479 4172 846 4242 praedictum,
893 4171 1162 4242 quamdiu
1205 4172 1321 4228 rite
1365 4171 1462 4226 ha·

306 4243 576 4300 berentur
613 4244 731 4298 ludi
771 4245 1080 4300 saeculares
1121 4244 1336 4298 tamdiu
1379 4243 1463 4298 in·

309 4317 526 4371 colume
550 4315 674 4370 fore
713 4315 1012 4385 imperium
1034 4315 1367 4370 Romanum.
1393 4343 1466 4354 --

308 4387 496 4472 servet]
543 4387 636 4441 Sic
680 4385 1024 4442 Scholiastae
1073 4390 1133 4442 et
1193 4386 1465 4456 antiquis-

307 4459 436 4514 simi
460 4457 802 4528 plurimique
831 4457 1066 4527 codices,
1089 4459 1150 4511 in
1173 4458 1297 4513 aliis
1317 4457 1464 4513 male

307 4535 506 4592 mat.
550 4528 702 4599 quod
747 4547 816 4585 ex
859 4529 1218 4600 praecedenti
1254 4529 1463 4584 indica-

309 4601 432 4656 tivo
480 4606 561 4658 est
609 4606 931 4672 corruptum
983 4605 1237 4672 apparet.
1313 4599 1464 4656 Ordo

405 4722 631 4764 Horatius
665 4723 741 4767 ed.
776 4722 1113 4774 nnlenburger
1135 4721 1340 4764 ed.V11.

1560 2454 1863 2509 verborum
1886 2447 1995 2510 'hic
2042 2458 2153 2509 est:
2211 2471 2344 2522 „vos
2380 2449 2587 2508 Parcae
2620 2469 2713 2521 vp-

1560 2543 1716 2581 races
1778 2527 2043 2582 cecinisse
2102 2525 2321 2595 iungite
2378 2525 2529 2579 bona
2593 2524 2714 2580 fata

1561 2598 1675 2652 ism
1711 2598 1955 2668 peractis
1992 2597 2146 2662 fatis,
2180 2597 2329 2665 quod
2367 2596 2596 2665 quidem
2632 2613 2711 2651 se-

1560 2670 1670 2724 mel
1706 2669 1921 2724 dictum
1957 2675 2041 2724 est
2075 2668 2337 2738 quodque
2368 2667 2589 2722 stabilis
2624 2685 2709 2722 re-

1558 2759 1686 2795 rum
1722 2741 1995 2796 terminus
2042 2741 2282 2796 servet.“
2351 2739 2535 2794 Bentl.
2584 2757 2712 2795 con-

1558 2812 1769 2867 iecerat
1827 2812 2029 2868 dictum
2087 2811 2302 2866 stabulis
2352 2827 2458 2880 per
2521 2825 2713 2867 aevum

1560 2883 1845 2939 Terminus
1880 2889 2066 2940 servet.

1630 2955 1697 3011 V.
1734 2957 1819 3010 29.
1877 2953 2071 3024 Tellus]
2118 2954 2249 3008 vide
2294 2970 2487 3008 versus
2532 2953 2711 3023 Sibyl-

1558 3027 1705 3080 linos
1750 3026 1821 3081 ad
1867 3045 1920 3080 v.
1960 3028 2031 3080 25
2080 3026 2335 3095 scriptos.
2422 3025 2491 3080 cf.
2540 3026 2713 3080 iusiu-

1542 3099 1795 3152 randum
1858 3097 2126 3184 Philippi
2170 3115 2278 3152 cos.
2339 3097 2489 3184 apud
2547 3097 2711 3152 Dion.

1556 3169 1761 3240 fragm.
1782 3187 1856 3254 p.
1898 3171 2023 3224 128.
2074 3161 2303 3256 ,,’Ὀμνυε
2338 3169 2436 3222 τὸν
2471 3173 2581 3222 Δία
2616 3167 2715 3222 τὸν

1560 3236 1917 3296 Καπετώλιον
1951 3245 2045 3295 καὶ
2078 3237 2177 3306 τὴν
2219 3238 2435 3294 Ἑστίαν
2470 3241 2561 3305 τῆς
2592 3233 2713 3294 Ῥώ-

1557 3332 1667 3385 μης
1724 3317 1817 3366 καὶ
1875 3311 1975 3367 τὸν
2033 3311 2291 3398 πατρῷον
2354 3308 2513 3378 αὐτῆς
2552 3306 2714 3398 Λρην

1560 3389 1651 3437 καὶ
1710 3381 1810 3439 τὸν
1874 3387 2152 3468 γέναρχον
2198 3377 2392 3438 ιἨλιον
2447 3386 2539 3436 καὶ
2598 3381 2715 3450 τὴν

1560 3453 1915 3526 εὐεργέτιν
1974 3459 2151 3518 ζωων
2201 3471 2269 3507 τε
2323 3459 2431 3508 καὶ
2493 3455 2714 3527 φυτῶν

1559 3529 1713 3592 Γῆν.
1749 3527 1826 3582 Ει
1851 3525 1951 3582 cfr.
1984 3525 2460 3595 Tibull.1‚1,15:
2499 3527 2711 3596 „Flava

1560 3599 1741 3666 Ceres,
1798 3599 1906 3653 tibi
1950 3599 2025 3652 sit
2072 3567 2265 3653 nostr6
2310 3599 2380 3653 de
2432 3615 2565 3653 rure
2624 3615 2711 3652 co-

1558 3687 1697 3724 rona
1726 3639 1983 3740 ’Spiceafl
2038 3699 2102 3710 —
2150 3669 2322 3739 fetus]
2376 3670 2431 3724 h.
2476 3687 2529 3724 v.
2576 3669 2711 3724 dici-

1556 3745 1654 3796 ιιιι·
1696 3759 1811 3796 ιιοιι
1847 3741 2027 3796 solum
2062 3740 2133 3795 de
2158 3741 2487 3796 animalium
2523 3745 2710 3811 partu,

1558 3813 1657 3867 sed
1726 3813 1896 3869 etiam
1957 3812 2027 3867 de
2090 3829 2357 3883 agrorum
2415 3812 2709 3867 fructibus.

1556 3883 1727 3956 Verg-
1755 3884 1955 3956 Georg.
1990 3884 2036 3953 Ι,
2072 3886 2159 3938 55.
2196 3883 2270 3952 Π,
2306 3885 2429 3939 890.
2467 3883 2577 3938 Cic.
2616 3883 2709 3936 Or.

1558 3957 1611 4025 2,
1658 3957 1752 4010 30:
1829 3903 2036 4027 „Agger
2061 3959 2299 4010 novatus
2350 3959 2409 4010 et
2456 3954 2711 4022 iteratus,

1596 4045 1670 4083 no
1716 3997 1975 4083 meliores
2025 4027 2173 4084 fetus
2221 4028 2401 4097 possit
2446 4031 2505 4082 et

1558 4045 1744 4154 giorno
1800 4099 2017 4155 edere-‘⁴
2057 4127 2121 4139 —
2160 4098 2421 4168 salubres]
2469 4097 2711 4152 Adiecti-

1558 4189 1693 4226 vum
1742 4171 1991 4226 medium
2049 4171 2201 4225 inter
2256 4170 2482 4224 nomina
2536 4168 2711 4224 subst-

1559 4243 1810 4312 positum
1868 4241 1939 4297 ad
1998 4247 2300 4310 utrumque
2358 4240 2715 4295 referendum

1556 4331 1739 4383 neque
1765 4313 1885 4368 ulla
1909 4313 2272 4368 distinctione
2306 4312 2712 4384 segregandum

1558 4403 1593 4440 a
1637 4403 1761 4441 voc.
1807 4401 1983 4456 aquae
2032 4390 2131 4439 aut
2167 4383 2239 4438 ab
2288 4383 2469 4438 altero
2521 4399 2706 4438 aurae.

1568 4459 1735 4526 Aqua
1778 4461 1865 4512 est
1905 4457 2099 4526 pluvia
2149 4455 2219 4510 cf.
2258 4455 2441 4510 Carm-
2486 4453 2588 4526 ΠΙ,
2628 4457 2713 4524 10,

1562 4529 1645 4584 19.
1705 4557 1769 4570 --
1825 4526 2055 4582 Condito
2102 4526 2222 4596 tezo]
2263 4527 2549 4597 Apollinis
2572 4495 2713 4582 tela

1559 4599 1832 4670 pestifera
1893 4601 2075 4668 erant,
2121 4603 2179 4653 et
2222 4597 2424 4654 Diana
2476 4599 2716 4656 bicornis
2788 4651 2795 4658 .

2246 4697 2318 4748 22
