3092 5059
427 212 553 277 362

1379 217 1879 287 SATIRARUM

526 398 700 474 Non
727 399 918 475 alius
950 403 1380 503 quisquam,
1411 419 1490 480 at
1519 406 1661 482 tibi
1690 408 1998 502 amicae,
2031 423 2109 484 at
2132 411 2527 508 ingenium
2560 411 2839 510 ingens

525 522 829 598 Inculto
883 523 1071 602 latet
1119 528 1270 604 hoc
1319 533 1462 606 sub
1517 557 1864 630 corpore.

1968 534 2321 634 Denique
2373 548 2449 610 te
2501 536 2761 634 ipsum

447 677 497 719 ss
534 644 900 746 Concute,
957 678 1134 726 num
1194 679 1345 752 qua
1395 654 1537 730 t-ibi
1592 655 1945 733 vitiorum
2000 658 2369 735 inseverit
2420 661 2607 735 olim

527 770 824 849 Natura
873 789 1004 852 aut
1057 777 1284 853 etiam
1348 780 1819 858 consuetudo
1864 783 2105 880 mala3
2160 809 2495 884 namque

531 897 923 997 Neglectis
975 903 1270 982 urenda
1317 905 1482 980 filix
1535 907 1957 982 innascitur
2009 908 2237 1004 agris.

528 1021 727 1100 Illuc
778 1042 1408 1137 praevertemur,
1435 1044 1854 1108 amatorem
1912 1033 2117 1132 quod
2171 1035 2461 1110 amicae

531 1149 820 1250 Turpia
869 1152 1264 1249 decipiunt
1315 1181 1646 1252 caecum,
1703 1158 1891 1233 vitia
1942 1171 2075 1234 aut
2125 1158 2358 1235 etiam
2422 1161 2593 1260 ipsa
2644 1160 2845 1238 haec

443 1308 495 1349 ιο
529 1275 954 1369 Delectant,
1003 1279 1242 1355 veluti
1293 1281 1707 1357 Balbinum
1752 1281 2083 1383 polypus
2136 1281 2485 1380 Hagnae.

531 1399 832 1477 Vellem
882 1405 959 1477 in
1016 1405 1350 1481 amicitia
1401 1408 1512 1482 sic
1562 1433 1986 1483 erraremus
2040 1420 2114 1482 et
2164 1409 2291 1484 isti

527 1525 796 1601 Errori
846 1553 1128 1605 nomen
1179 1529 1424 1605 virtus
1473 1531 1855 1631 posuisset
1904 1533 2333 1612 honestum.

527 1649 640 1727 At
692 1665 910 1749 pater
960 1667 1046 1728 ut
1095 1655 1328 1752 gnati,
1381 1656 1491 1730 sic
1533 1683 1673 1732 nos
1728 1655 2093 1732 debemus
2144 1658 2374 1733 amici

529 1775 612 1852 Si
664 1775 873 1874 quod
917 1777 1017 1852 sit
1065 1779 1332 1852 vitium
1383 1805 1538 1854 non
1594 1781 1983 1857 fastidire:
2044 1784 2483 1859 strabonem

441 1933 492 1972 ιιι
529 1898 900 2002 Appellat
949 1917 1254 2002 paetum
1305 1917 1543 2004 pater,
1595 1921 1672 1980 et
1722 1906 2043 2006 pullum,
2092 1907 2295 1983 male
2347 1933 2629 2006 parvus

525 2027 608 2104 Si
659 2029 782 2103 cui
829 2027 1030 2102 filius
1085 2042 1218 2126 est,
1274 2044 1356 2105 ut
1408 2031 1802 2106 abortivus
1850 2031 1997 2106 fuit
2052 2031 2239 2106 olim

528 2151 936 2254 Sisyphus3
991 2153 1196 2228 hunc
1246 2181 1517 2230 varum
1570 2155 1910 2232 distortis
1963 2157 2335 2253 cruribus,
2391 2156 2615 2231 illum

423 2410 642 2489 δήματα
667 2421 876 2487 φορεῖν.
880 2415 914 2445 “
935 2445 1005 2455 -
1023 2415 1153 2486 tibi]
1179 2415 1372 2472 Fictus
1403 2416 1575 2488 signi·

421 2488 626 2544 ficetur
661 2488 1032 2542 adversarius.
1072 2487 1158 2542 De
1192 2505 1244 2542 v.
1283 2489 1468 2544 haeret
1502 2488 1574 2544 cf.

423 2561 602 2615 Carm-
639 2559 740 2627 111,
777 2561 864 2620 24,
903 2561 994 2613 55.
1032 2587 1098 2598 -
1141 2560 1385 2630 concute]
1425 2560 1575 2615 idem

423 2631 575 2702 quod
599 2636 799 2698 excute,
841 2648 951 2700 quo
977 2629 1244 2685 libentius
1267 2631 1575 2687 utebantur

421 2719 622 2774 prosae
661 2703 932 2758 orationis
969 2703 1286 2770 scriptores.
1321 2703 1573 2758 Dicimus

422 2775 572 2830 enim
617 2777 880 2828 excutere
931 2777 1144 2828 vestem
1197 2775 1430 2830 alicuius
1473 2775 1571 2830 ho-

420 2846 605 2908 minis,
647 2850 711 2900 ut
745 2845 794 2899 si
831 2845 968 2914 quid
1003 2845 1084 2899 ibi
1123 2846 1364 2901 celatum
1401 2847 1477 2902 sit
1514 2848 1575 2902 id

423 2917 662 2972 excidat.
707 2917 930 2972 Arrian.
975 2916 1160 2986 Epict.
1206 2917 1318 2985 III,
1372 2921 1464 2988 14,
1512 2922 1570 2973 3·

424 2990 807 3114 ᾖπερςβλεψαι,
847 2989 1266 3058 ἔνσείσθητι,
1303 2993 1393 3044 ἵνα
1429 3008 1577 3060 γνῳς

419 3066 501 3119 τίς
536 3077 561 3113 ε

492 3131 558 3186 V.
586 3131 672 3185 38.
705 3133 1143 3203 praeve-tamur]
1171 3133 1462 3188 Praevorti
1490 3139 1574 3190 est

421 3205 602 3258 altera
654 3221 718 3258 re
771 3204 972 3260 relicta
1027 3205 1098 3259 ad
1164 3205 1400 3260 alteram
1455 3223 1576 3260 sese

423 3279 766 3344 convertere,
811 3281 876 3329 ut
916 3275 1062 3330 hanc
1113 3276 1414 3331 habeamus
1453 3295 1573 3332 een·

421 3347 728 3401 tentiarum
797 3347 1138 3402 iuncturam:
1233 3348 1384 3416 „Iam
1448 3366 1575 3403 cum

421 3435 584 3473 nemo
619 3418 694 3472 sit
730 3419 828 3487 qui
863 3437 1068 3489 purum
1120 3436 1179 3474 se
1225 3421 1574 3488 liberumque

423 3489 578 3545 vitiis
633 3490 818 3545 dicere
861 3491 1056 3560 possit,
1107 3509 1324 3546 summa
1371 3491 1573 3546 lenitas

421 3561 740 3616 adhibenda
775 3566 860 3616 est
901 3564 962 3616 in
1010 3563 1323 3618 iudicandis
1371 3563 1573 3618 amico·

421 3649 549 3687 rum
583 3633 740 3687 vitiis
777 3633 1223 3703 imitandumque
1257 3635 1574 3704 exemplum

422 3705 748 3773 amantium,
787 3705 990 3774 quibus
1035 3713 1348 3761 amatorum
1395 3706 1573 3760 homi·

421 3794 554 3830 num
607 3777 778 3831 etiam
830 3778 1139 3846 pravitates
1186 3779 1426 3847 placent,
1473 3782 1575 3830 aut

420 3853 570 3902 certe
606 3853 922 3918 parentum,
960 3849 1055 3918 qui
1091 3866 1396 3919 puerorum
1430 3848 1573 3902 vitia

418 3919 640 3974 blandis
677 3937 842 3989 saepe
875 3920 1194 3975 nominibus
1237 3921 1420 3974 celare
1457 3925 1571 3973 stu·

420 3991 572 4046 dent.
629 4021 694 4030 —
745 3991 907 4061 vitia]
955 3991 1130 4046 Recte
1173 3992 1392 4045 monuit
1427 3991 1571 4044 Hor·

419 4063 600 4117 kelius
619 4063 784 4117 Anal.
805 4081 860 4132 p.
882 4065 982 4118 148
1007 4081 1224 4118 comma
1252 4062 1573 4132 ponendum

421 4151 538 4189 esse
563 4141 692 4203 post
717 4153 770 4188 v.
793 4150 1034 4204 caecum3
1058 4153 1187 4189 nam
1219 4135 1411 4203 turpia
1427 4133 1573 4188 vitia

345 4219 362 4246 ⁸
420 4206 652 4261 duriora
689 4223 808 4260 esse
832 4224 1002 4276 quam
1029 4223 1170 4274 quae
1193 4207 1409 4275 possint
1433 4205 1573 4260 tole-

418 4281 550 4334 rari.
630 4277 720 4332 Sic
755 4278 928 4333 etiam
974 4277 1271 4346 Miillerus3
1319 4277 1573 4332 Eckstei-

419 4348 545 4404 nius
595 4353 868 4403 commate
915 4349 1142 4404 omnino
1181 4349 1570 4404 abstinuit.—

412 4419 1012 4492 polyptw]‚‚P1-imam
1059 4421 1332 4489 syllabam
1379 4421 1573 4477 Latini

421 4496 618 4561 poetae
656 4497 979 4547 constanter
1010 4493 1346 4576 producunt,
1383 4493 1571 4548 Aeoli-

422 4579 546 4618 cam
581 4563 667 4618 illi
703 4563 946 4618 formam
981 4580 1126 4633 quae
1173 4559 1434 4625 πωλυπος
1471 4569 1573 4635 est,

1666 2415 2009 2486 sequentes.“
2082 2416 2341 2472 Mainake
2384 2417 2615 2489 Fragm.
2670 2419 2832 2473 Com.

1666 2489 1711 2543 1.
1735 2506 1791 2558 p.
1816 2490 1937 2543 256.
1987 2487 2093 2543 Est
2130 2493 2320 2545 autem
2355 2489 2559 2544 vitium
2594 2489 2829 2545 foedum

1667 2561 1919 2630 ipsarum
1944 2561 2183 2614 narium.
2220 2561 2341 2616 Iam
2380 2561 2833 2617 animadverten-

1668 2633 1743 2686 da
1777 2637 1862 2686 est
1896 2632 2127 2686 satirica
2162 2632 2442 2688 acerbitas
2478 2633 2539 2686 in
2572 2634 2695 2703 ipso
2730 2651 2829 2688 ex-

1668 2705 1877 2774 emplo;
1934 2703 2130 2758 dicunt
2185 2705 2337 2758 enim
2392 2703 2699 2774 significari
2754 2705 2826 2760 L.

1669 2775 1920 2830 Caelium
1942 2774 2263 2840 Balbinum,
2302 2776 2399 2845 qui
2437 2775 2547 2831 hoc
2568 2781 2828 2846 tempore

1665 2847 2013 2916 proscriptus
2028 2887 2042 2914 ‚
2138 2852 2295 2901 ostea
2352 2865 2605 2902 reversus
2664 2866 2715 2902 a.
2770 2866 2827 2902 u.

1668 2935 1715 2974 c.
1764 2920 1870 2972 724
1922 2935 2093 2972 consu
2161 2917 2427 2973 suffectus
2482 2923 2583 2974 est.
2675 2919 2827 2974 Frie-

1667 2989 1819 3045 schio
1856 2991 2061 3044 rectius
2086 2989 2327 3044 fortasse
2358 2989 2556 3046 fictum
2580 3007 2699 3046 esse
2722 3009 2825 3046 no·

1665 3079 1794 3116 men
1840 3061 2065 3116 videtur
2113 3079 2148 3116 a
2182 3061 2548 3117 balbutiendo
2586 3061 2662 3132 (v.
2704 3064 2821 3131 48).

1666 3133 1885 3216 Hagno.
1884 3133 2183 3188 libertinae
2206 3150 2425 3188 nomen.
2442 3163 2503 3174 --
2519 3133 2821 3204 hamtuna]

1666 3204 1810 3258 Nam
1847 3204 1889 3258 ii
1915 3205 2120 3274 quibus
2146 3221 2335 3258 sensus
2363 3210 2449 3260 est
2472 3206 2637 3275 aequi
2661 3205 2825 3261 boni-

1668 3293 1793 3344 que,
1820 3293 1943 3330 eam
1959 3276 2109 3330 inter
2128 3280 2379 3332 amantes
2397 3277 2689 3331 lenitatem
2708 3295 2827 3332 non

1666 3351 1901 3418 possunt
1950 3364 2063 3400 non
2103 3348 2361 3416 probare.
2410 3377 2477 3388 --
2522 3349 2603 3402 At
2636 3350 2823 3420 pata]

1664 3418 1907 3472 Etiamsi
1934 3418 2196 3473 adamare
2226 3436 2337 3473 non
2369 3436 2661 3489 possumus
2686 3421 2825 3474 ami·

1666 3507 1861 3544 corum
1896 3489 2054 3551 vitia,
2085 3495 2275 3544 tamen
2312 3507 2424 3544 non
2450 3490 2710 3546 fastidire
2738 3509 2823 3558 ea,

1666 3561 1762 3616 sed
1812 3566 2085 3630 quantum
2141 3578 2433 3630 possumus
2492 3563 2675 3618 celare
2726 3563 2821 3618 de-

1664 3633 1874 3688 bemus.
1918 3663 1978 3672 —
2020 3633 2346 3703 strabonem]
2394 3633 2635 3703 „Strabo
2683 3634 2821 3690 dici·

1666 3711 1762 3760 tur
1808 3704 1907 3774 qui
1948 3709 2035 3758 est
2078 3704 2313 3758 detortis
2362 3705 2561 3774 oculis3
2622 3711 2822 3775 paetus

1666 3779 1854 3832 autem
1906 3775 2003 3844 qui
2049 3781 2133 3830 est
2178 3777 2353 3830 oculis
2400 3776 2605 3832 leniter
2650 3777 2820 3833 decli-

1664 3848 1811 3902 natis
1868 3848 2067 3917 cuique
2122 3847 2233 3902 huc
2285 3853 2455 3916 atque
2522 3849 2659 3902 illuc
2710 3853 2822 3904 trc-

1666 3919 1804 3974 muli
1860 3920 2117 3974 celeriter
2173 3920 2494 3974 volvuntur.
2498 3920 2531 3948 ‘⁴
2608 3920 2821 3975 Gomm.

1668 3991 1835 4060 Cruq.
1894 3990 1979 4045 De
2014 3995 2273 4060 correpta
2318 3991 2537 4059 syllaba
2572 3995 2707 4047 ante
2738 3997 2825 4046 su·

1668 4063 1797 4117 vide
1847 4062 1919 4117 ad
1968 4061 2081 4116 Sat.
2118 4061 2174 4130 Ι,
2210 4063 2272 4130 2,
2310 4064 2398 4117 30.
2457 4093 2524 4103 -
2579 4063 2819 4146 pullum]

1668 4133 1943 4202 „Antiqui
1988 4150 2244 4203 puerum,
2291 4151 2457 4203 quem
2508 4135 2634 4204 quis
2670 4151 2823 4189 ama-

1666 4207 1779 4273 bat,
1816 4205 2034 4275 pullum
2074 4205 2193 4260 eius
2230 4205 2549 4260 dicebant.“
2601 4205 2820 4261 Festus.

1669 4277 1928 4332 Ceterum
1956 4276 2093 4332 haec
2120 4277 2365 4344 nomina,
2404 4278 2606 4361 quibus
2630 4281 2821 4347 patres

1664 4348 1913 4404 filiorum
1960 4348 2104 4432 vitia
2150 4349 2240 4403 vel
2274 4349 2585 4419 pravitates
2636 4349 2819 4405 celare

1666 4421 1913 4488 student,
1948 4419 2137 4474 omnia
2171 4425 2304 4475 sunt
2338 4421 2671 4504 cognomina
2704 4419 2819 4475 Ro-

1664 4508 1957 4547 manarum
1970 4489 2335 4558 familiarum,
2354 4492 2635 4561 inquibus
2658 4495 2823 4546 crant

1666 4564 1845 4634 Paeti,
1880 4563 2051 4633 Pulli,
2078 4562 2233 4630 Vari,
2259 4563 2581 4634 strabones,
2605 4562 2817 4618 Scauri.
