3092 5059
409 146 534 211 600

1299 139 1919 208 EPISTULARUM

508 333 696 409 Tres
751 331 942 406 mihi
995 330 1363 404 convivae
1417 354 1664 427 prope
1718 327 2124 403 dissentire
2174 327 2559 420 videntur,

513 457 920 532 Poscentes
971 455 1182 527 vario
1236 452 1563 528 multum
1620 451 1924 527 diversa
1972 450 2257 548 palato,

511 580 717 674 Quid
753 579 972 655 dem?
1017 579 1198 678 quid
1239 604 1394 652 non
1426 577 1657 653 dem?
1703 578 1959 653 renuis
1987 591 2069 652 tu
2096 577 2306 677 quod
2341 577 2559 651 iubet
2584 575 2836 668 alter3

513 704 742 796 Quod
794 706 1014 802 petis,
1069 703 1152 798 id
1205 729 1386 778 sane
1441 714 1553 777 est
1602 702 1932 777 invisum
1986 701 2448 800 acidumque
2484 700 2837 776 duobus.

427 862 478 902 σε
515 831 830 905 Praeter
882 847 1155 923 cetera,
1209 854 1334 902 me
1385 828 1776 902 Romaene
1826 839 2185 925 poemata
2237 852 2496 902 censes

512 953 865 1030 Scribere
918 978 1142 1052 posse
1195 953 1396 1028 inter
1445 963 1559 1024 tot
1606 977 1827 1026 curas
1880 962 2143 1050 totque
2192 950 2550 1028 labores?

513 1080 662 1154 Hic
715 1105 1080 1176 sponsum
1129 1087 1372 1169 vocat,
1427 1074 1555 1150 hic
1604 1073 1950 1150 auditum
2001 1075 2283 1172 scripta
2339 1073 2629 1148 relictis

477 1204 894 1282 ·Omnibus
941 1203 1246 1297 officiis3
1303 1203 1530 1277 cubat
1580 1202 1705 1276 hic
1756 1202 1835 1276 in
1888 1199 2087 1276 colle
2140 1199 2466 1294 Quirini,

513 1332 667 1406 Hie
721 1345 1062 1405 extremo
1115 1329 1195 1402 in
1251 1321 1667 1423 Aventino,
1721 1325 2081 1402 visendus
2133 1339 2489 1425 uterque:

432 1491 482 1530 το
516 1455 939 1533 Intervalla
993 1454 1204 1530 vides
1262 1453 1595 1528 humane
1648 1451 2077 1528 commoda.

2178 1453 2510 1549 „Verum

511 1583 986 1682 Puraetsunt
1037 1580 1361 1680 plateae,
1413 1579 1611 1655 nihil
1662 1593 1749 1655 ut
1798 1577 2347 1656 meditantibus
2400 1577 2733 1655 obstet.“

513 1708 853 1784 Festinat
901 1705 1195 1780 calidus
1251 1705 1477 1781 mulis
1529 1703 1973 1803 gerulisque
2023 1704 2493 1803 redemptor,

515 1833 860 1932 Torquet
896 1858 1100 1907 nunc
1133 1830 1477 1929 lapidem
1524 1855 1727 1906 nunc
1770 1831 2043 1927 ingens
2088 1830 2445 1906 machina
2488 1833 2824 1930 tignum,

514 1959 796 2035 Tristia
845 1958 1178 2032 robustis
1229 1958 1619 2033 luctantur
1667 1955 1940 2032 funera
1993 1956 2374 2056 plaustris,

433 2118 482 2160 w
521 2083 692 2160 Hac
743 2082 1050 2160 rabiosa
1103 2085 1306 2183 fugit
1359 2082 1590 2176 canis,
1636 2082 1781 2158 hac
1816 2074 2196 2158 lutulenta
2244 2084 2401 2158 ruit
2448 2107 2615 2158 sus:

522 2207 562 2281 I
609 2234 813 2283 nunc
869 2223 943 2283 et
993 2235 1257 2285 versus
1307 2224 1558 2285 tecum
1612 2207 1986 2285 meditare
2040 2233 2385 2283 canoros.
2480 2189 2485 2194 ’

417 2420 612 2487 poetas
655 2421 784 2470 sunt
821 2416 905 2470 ita
935 2417 1219 2486 laceravit,
1259 2423 1323 2472 ut
1359 2435 1429 2473 ne
1453 2417 1566 2472 Ho-

421 2505 573 2543 mero
615 2487 842 2556 quidem
877 2490 1186 2557 parceret.“
1237 2493 1398 2544 Acro.
1437 2489 1567 2544 Flo-

415 2561 535 2614 ruit
583 2565 770 2614 autem
809 2559 951 2612 Bion
999 2560 1432 2643 Borysthenites,
1484 2561 1566 2615 di-

416 2630 1566 2772 {33¹3}ss⁶3⁶3331ffl2tfff·03‡2·„25233;

414 2777 610 2843 postea
654 2773 888 2842 Cynicae
943 2778 1125 2828 sectae
1173 2776 1445 2831 addictus.
1497 2805 1564 2814 —

416 2847 530 2900 sale
563 2843 749 2915 niyro]
797 2843 910 2898 Sat.
948 2845 991 2913 1,
1035 2846 1119 2908 10,
1159 2848 1208 2901 3.
1281 2847 1353 2913 ΙΙ,
1389 2850 1440 2910 4,
1479 2849 1565 2901 74.

419 2947 482 3042 i—
500 2917 760 3041 egnatium
806 2916 1044 2986 diversa]
1095 2918 1222 2974 vide
1271 2920 1344 2974 ad
1383 2919 1563 2974 C-arm.

573 3027 587 3055 ‚
668 3029 680 3041 .

445 3029 460 3057 ²
487 3060 552 3113 V.
579 3062 666 3114 65.
717 3059 1006 3132 Romaene]
1042 3062 1310 3118 Nonnulli
1349 3061 1565 3116 codices

416 3136 471 3186 et
529 3135 782 3186 vetustae
839 3132 1110 3188 editiones
1167 3135 1314 3188 male
1361 3134 1567 3188 Romae

417 3219 580 3257 mene.
656 3203 765 3257 Sed
803 3203 1006 3260 Romae
1037 3223 1155 3261 voc.
1200 3221 1420 3260 omnem
1457 3206 1566 3259 sibi

419 3274 668 3328 vindicat
719 3275 853 3328 vim.
900 3275 970 3331 cf.
1007 3277 1120 3332 Sat.
1173 3277 1247 3345 11,
1283 3277 1337 3343 6,
1374 3279 1458 3330 33.
1497 3279 1567 3330 60

417 3363 537 3414 sqq.
585 3345 628 3414 1,
682 3349 764 3406 14,
814 3348 848 3399 8
877 3365 958 3417 sq.
1014 3351 1091 3402 17.
1182 3347 1384 3402 Omnes
1432 3348 1567 3402 Cru-

417 3419 612 3486 quiani
650 3418 858 3502 habent
893 3437 975 3474 me
1014 3421 1297 3476 Romaene.
1325 3447 1389 3458 -
1420 3421 1566 3474 labo-

416 3489 1186 3631 {?t.‡2·g{‡}”·hf<fi¹.?¹²·qhif
1199 3489 1390 3632 '03321
1399 3508 1569 3616 {¹³32

419 3632 712 3701 spondeat:
741 3631 978 3700 „Officio
999 3639 1165 3704 togae
1191 3634 1370 3688 virilis
1395 3635 1568 3688 inter-

419 3703 526 3757 fui:
575 3705 856 3772 sponsalia
901 3711 1000 3760 aut
1037 3705 1263 3775 nuptias
1310 3705 1569 3774 frequen·

420 3776 563 3842 tavi3
597 3775 692 3829 ille
717 3793 804 3829 me
828 3777 900 3830 ad
924 3777 1257 3848 signandum
1276 3782 1570 3832 testamen·

419 3851 555 3910 tum,
603 3847 700 3900 ille
755 3847 814 3900 in
872 3847 1308 3916 advocationem,
1359 3848 1456 3902 ille
1509 3849 1569 3902 in

418 3917 711 3972 consilium
739 3920 1013 3988 rogavit.“
1043 3950 1108 3960 —
1135 3919 1414 3988 sponsum]
1454 3920 1569 3974 Sat.

418 3989 488 4057 11,
515 3989 566 4056 6,
594 3992 679 4044 23.
719 3989 900 4059 Epist.
923 3991 968 4058 1,
999 3992 1083 4058 16,
1109 3994 1195 4044 43.
1225 4021 1290 4030 —
1318 3991 1568 4046 auditum

415 4061 645 4131 scripta]
692 4061 872 4132 Epist.
925 4062 968 4126 Ι,
1014 4063 1098 4131 19,
1136 4065 1220 4116 39.
1260 4062 1407 4117 infra
1450 4065 1568 4116 105.

419 4163 483 4172 -—
510 4133 689 4201 cubat]
726 4134 856 4188 vide
893 4135 965 4188 ad
991 4134 1106 4189 Sat.
1133 4135 1176 4196 1,
1206 4136 1257 4202 9,
1290 4135 1369 4188 18.
1407 4134 1570 4188 Mons

415 4204 758 4273 Esquilinus,
795 4205 854 4258 in
895 4223 1004 4275 quo
1035 4205 1303 4260 Horatius
1344 4206 1572 4259 videtur

415 4275 713 4341 habitasse,
739 4277 877 4331 situs
904 4282 1027 4333 erat
1051 4279 1202 4332 inter
1218 4277 1571 4345 Quirinalem

417 4351 475 4401 et
500 4347 861 4416 Aventinum,
886 4350 968 4404 ita
996 4354 1202 4418 tamen,
1231 4352 1297 4402 ut
1323 4348 1391 4403 ab
1417 4354 1570 4403 utro·

417 4435 528 4486 que
563 4437 765 4489 magno
813 4421 1111 4475 intervallo
1161 4421 1372 4475 divisus
1409 4425 1569 4475 esset.

419 4489 556 4542 Inde
593 4491 825 4546 humane
862 4489 1132 4546 commoda
1167 4493 1454 4562 εἰρωνικῶς
1490 4491 1571 4545 di-

1664 2421 1755 2473 ota
1800 2421 1933 2472 sunt
1972 2435 2076 2486 pro
2124 2417 2417 2500 inmane
2463 2418 2824 2487 incommoda,

1664 2495 2061 2628 issssossffiff‘
2078 2493 2441 2630 2⁰⁰31¹12⁰ffl³
2462 2489 2825 2616 33:3⁶3

1662 2632 1892 2686 Miilleri
1946 2633 2058 2686 hau
2094 2631 2269 2702 sane),
2319 2633 2577 2687 insanum
2616 2631 2821 2696 (Duen-

1659 2703 1833 2768 tzer.).
1942 2702 2223 2758 Ribbeck:
2285 2703 2497 2758 homini
2566 2705 2672 2758 nni
2744 2721 2819 2772 e.;

1662 2775 1911 2830 Schmid:
1963 2781 2200 2830 naturae
2252 2791 2333 2844 c.;
2385 2776 2548 2844 Jeep:
2622 2776 2821 2830 insane

1662 2847 1949 2902 commoda.
2023 2846 2333 2902 Lowinski:
2384 2848 2580 2901 insane
2616 2847 2817 2902 ineam-

1660 2919 1851 2987 moda3
1905 2919 2109 2988 quibus
2153 2919 2411 2974 omnibus
2458 2919 2631 2972 etiam
2668 2919 2815 2973 Krfi-

1661 3008 1779 3061 ger.
1837 2996 1893 3045 et
1936 2989 2291 3045 Ecksteinius
2348 2992 2639 3061 vulgatam
2694 2992 2817 3046 iure

1661 3063 2077 3131 praetulerunt;
2116 3066 2277 3116 tanta
2314 3062 2459 3116 enim
2486 3062 2653 3131 copia
2688 3079 2815 3116 con-

1662 3135 2002 3188 iecturarum
2072 3133 2179 3187 hoc
2246 3135 2367 3188 loco
2430 3151 2543 3189 non
2610 3133 2821 3202 minus,

1662 3223 1831 3274 quam
1876 3203 2054 3260 Carm.
2101 3203 2200 3265 111,
2238 3209 2289 3273 4,
2340 3207 2406 3258 10
2450 3210 2509 3260 et
2544 3205 2729 3276 Epist.
2776 3206 2819 3274 1,

1667 3281 1751 3341 20,
1787 3279 1854 3329 24
1893 3277 2091 3330 suadet
2130 3278 2479 3332 coniecturas
2513 3281 2579 3332 ut
2630 3277 2819 3332 faciles

1664 3349 1747 3402 ita
1808 3365 2248 3418 supervacaneas
2316 3367 2433 3403 esse
2488 3365 2695 3402 omnes.
2752 3379 2816 3388 -

1680 3419 1890 3488 Verum]
1948 3419 2219 3474 Horatius
2276 3421 2395 3490 ipse
2459 3420 2571 3474 sibi
2628 3420 2816 3475 obicit.

1664 3521 1735 3530 --
1762 3491 1957 3561 purae]
1995 3508 2205 3546 vacuae
2248 3491 2569 3546 obstaculis.
2609 3491 2815 3546 Forum

1667 3563 1815 3616 enim
1848 3563 2181 3631 Romanum,
2218 3563 2491 3633 templum
2530 3563 2683 3617 Iovis
2720 3563 2815 3618 Fe-

1665 3634 1856 3694 retrii,
1912 3633 2219 3698 Palatium,
2274 3635 2642 3704 Capitolium,
2698 3636 2813 3690 locs

1664 3707 1814 3760 inter
1877 3704 1977 3758 hos
2044 3711 2261 3760 montes
2330 3706 2701 3774 (Quirinalem
2762 3713 2815 3762 et

1664 3776 2029 3844 Aventinum)
2068 3777 2253 3832 media
2285 3782 2448 3832 erant
2484 3777 2813 3846 frequentis·

1664 3849 1820 3903 sima.
1887 3875 1955 3886 ——
2018 3847 2425 3918 meditantibus]
2480 3849 2664 3904 Carm.
2720 3849 2813 3918 111,

1664 3921 1751 3988 25,
1794 3921 1842 3973 5.
1916 3917 2031 3973 Sat.
2081 3920 2125 3986 1,
2176 3922 2223 3983 9,
2266 3922 2316 3973 2.
2377 3949 2443 3960 —-
2500 3921 2813 3990 redemptor]

1664 3991 1793 4046 vide
1831 3991 1904 4044 ad
1941 3991 2122 4046 Carm.
2162 3991 2263 4054 111,
2306 3997 2351 4059 1,
2390 3994 2477 4046 35.
2528 3991 2650 4060 Quo
2688 3992 2811 4047 cali·

1664 4063 1789 4118 dior
1824 4068 1909 4116 est
1944 4063 2283 4132 redemptor,
2326 4081 2391 4118 eo
2422 4065 2601 4134 magis
2626 4081 2810 4120 caven·

1663 4135 1797 4188 dum
1832 4138 1917 4188 est
1949 4153 2021 4189 ne
2056 4153 2089 4189 a
2132 4135 2299 4188 mulis
2336 4139 2394 4189 et
2426 4135 2643 4206 gerulis
2681 4153 2809 4205 quos

1664 4224 1851 4262 secum
1906 4206 2077 4260 habet
2132 4206 2450 4261 offendaris.
2512 4235 2577 4246 -
2638 4208 2808 4262 Mum

1660 4277 1991 4348 yerulisque]
2052 4277 2332 4333 ablativus
2394 4279 2806 4349 coniungendas

1666 4366 1791 4403 cum
1847 4349 2078 4413 calidus,
2138 4354 2203 4404 ut
2254 4351 2330 4404 sit
2376 4349 2589 4404 calidus
2636 4351 2807 4418 fadus

1666 4421 1833 4475 mulis
1867 4421 2189 4490 §ev-alisque,
2236 4439 2375 4490 quos
2420 4439 2609 4476 secum
2644 4422 2813 4477 ducit.

1670 4519 1737 4532 --
1756 4491 1977 4562 funera]
2014 4492 2084 4548 cf.
2111 4492 2226 4547 Sat.
2253 4493 2299 4563 Ι,
2318 4495 2369 4564 6,
2396 4495 2483 4547 43.
2506 4523 2572 4533 -—
2594 4494 2620 4547 i
2652 4494 2809 4562 nm]
