3092 5059
1003 234 1166 302 LIB.
1211 234 1327 302 III.
1383 235 1633 304 GARM.
1676 236 1794 303 ΙΙΙ.
1838 235 1949 302 IV.
2550 237 2671 304 175

682 423 1026 498 Fortuna
1075 423 1274 498 tristi
1331 419 1554 498 clade
1604 422 2030 516 iterabitur,

778 548 1124 622 Ducente
1169 546 1519 622 victrices
1576 560 1919 623 catervas

879 671 1228 770 Coniuge
1282 696 1405 746 me
1458 669 1668 746 Iovis
1722 684 1799 746 et
1848 696 2135 747 sorore.

601 855 652 895 es
689 821 838 898 Ter
890 822 954 896 si
1002 834 1358 920 resurgat
1406 848 1670 897 murus
1724 834 2005 898 aeneus

681 948 1018 1024 Auctore
1072 946 1411 1042 Phoebo,
1465 959 1583 1023 ter
1627 960 1893 1044 pereat
1940 949 2129 1024 meis

774 1073 1086 1148 Excisus
1139 1070 1496 1170 Argivis3
1550 1084 1669 1148 ter
1720 1098 1915 1147 uxor

880 1198 1126 1298 Capta
1177 1200 1429 1275 virum
1483 1224 1921 1300 puerosque
1972 1198 2242 1298 ploret.

677 1349 852 1424 Non
894 1348 1040 1425 hoc
1091 1349 1402 1424 iocosae
1453 1351 1857 1426 conveniet
1906 1350 2155 1449 lyrae:

597 1505 648 1546 το
684 1474 882 1570 Quo,
935 1476 1180 1571 Musa,
1227 1475 1539 1551 tendis?
1628 1474 1911 1550 Desine
1961 1475 2321 1575 pervicax

765 1601 1090 1676 Referre
1141 1625 1531 1693 sermones
1588 1599 1907 1676 deorum
1961 1613 2038 1676 et

878 1728 1165 1824 Magna
1213 1724 1462 1801 modis
1514 1740 1833 1802 tenuare
1884 1726 2167 1822 parviS.

1379 1919 1579 1930 ——.——-..

1185 2023 1565 2110 OARMEN
1627 2025 1759 2110 IV.

677 2189 1072 2266 Descende
1123 2189 1338 2265 caelo
1395 2203 1469 2264 et
1520 2188 1643 2264 dic
1695 2214 1841 2286 age
1894 2190 2081 2265 tibia

680 2317 976 2414 Regina
1027 2315 1346 2412 longum
1405 2313 1757 2411 Calliope
1807 2313 2072 2410 melos,

259 2515 511 2585 pat-itur
586 2513 657 2569 cf.
701 2514 880 2569 Carm.
927 2515 970 2583 1,
1019 2517 1101 2585 15,
1148 2516 1198 2569 5.
1248 2545 1316 2555 -
1358 2515 1434 2571 υί-

259 2586 483 2657 atrias]
531 2603 674 2655 quae
713 2587 883 2641 semel
926 2589 1035 2641 iam
1080 2588 1339 2642 vicerunt
1377 2591 1434 2642 et

257 2661 482 2713 iterum
520 2659 762 2712 vincent.
791 2689 854 2697 -
879 2659 1104 2730 coniuye
1136 2659 1237 2730 me]
1263 2659 1432 2713 Ver.

257 2733 413 2784 Aen.
463 2730 647 2796 Ι,46.
729 2729 796 2783 111
844 2735 1083 2799 utroque
1130 2731 1255 2784 loco
1302 2732 1361 2784 in
1402 2749 1432 2785 e

255 2803 519 2873 gloriam
572 2802 718 2870 petit
771 2805 828 2855 et
883 2803 1216 2870 superbiam,
1281 2802 1432 2872 quod

259 2874 524 2928 coniunx
543 2873 708 2926 simul
731 2877 814 2926 est
833 2878 890 2927 et
909 2891 1068 2927 soror
1087 2874 1260 2927 Iovis·
1248 2915 1262 2942 ,
1282 2874 1430 2944 apud

257 2949 580 3012 utrumque
618 2949 842 3013 poetam
878 2963 961 2997 vv.
999 2946 1242 3000 coniunx
1265 2952 1322 3000 et
1351 2961 1432 2999 so·

255 3032 370 3070 ror
407 3015 746 3086 gravissima
794 3033 1052 3070 versuum
1108 3018 1229 3070 loca
1272 3034 1431 3071 occu-

253 3092 500 3158 parunt.
559 3087 630 3141 cf.
689 3087 851 3141 Hom.
911 3089 974 3141 11.
1034 3087 1131 3156 IV,
1186 3087 1256 3142 59
1313 3107 1430 3156 sqq.

253 3157 425 3218 XVI,
451 3161 572 3212 432.
603 3189 665 3196 —
695 3157 925 3245 Phoebo]
963 3159 1184 3214 Pindar.
1214 3159 1432 3243 Olymp.

251 3235 314 3288 8.
364 3233 464 3284 31:
505 3225 662 3298 ,,Τὸν
697 3227 956 3300 (Αἰακὸν)
995 3237 1123 3290 παῖς
1158 3229 1188 3284 ὁ
1217 3231 1436 3289 Λατοῦς

251 3270 602 3372 εὐρυμέδων
653 3317 708 3352 τε
769 3302 1070 3369 Ποσειδᾶν,
1119 3299 1259 3372 Ἰλίῳ
1301 3305 1432 3372 μέλ-

247 3376 453 3430 λοντες
522 3373 619 3425 ἐπὶ
689 3376 970 3457 στέφανον
1026 3375 1218 3433 Τεῦξαι
1281 3377 1434 3427 καλέ-

247 3462 446 3498 σαντο
502 3440 772 3512 συνεργὸν
826 3449 926 3497 Tel
964 3462 1063 3502 εος.
1138 3445 1206 3500 cf
1250 3445 1431 3500 Carm.

245 3515 364 3584 IV,
406 3517 460 3582 6,
494 3517 564 3568 23
613 3531 694 3582 sq.
730 3543 803 3554 -·
838 3521 918 3570 ter
993 3533 1256 3570 numerus
1304 3534 1432 3586 poe·

243 3588 440 3652 tiens,
496 3592 561 3641 ut
612 3585 779 3656 Verg.
828 3586 1025 3642 Geor.
1075 3588 1120 3655 Ι,
1170 3589 1272 3642 281
1312 3605 1432 3657 sqq.

241 3658 366 3728 IV,
407 3659 524 3711 384.
575 3605 765 3712 Ovidg
779 3657 912 3713 Met.
1005 3628 1178 3728 4,52.
1220 3689 1285 3698 -
1325 3663 1432 3714 Ar-

239 3698 558 3800 yitv’ichf.
607 3729 788 3783 Carm.
835 3728 878 3796 1,
931 3733 982 3798 7,
1022 3733 1117 3786 8⁸
1215 3747 1434 3786 ——non

241 3799 404 3870 hoe]
443 3800 512 3856 cf.
549 3800 732 3854 Carm.
767 3801 840 3870 11,
883 3804 930 3869 1,
968 3803 1054 3855 37.
1121 3749 1433 3856 }luctuant

241 3871 442 3929 codd.
500 3873 647 3927 inter
711 3873 979 3928 conveniet
1029 3877 1086 3928 et
1133 3874 1430 3930 conveniat.

237 3945 558 4000 Futurum
610 3945 981 4000 necessarium
1038 3945 1286 4012 videtur3
1343 3963 1431 3998 ve-

235 4022 442 4072 tatur
498 4033 567 4070 ne
632 4016 852 4086 longius
919 4021 1216 4086 pergatur3
1284 4017 1432 4070 unde

233 4089 422 4144 haec
467 4101 568 4155 quo
617 4085 836 4142 tendis?
871 4115 939 4126 -
977 4087 1222 4157 tenuare]
1270 4105 1430 4143 voca-

231 4159 479 4215 bulum
513 4158 820 4226 poeticum;
860 4158 1034 4214 verba
1069 4160 1128 4213 in
1165 4160 1432 4228 syllabam

229 4247 356 4287 are
425 4227 733 4284 desinentia
797 4235 1030 4300 propter
1087 4249 1312 4285 suavem
1376 4235 1434 4286 et

367 4315 511 4354 vem
570 4317 766 4356 sonum
829 4303 1158 4373 plerumque
1213 4303 1432 4372 placue-

225 4375 418 4430 runt
463 4372 648 4438 poetis.

653 4487 931 4541 Carmen
969 4486 1061 4542 IV.

325 4581 650 4650 Diem-apat
698 4583 804 4639 hoc
855 4601 1080 4640 carmen
1131 4603 1165 4639 a
1213 4584 1427 4639 duobus

1529 2513 1910 2584 superioribus
1976 2531 2067 2581 e0,
2132 2513 2281 2583 quod
2343 2532 2455 2568 non
2526 2518 2679 2570 caret

1527 2586 1792 2654 introitu3
1842 2603 1951 2654 quo
1999 2603 2121 2640 cum
2151 2585 2427 2655 quintum
2466 2590 2522 2640 et
2558 2604 2677 2640 sex-

1526 2661 1648 2711 tum
1686 2657 1957 2712 destituta
2002 2659 2130 2726 sint,
2177 2663 2300 2710 tota
2336 2657 2474 2712 haec
2509 2658 2677 2712 series

1526 2729 1587 2782 in
1642 2729 1777 2783 duas
1832 2730 2087 2798 aequales
2142 2733 2331 2811 partes
2386 2728 2678 2783 dividitur.

1525 2799 1681 2855 Inter
1718 2817 1855 2868 quas
1904 2801 2010 2854 hoc
2057 2801 2297 2854 maxime
2343 2799 2679 2855 discriminis

1528 2877 1628 2932 est,
1665 2872 1815 2940 quod
1853 2890 1977 2926 cum
2011 2872 2111 2925 illa
2153 2876 2315 2941 parte
2353 2873 2531 2942 magis
2567 2873 2679 2927 vir-

1525 2947 1694 3010 tutes,
1742 2943 1943 3012 quibus
1988 2943 2228 2997 Romani
2273 2943 2515 2998 nominis
2564 2944 2679 3015 glo-

1527 3015 1615 3068 ria
1664 3015 1945 3080 innititur,
1991 3015 2363 3070 ostenduntur
2413 3021 2471 3069 et
2519 3032 2677 3084 prae-

1527 3085 1818 3154 dicantur,
1874 3087 1979 3140 hac
2034 3087 2213 3140 altera
2266 3091 2435 3156 poeta
2490 3087 2677 3155 docet,

1529 3157 1664 3226 quid
1720 3157 1788 3211 de
1840 3158 2168 3212 necessitate
2215 3159 2563 3227 principatus
2610 3159 2679 3212 de

1526 3230 1881 3298 Augustique
1926 3231 2275 3297 praestantia
2311 3230 2418 3283 sibi
2453 3247 2677 3298 persua-

1527 3301 1679 3353 serit.
1755 3300 1855 3354 Cui
1892 3301 1975 3354 rei
2020 3301 2180 3354 brevi
2230 3302 2288 3354 in
2337 3303 2507 3355 tertio
2559 3318 2675 3355 car-

1525 3373 1676 3426 mine
1700 3372 1943 3442 Augusti
1964 3373 2493 3426 commemoratione
2519 3372 2676 3439 quasi

1526 3443 1619 3497 via
1667 3443 1953 3497 sternitur.
2027 3443 2147 3496 Iam
2196 3444 2396 3512 incipit
2440 3449 2607 3512 pocta
2644 3461 2678 3498 a

1527 3512 1753 3568 sublimi
1821 3514 2171 3569 invocatione
2240 3515 2457 3583 Musae,
2522 3517 2676 3570 cuius

1528 3603 1633 3655 ope
1670 3585 1729 3638 in
1766 3590 1923 3639 tanta
1958 3604 2019 3640 re
2092 3603 2220 3640 uam
2256 3587 2498 3640 maxime
2536 3587 2677 3641 indi-

1566 3675 1659 3712 ere
1695 3674 1751 3710 se
1797 3658 1983 3711 sentit.
2106 3675 2237 3711 uam
2284 3659 2392 3712 sibi
2435 3676 2546 3712 non
2585 3659 2677 3713 de-

1551 3733 1777 3782 uturam
1816 3729 1955 3782 bene
1992 3729 2122 3790 scit:
2160 3747 2373 3783 morem
2412 3731 2560 3784 enim
2597 3730 2678 3785 dii

1525 3803 1731 3882 gerunt
1767 3800 1835 3852 iis
1873 3800 2072 3868 quibus
2118 3799 2325 3855 favent.
2384 3801 2568 3869 Quare
2605 3803 2677 3857 ad

1525 3889 1647 3940 ipsa
1696 3888 1851 3925 sacra
1898 3888 2151 3940 nemora,
2214 3873 2285 3926 ad
2342 3878 2677 3928 conventum

1524 3941 1812 3997 Musarum
1847 3943 2115 3997 admissus
2152 3962 2271 3999 esse
2303 3945 2410 3999 sibi
2434 3945 2676 4027 videtur,

1526 4017 1585 4067 et
1648 4014 2112 4082 quemadmodum
2177 4016 2359 4084 primo
2432 4016 2675 4070 carmine

1515 4083 1815 4140 Musarum
1864 4103 1921 4139 se
1974 4086 2317 4140 sacerdotem
2350 4087 2675 4152 nominavit,

1524 4156 1618 4210 hic
1680 4161 1905 4211 cantum
1970 4175 2131 4211 suum
2196 4158 2415 4226 patriae
2470 4158 2673 4211 amoris

1523 4228 1751 4297 plenum
1808 4229 2157 4283 commendat
2208 4235 2273 4283 ut
2326 4228 2518 4283 divina
2564 4229 2673 4283 ori-

1523 4299 1657 4370 gine
1692 4303 1895 4353 ortum.
1969 4301 2143 4354 Musis
2196 4301 2340 4355 enim
2390 4304 2511 4355 tota
2545 4318 2673 4370 poe-

1523 4375 1618 4425 tae
1637 4371 1757 4424 vita
1776 4371 1966 4425 dedita
1990 4372 2117 4439 fuit,
2139 4389 2518 4440 quaecumque
2544 4373 2677 4428 huic

1523 4441 1673 4496 bona
1708 4459 1955 4525 unquam
1986 4447 2287 4498 evenerunt
2322 4443 2435 4497 illis
2472 4445 2673 4500 deben-

1525 4517 1637 4581 tur,
1690 4513 1773 4583 pii
1832 4513 2007 4584 igitur
2054 4519 2113 4569 et
2165 4514 2306 4568 sacri
2361 4516 2506 4571 vatis
2556 4535 2675 4572 car·

1525 4585 1678 4639 mina
1716 4583 1939 4639 divinae
1969 4603 2128 4639 voces
2163 4589 2308 4640 sunt.
2346 4587 2426 4642 Ut
2448 4592 2675 4656 poetam
