3092 5059
441 220 566 286 608

1343 217 1957 285 EPISTULARUM

544 409 750 502 Quid
793 409 941 484 vici
993 421 1315 506 prosunt
1364 422 1500 485 aut
1551 409 1884 484 horrea?
1940 407 2226 507 quidve
2278 406 2643 486 Calabris

546 533 876 610 Saltibus
931 532 1211 610 adiecti
1261 531 1583 630 Lucani,
1628 534 1693 608 si
1743 533 1961 609 metit
2008 532 2257 610 Orcus

546 659 894 738 Grandia
949 686 1122 735 cum
1165 659 1445 756 parvis,
1499 685 1658 736 non
1710 658 2125 734 exorabilis
2168 659 2411 734 auro?

445 819 522 858 180
547 785 934 882 GemmaS,
989 809 1354 878 marmor,
1409 785 1623 879 ebur,
1679 784 2081 881 Tyrrhena
2130 781 2409 880 sigilla,
2462 778 2837 874 tabellas,

549 908 1004 1007 Argentum,
1059 921 1306 984 vestes
1361 908 1695 988 Gaetulo
1748 909 2041 983 murice
2092 908 2369 982 tinctas

547 1033 742 1110 Sunt
803 1035 932 1132 qui
986 1061 1144 1110 non
1200 1033 1552 1130 habeant,
1608 1047 1721 1108 est
1772 1033 1907 1132 qui
1960 1058 2115 1109 non
2170 1045 2389 1108 curat
2437 1030 2771 1107 habere.

547 1157 708 1235 Cur
759 1151 956 1234 alter
1002 1159 1332 1235 fratrum
1386 1183 1686 1236 cessare
1739 1171 1812 1234 et
1860 1158 2132 1234 ludere
2185 1173 2262 1233 et
2311 1156 2557 1255 ungui

548 1285 948 1361 Praeferat
995 1283 1336 1360 Herodis
1389 1284 1743 1382 palmetis
1794 1283 2229 1382 pinguibus,
2288 1283 2487 1358 alter

449 1444 524 1484 ιω
546 1410 776 1486 Dives
831 1423 908 1486 et
957 1411 1436 1507 importunus
1489 1409 1591 1486 ad
1622 1409 1995 1484 umbram
2049 1409 2243 1483 lueis
2298 1409 2395 1482 ab
2450 1421 2629 1482 ortu

549 1534 994 1611 Silvestrem
1039 1532 1366 1609 flammis
1421 1546 1496 1608 et
1550 1535 1762 1608 ferro
1813 1532 2111 1630 mitiget
2159 1557 2455 1630 agrum,

550 1659 711 1736 Scit
759 1658 1074 1755 Genius,
1129 1658 1384 1734 natale
1437 1683 1694 1734 eomes
1748 1659 1885 1756 qui
1932 1669 2309 1754 temperat
2358 1669 2676 1752 astrum,

549 1786 888 1861 Naturae
941 1785 1129 1859 deus
1183 1784 1585 1880 humanae,
1642 1783 1989 1858 mortalis
2038 1783 2118 1856 in
2170 1809 2409 1858 unum

553 1915 935 2013 Quodque
989 1928 1240 2012 eaput,
1295 1914 1512 1990 vultu
1567 1913 1975 2008 mutabilis,
2030 1913 2249 1989 albus
2306 1926 2381 1990 et
2428 1927 2617 1990 ater.

457 2075 532 2114 190
559 2038 748 2114 Utar
801 2053 874 2114 et
927 2065 1016 2115 ex
1059 2039 1370 2114 modico
1426 2053 1799 2138 quantum
1849 2063 1970 2114 res
2022 2052 2289 2137 poscet
2336 2063 2615 2114 acervo

550 2164 878 2259 Tollam,
932 2190 1074 2239 nec
1125 2177 1461 2240 metuam
1515 2163 1705 2263 quid
1759 2163 1857 2240 de
1906 2189 2032 2238 me
2082 2163 2372 2238 iudicet
2422 2163 2673 2259 heres,

555 2288 783 2380 Quod
838 2315 990 2364 non
1044 2288 1272 2386 plura
1324 2289 1520 2364 datis
1574 2290 1997 2388 invenerit3
2052 2301 2125 2365 et
2176 2302 2434 2364 tamen
2492 2289 2707 2364 idem

555 2413 768 2490 Scire
821 2413 1112 2509 volam,
1155 2427 1526 2512 quantum
1580 2414 1903 2512 simplex
1954 2414 2380 2512 hilarisque
2430 2417 2701 2512 nepoti

549 2541 950 2637 Discrepet
1003 2553 1078 2614 et
1129 2552 1506 2637 quantum
1561 2540 1953 2615 discordet
2002 2565 2273 2639 pareus
2330 2565 2593 2614 avaro.

455 2783 567 2838 Cic.
604 2781 676 2836 ad
697 2784 820 2835 Att.
848 2781 890 2845 Ι,
912 2783 968 2834 3:
1013 2779 1204 2848 „Quod
1231 2780 1278 2834 si
1315 2799 1600 2852 assequor,

455 2855 713 2909 Crassum
738 2852 950 2907 divitiis
985 2870 1187 2921 supero
1222 2857 1391 2922 atque
1427 2855 1603 2909 omni-

453 2943 549 2980 um
578 2926 730 2980 vicos
757 2929 814 2980 et
839 2929 1006 2993 prata
1035 2927 1382 2980 contemno.“
1405 2957 1470 2965 —
1499 2925 1602 2982 0oe

452 2997 642 3065 labris]
663 2997 733 3050 cf.
755 2996 936 3065 Epod.
959 3000 1004 3063 1,
1025 2998 1112 3049 27.
1134 3025 1192 3037 -
1220 2997 1394 3066 metit]
1420 2998 1601 3052 Cat-m.

452 3068 547 3129 IV,
593 3071 674 3130 14,
709 3071 794 3122 31.
841 3069 934 3122 Ad
971 3068 1304 3122 sententiam
1341 3086 1606 3138 compara

455 3141 636 3195 Carm.
670 3139 742 3207 11,
773 3143 822 3193 3.
859 3140 933 3206 H,
964 3143 1046 3194 14.
1077 3139 1149 3205 ΙΙ,
1185 3143 1265 3195 16.
1304 3140 1374 3204 ΙΙ,
1415 3144 1494 3208 18,
1533 3143 1603 3193 29

453 3229 574 3282 sqq.
610 3241 682 3250 -
727 3211 1005 3282 Tyrrhena
1052 3211 1260 3280 siyilla]
1295 3213 1454 3282 signa
1493 3212 1603 3266 Tu-

453 3284 672 3338 scanica
708 3300 886 3348 aerea,
938 3300 1112 3352 parva
1157 3283 1388 3338 deorum
1435 3287 1603 3339 simu-

452 3356 624 3423 lacra,
675 3356 748 3408 ob
809 3355 1205 3423 antiquitatem
1263 3359 1329 3408 nt
1378 3357 1607 3412 videtur

453 3425 1298 3568 ifffgjtffgss-‘ZZ‘JZ‘fflqAss-‘Ht
1323 3430 1398 3553 33·
1421 3429 1604 3554 3:523:

454 3571 501 3639 I,
563 3573 608 3638 1,
664 3573 712 3624 3.
804 3569 896 3622 Ad
947 3570 1285 3624 sententiam
1343 3589 1607 3642 compara

459 3643 637 3697 Carm.
679 3641 750 3702 11.
787 3644 837 3694 2.
894 3641 966 3704 ΙΙ,
1011 3643 1090 3694 10.
1147 3641 1220 3710 11,
1261 3644 1346 3710 16,
1385 3645 1454 3697 33
1483 3661 1604 3713 sqq.

455 3715 528 3777 ΙΙ,
575 3715 656 3768 18.
730 3713 830 3780 ΠΙ,
873 3716 920 3780 1,
957 3715 1022 3766 41
1059 3729 1180 3782 sqq.
1251 3713 1352 3783 ΙΙΙ,
1405 3717 1489 3782 16,
1541 3717 1604 3768 17

457 3803 576 3855 sqq.
602 3815 674 3824 —-
695 3786 872 3854 curat]
919 3783 1010 3838 Sic
1046 3790 1196 3840 recte
1233 3787 1500 3841 scribitur
1536 3804 1607 3841 ex

457 3857 736 3914 communi
816 3873 992 3927 prope
1057 3857 1394 3913 auctoritate
1455 3860 1605 3914 codi-

459 3947 610 3999 cum3
646 3929 808 3998 pauci
833 3929 1250 3983 coniunctivum
1276 3936 1430 3986 curet
1447 3948 1605 4000 prae-

455 4003 594 4057 bent
646 4019 715 4056 ex
769 3999 1086 4070 corrigendi
1163 4001 1348 4056 studio
1402 4007 1605 4057 ortum.

456 4074 747 4128 Iudicatur
781 4073 1025 4142 sapiens,
1061 4073 1159 4142 qui
1195 4091 1472 4127 summum
1509 4074 1606 4128 bo-

457 4164 592 4200 num
629 4162 742 4198 non
779 4145 838 4198 in
886 4144 1047 4198 bonis
1090 4147 1334 4199 externis
1369 4150 1429 4200 et
1465 4146 1609 4200 divi·

457 4218 554 4272 tiis
591 4216 836 4286 positum
871 4233 990 4270 esse
1015 4215 1325 4288 intellegit3
1361 4217 1607 4273 Doeder-

457 4290 597 4344 linio
634 4289 753 4358 ipse
797 4292 885 4342 est
919 4287 1204 4356 Horatius,
1249 4290 1322 4343 ob
1373 4307 1607 4358 eamque

459 4379 684 4416 causam
735 4365 912 4425 curat,
962 4377 1072 4412 non
1125 4366 1277 4415 curet
1335 4362 1607 4431 scriptum

458 4433 696 4486 videtur.
728 4460 791 4469 —
816 4431 1039 4499 cessare]
1075 4430 1244 4485 otiari
1275 4437 1334 4486 et
1368 4433 1609 4487 iucunde

460 4504 666 4557 vivere.
731 4502 908 4572 Epist.
946 4503 990 4569 Ι,
1027 4505 1080 4569 7,
1116 4505 1200 4556 57.
1239 4533 1306 4542 ——-
1347 4503 1611 4573 Herodis]

461 4573 656 4644 Magni
691 4574 902 4628 mortui
939 4591 988 4628 a.
1023 4590 1077 4626 u.
1106 4575 1240 4644 7503
1277 4575 1367 4629 cui
1406 4593 1611 4646 magna

1694 2784 1931 2852 pecunia
1968 2783 2139 2838 rediit
2174 2800 2242 2836 ex
2274 2781 2535 2852 palmetis
2576 2781 2649 2835 ad
2675 2780 2860 2835 Hieri-

1696 2861 1917 2909 cuntem
1956 2855 2217 2956 (,‘‚palmis
2254 2855 2548 2920 consitam,
2599 2852 2859 2908 fontibus

1700 2927 1711 2938 .
1784 2927 1795 2938 .
2008 2929 2023 2955 ι
2170 2927 2180 2938 .

1695 2926 2238 3066 Ῑᾶξζιείἓεὸῗινίᾱεῃὲἓ·
2271 2924 2483 3067 ἔῇὶεῗ·
2504 2923 2599 3066 1}
2636 2927 2715 3058 11,4ῗ
2716 2931 2857 3050 '141

1698 3071 1852 3126 Dicit
1898 3071 2077 3140 igitur
2114 3070 2385 3124 Horatius
2432 3087 2556 3153 eam
2602 3070 2856 3139 ingenio-

1696 3141 2269 3292 ἱίῗῗηέἐνὶῗὲἱὲῗέἓ
2322 3147 2571 3282 ξιῗῗὲἓιῗ
2628 3157 2857 3276 ἓῗὲηἶ

1700 3286 1851 3355 quod
1876 3285 2226 3340 intellectum
2249 3285 2541 3338 hominum
2565 3283 2774 3355 fugiat.
2794 3311 2859 3322 ——

1698 3359 1886 3412 natale
1921 3356 2150 3425 astrum]
2184 3355 2313 3410 vide
2348 3356 2419 3410 ad
2458 3355 2642 3410 Carm.
2670 3355 2746 3423 11,
2778 3357 2857 3414 17,

1702 3431 1784 3483 17.
1841 3458 1908 3468 --
1964 3427 2233 3496 mortalis]
2287 3428 2465 3495 „Cum
2520 3427 2636 3481 leto
2692 3425 2855 3481 fatali

1700 3499 2080 3570 exstinguitur
2104 3499 2289 3566 home,
2326 3499 2445 3553 eius
2481 3499 2683 3568 genius
2710 3497 2859 3553 redit

1698 3572 1757 3625 in
1803 3572 1993 3626 Iovem
2035 3572 2069 3625 i.
2117 3589 2161 3626 e.
2212 3571 2271 3624 in
2328 3569 2613 3625 aetherem
2660 3587 2704 3624 s.
2741 3570 2855 3624 ani-

1698 3661 1848 3697 mam
1884 3643 2099 3712 mundi,
2138 3661 2207 3696 ex
2240 3659 2353 3711 qua
2386 3647 2757 3711 processerat,
2792 3645 2853 3694 ut

1698 3715 1913 3769 homini
1959 3719 2014 3769 et
2062 3715 2307 3770 animam
2357 3718 2415 3768 et
2472 3714 2652 3768 vitam
2698 3713 2859 3767 daret

1700 3803 1937 3856 eumque
1962 3789 2262 3852 tutaretur,
2289 3785 2469 3840 donec
2504 3786 2567 3839 in
2604 3786 2755 3839 vivis
2778 3802 2857 3838 es-

1701 3863 1802 3912 set.
1866 3858 2112 3913 Macrob.
2135 3857 2251 3912 Sat.
2277 3857 2320 3924 Ι,
2352 3859 2445 3911 10:
2492 3857 2857 3925 „aestimave-

1702 3935 1837 3984 runt
1870 3930 2107 3998 antiqui,
2146 3930 2360 3983 animas
2395 3945 2430 3982 a
2466 3929 2603 3983 Iove
2639 3929 2766 3982 dari
2802 3934 2855 3981 st

1699 4019 1891 4056 rursus
1949 4006 2075 4072 post
2122 4006 2365 4055 mortem
2410 4000 2594 4055 eidem
2642 3999 2853 4055 reddi.“

1706 4074 1776 4128 cf.
1824 4074 2005 4142 Epist.
2043 4073 2117 4138 ΙΙ,
2164 4074 2212 4141 1,
2256 4072 2407 4126 144st
2482 4071 2745 4126 Orellius.
2792 4099 2853 4108 -—

1700 4146 1853 4200 abus
1908 4151 1957 4202 et
2005 4144 2141 4213 ater]
2198 4144 2290 4199 vel
2340 4143 2521 4198 laetus
2567 4145 2661 4198 vel
2708 4159 2849 4196 mae·

1702 4222 1837 4271 stus.
1880 4245 1943 4256 -
1982 4231 2050 4270 ex
2084 4215 2307 4284 modico]
2356 4214 2425 4269 cf.
2465 4215 2649 4270 Car-m.
2687 4215 2731 4283 1,
2767 4215 2849 4270 31.

1706 4291 1788 4343 17.
1840 4289 1943 4355 ΙΙΙ,
1986 4289 2066 4352 16,
2106 4289 2191 4342 37.
2242 4287 2342 4354 ΙΙΙ,
2379 4287 2470 4355 29,
2506 4289 2593 4341 55.
2632 4285 2745 4341 Sat.
2782 4284 2849 4350 ΙΙ,

1704 4362 1754 4424 6,
1798 4362 1844 4415 1.
1886 4359 1953 4415 cf.
1992 4359 2163 4414 etiam
2200 4359 2312 4412 Sat.
2352 4357 2397 4425 1,
2439 4362 2487 4425 1,
2529 4361 2614 4412 51.
2658 4387 2721 4398 -
2762 4356 2851 4410 da·

1704 4432 1797 4500 tis]
1842 4431 2053 4486 relictis
2101 4449 2135 4484 a
2186 4447 2291 4484 me.
2346 4459 2415 4468 -—-
2474 4431 2613 4484 scire
2664 4425 2849 4494 volam]

1703 4507 1911 4570 tamen,
1950 4503 2153 4572 inquit,
2190 4501 2398 4556 cavebo
2433 4519 2505 4554 ne
2542 4502 2601 4555 in
2638 4507 2847 4556 contra·

1704 4575 1853 4630 rium
1900 4575 2102 4630 vitium
2148 4573 2409 4628 incidam.
2452 4601 2520 4612 —
2552 4573 2725 4644 ptura
2751 4585 2847 4642 pa·
