3092 5059
415 204 542 270 250

1386 210 1848 279 ΟΑΒΜῙΝΠΜ

816 395 1193 474 Ostendet
1243 397 1665 500 Capitoli03
1750 461 1759 472 .

737 559 787 598 ιο
922 522 1076 600 Sed
1124 548 1321 623 quae
1373 524 1618 599 Tibur
1668 551 1917 625 aquae
1969 526 2227 602 fertile
2280 527 2714 627 praefluunt

817 649 917 722 Et
963 649 1254 748 spissae
1306 675 1711 725 nemorum
1764 675 2029 727 comae

919 771 1254 872 Fingent
1293 773 1574 851 Aeolio
1627 776 1968 852 carmine
2011 776 2372 852 nobilem.

818 899 1111 976 Romae
1159 900 1531 1000 principis
1583 901 1893 977 urbium
2246 1003 2253 1008 ·

915 1021 1299 1124 Dignatur
1351 1025 1657 1102 suboles
1709 1027 1911 1102 inter
1961 1024 2332 1103 amabiles

731 1179 783 1221 ιι
817 1149 1101 1226 Vatum
1153 1176 1444 1251 ponere
1497 1178 1623 1226 me
1678 1152 1977 1249 choros,

915 1273 1016 1349 Et
1065 1276 1221 1351 iam
1271 1276 1500 1354 dente
1545 1277 1797 1353 minus
1850 1276 2215 1352 mordeor
2266 1275 2555 1352 invido.

821 1399 890 1478 Ο
938 1401 1337 1476 testudinis
1387 1428 1669 1479 aureae

914 1525 1234 1602 Dulcem
1290 1553 1485 1627 quae
1537 1527 1959 1627 strepitum,
2014 1527 2241 1622 Pieri,
2290 1537 2695 1622 temperas,

818 1649 886 1727 Ο
941 1652 1165 1728 mutis
1220 1677 1530 1752 quoque
1580 1653 1918 1749 piscibus

731 1807 784 1848 ω
918 1776 1312 1850 Donatura
1356 1777 1597 1876 cycni,
1652 1776 1713 1851 si
1756 1776 2015 1872 libeat,
2065 1802 2364 1873 sonum,

711 1981 718 1986 ,
820 1902 1096 1977 Totum
1144 1902 1481 1977 muneris
1526 1901 1674 1976 hoc
1726 1902 1837 1977 tui
1891 1915 2023 1993 est,

918 2025 1146 2118 Quod
1198 2037 1585 2101 monstror
1636 2025 1882 2124 digito
1935 2025 2591 2127 praetereuntium

419 2197 585 2269 Verg.
605 2200 745 2253 Aen.
766 2197 862 2258 VI,
881 2199 1006 2254 705.
1039 2197 1166 2254 Non
1186 2201 1270 2252 est
1294 2197 1565 2267 reeipien-

416 2269 552 2325 dum
579 2270 882 2340 perfluunt,
920 2270 1072 2338 quod
1107 2270 1278 2324 etiam
1315 2270 1375 2324 in
1403 2269 1565 2324 codd.

417 2340 748 2412 legitur.—
789 2341 988 2412 comae]
1030 2341 1280 2405 Carm.1,
1305 2343 1393 2411 21,
1419 2344 1467 2396 5.
1495 2371 1565 2382 -

417 2411 605 2468 Aeolio
641 2412 902 2484 carmine]
941 2413 1010 2468 cf.
1050 2413 1233 2468 Carm-
1266 2382 1337 2480 'IL
1369 2415 1452 2482 13,
1474 2414 1565 2468 24.

417 2484 646 2552 ΙΠ,30,
682 2487 770 2538 13.

488 2555 556 2610 V.
597 2558 680 2610 13.
723 2556 1000 2626 principis
1032 2556 1272 2625 urbium]
1317 2555 1567 2611 Martial.

416 2627 543 2691 XII,
580 2627 631 2690 8,
674 2627 728 2681 1:
777 2627 1112 2698 „Terrarum
1149 2629 1254 2682 dea
1288 2623 1581 2698 gentium·'

418 2717 527 2768 que
549 2698 746 2768 Roma,
777 2699 878 2754 eui
900 2717 1006 2769 par
1043 2704 1127 2754 est
1162 2699 1306 2754 nihil
1331 2704 1388 2755 et
1421 2698 1566 2754 nihil

417 2771 772 2826 secundum.“
836 2801 902 2812 --
963 2771 1194 2840 suboles]
1251 2771 1565 2826 Romanum

417 2859 620 2913 genus;
669 2859 796 2896 nam
832 2859 934 2913 per
975 2843 1324 2898 iuventutem
1363 2843 1566 2898 Roma-

416 2931 548 2970 nam
576 2919 774 2983 poetae
799 2915 921 2969 laus
957 2913 1030 2968 ad
1061 2919 1312 2983 posteros
1344 2931 1567 2984 quoque

417 2985 690 3055 pervenit.
775 2985 902 3040 Νοιι
967 2991 1122 3040 recte
1187 2985 1563 3056 Porphyrion:

419 3056 702 3126 „Nerones
747 3057 872 3112 vult
917 3057 1112 3112 intelle
1153 3058 1207 3112 i.‘
1285 3087 1353 3096 —
1409 3057 1569 3112 dente

415 3097 622 3198 invido]
661 3128 712 3182 E
713 3127 842 3198 po.d
881 3131 933 3194 6,
966 3131 1046 3184 15.
1135 3129 1267 3198 pist.
1295 3129 1339 3194 1,
1369 3131 1451 3198 18,
1476 3130 1563 3182 82.

419 3197 580 3254 Ovid.
619 3146 1218 3269 Trist.1V,1o,123=
1276 3201 1426 3284 ,,Νοο
1468 3200 1566 3270 qui

417 3271 695 3326 detrectat
717 3273 1034 3340 praesentia
1051 3272 1272 3328 Li‘vor
1255 3273 1449 3342 miquo
1469 3272 1567 3328 Ul-

418 3343 538 3398 lum
557 3343 627 3398 de
655 3343 862 3398 nostris
883 3343 1038 3400 dente
1063 3344 1352 3399 momordit
1371 3344 1565 3414 opus.“

419 3414 530 3468 Cic.
569 3413 730 3469 Balb.
767 3416 859 3470 26:
915 3414 1113 3499 „More
1152 3415 1442 3470 hominum
1484 3415 1566 3469 ιιι-

417 3484 628 3553 vident,
671 3486 732 3540 in
765 3487 1038 3542 conviviis
1074 3487 1300 3550 rodunt.
1355 3487 1416 3542 in
1460 3487 1565 3542 cir·

417 3557 557 3612 culis
592 3557 882 3612 vellicant.
922 3576 1035 3612 non
1071 3559 1170 3613 illo
1208 3559 1434 3614 inimico
1469 3559 1567 3614 sed

417 3627 524 3682 hoc
581 3628 853 3684 maledico
907 3628 1063 3684 dente
1117 3631 1408 3700 carpunt.“
1481 3630 1567 3686 De

417 3717 482 3754 re
511 3699 582 3754 cf.
625 3699 805 3756 Carm.
847 3701 921 3768 H,
957 3703 1044 3766 20,
1080 3703 1131 3756 4.
1169 3729 1236 3742 -
1273 3701 1568 3758 testudinis

419 3770 640 3840 aureae]
676 3771 865 3828 Poetis
907 3789 1138 3828 aureum
1176 3778 1262 3828 est
1297 3773 1567 3842 quicquid

418 3847 504 3898 est
563 3845 916 3913 praeclarum
980 3849 1040 3898 et
1113 3846 1418 3916 egregium.
1492 3844 1565 3900 cf.

420 3913 600 3970 Carm.
637 3914 733 3976 IV,
771 3917 824 3979 2,
865 3917 954 3970 23.
1027 3915 1188 3971 Pind.
1224 3916 1384 3984 Pyth.
1423 3917 1470 3984 Ι,
1511 3920 1565 3970 13

417 3990 680 4056 ,,Χρυσέα
715 3981 1012 4057 φόρμιγξ.ιι
1043 4017 1116 4027 -
1147 3987 1456 4071 strepitum]
1495 3987 1567 4044 de

419 4063 583 4128 grato
606 4058 858 4113 citharae
877 4075 1028 4122 sono,
1054 4063 1120 4114 ut
1136 4059 1225 4129 Ep
1228 4058 1318 4114 ist.
1339 4060 1382 4128 Ι,
1407 4061 1458 4124 2,
1477 4061 1565 4114 31.

422 4132 505 4197 14,
545 4131 632 4184 26.
667 4159 738 4170 -
781 4129 960 4199 Pia-u]
996 4077 1225 4185 Musaep
1223 4130 1330 4186 hoc
1363 4148 1565 4186 nomen

418 4205 712 4256 traxerunt
767 4219 801 4256 a
847 4201 1036 4257 Pierio
1089 4207 1278 4258 monte
1333 4201 1564 4258 Thessa-

416 4273 526 4326 liae
576 4273 636 4328 in
689 4272 927 4329 confinio
981 4273 1358 4330 Macedoniae.
1431 4273 1564 4329 Fre-

419 4361 592 4413 quens
645 4344 879 4413 pluralis
925 4345 1190 4427 Pierides,
1240 4363 1400 4400 rarus
1453 4346 1561 4400 sin-

419 4415 648 4485 gularis.
681 4445 746 4456 --
775 4415 1074 4485 donatura,
1105 4415 1158 4470 si
1189 4416 1375 4487 lubeat]
1412 4417 1570 4472 Idem

420 4502 596 4556 genus
638 4487 1068 4542 oonstructionis
1115 4488 1266 4556 quod
1313 4488 1426 4544 iam
1471 4488 1568 4543 ob-

419 4561 705 4612 servatum
751 4562 836 4614 est
879 4559 954 4614 ad
989 4557 1171 4616 carm.
1209 4559 1280 4624 11,
1322 4559 1374 4629 3,
1409 4562 1460 4614 4.
1500 4589 1569 4601 --

1667 2197 2239 2339 Zmissgffiss
2264 2202 2484 2324 immun:
2506 2197 2583 2339 13³
2578 2213 2833 2338 {effiiiss

1668 2341 1827 2408 „Hoc
1872 2342 1927 2396 ei
1982 2340 2223 2396 muneris
2268 2358 2374 2411 pro
2414 2357 2515 2396 sua
2558 2340 2833 2397 missione

1668 2411 1887 2468 dedisse
1921 2413 2185 2468 dicitur.“
2227 2411 2389 2466 Ovid.
2421 2410 2591 2468 Trist.
2629 2410 2677 2480 I,
2702 2413 2758 2481 5,
2782 2415 2829 2468 6

1670 2483 1765 2554 „Si
1813 2485 1951 2553 quid
2001 2484 2183 2540 adhuc
2228 2501 2333 2554 ego
2378 2499 2519 2550 sum,
2574 2483 2833 2538 muneris

1668 2573 1832 2611 omne
1878 2557 1965 2610 tui
2019 2556 2160 2612 est.“
2222 2584 2289 2595 —
2354 2556 2649 2625 meto-or]
2698 2554 2833 2611 Hoc

1668 2627 1923 2684 imitatus
1954 2633 2041 2682 est
2075 2627 2299 2683 Persius
2337 2629 2387 2694 l,
2406 2628 2506 2680 283
2545 2629 2660 2696 „At
2694 2627 2829 2696 pul-

1668 2699 1865 2755 chrum
1902 2704 1989 2754 est
2020 2699 2201 2770 digito
2233 2698 2537 2754 monstrari
2560 2701 2620 2752 et
2642 2697 2830 2754 dicier

1668 2771 1776 2826 Hic
1830 2771 1969 2826 est.“
2042 2770 2292 2825 Martial.
2328 2768 2393 2834 V,
2436 2769 2521 2837 13,
2566 2772 2631 2824 3.
2686 2769 2827 2838 „sed

1668 2847 1789 2897 toto
1835 2843 1993 2914 legor
2026 2841 2162 2896 orbe
2198 2841 2480 2910 frequens,
2514 2846 2575 2896 et
2609 2809 2829 2896 dieitur

1668 2912 1775 2970 Hic
1810 2915 1945 2968 estf‘
1996 2913 2072 2968 id.
2109 2913 2209 2981 IX,
2246 2914 2333 2982 98,
2378 2914 2441 2967 3.
2477 2912 2827 2982 „Rumpitur

1668 2986 1900 3049 invidia,
1937 2985 2089 3055 quod
2112 2985 2283 3040 turba
2316 3001 2539 3054 semper
2568 2985 2629 3038 in
2664 2985 2829 3040 omni

1668 3057 2049 3112 Monstramur
2093 3057 2295 3128 digito,
2340 3056 2626 3126 rumpitur
2678 3057 2829 3110 invi-

1668 3127 2243 3184 dia.“Lac1mannus
2278 3127 2351 3182 ad
2378 3127 2601 3183 Luci-et.
2640 3145 2695 3197 p.
2702 3127 2825 3183 636

1670 3200 1975 3268 „Horatius
2034 3201 2093 3254 in
2149 3199 2395 3255 carmine
2442 3199 2718 3254 saeculari
2764 3204 2835 3255 et

1668 3239 2601 3413 {Qfflffssmoeffiffmoeffin
2621 3271 2829 3426 ¹2¹2,ssss

1670 3415 1863 3485 ecloga
1896 3415 2067 3469 tertia
2104 3415 2329 3497 scripsit
2350 3413 2543 3468 Totum
2576 3413 2829 3470 mm

1668 3487 1765 3542 hoc
1802 3485 1953 3554 ἐνίει,
1990 3503 2103 3541 ιιοιι
2138 3485 2223 3540 tui
2258 3486 2402 3551 est;“
2443 3502 2611 3554 quem
2642 3486 2827 3540 secuti

1668 3563 1799 3613 sunt
1822 3525 1953 3612 Hau,
1988 3557 2121 3624 tius,
2150 3556 2481 3620 Meinekius‚
2516 3555 2823 3626 Linkerus,

1667 3629 1941 3698 Ritterus,
2014 3597 2336 3694 oks'teinius,
2354 3627 2678 3696 Muellerus,
2706 3643 2829 3683 non

1669 3701 1935 3756 Lehrsius
1995 3705 2095 3755 aut
2150 3699 2459 3754 Schiitzius.
2544 3699 2829 3756 Similiter

1668 3778 1864 3843 postea
1884 3772 2139 3826 scribunt
2174 3777 2399 3840 tuum-st,
2436 3775 2673 3840 excepto
2692 3769 2823 3826 Rit-

1667 3850 1790 3900 tero
1828 3848 1885 3898 et
1906 3843 2159 3912 Lehrsio,
2195 3844 2293 3912 qui
2329 3848 2487 3898 tuum
2520 3849 2599 3897 est
2634 3859 2825 3898 servar-

1666 3920 1815 3970 runt.
1854 3913 2107 3970 Scribere
2144 3915 2228 3970 ita
2261 3915 2437 3982 nolui,
2472 3915 2693 3969 etiamsi
2728 3931 2829 3970 en.-

1666 3987 1793 4042 dem
1829 3988 2049 4042 ratione
2094 3955 2463 4056 pronuntias-’e
2506 4003 2619 4042 non
2654 3985 2823 4040 dubi-

1666 4064 1797 4114 tem.
1834 4087 1901 4098 -
1946 4057 2092 4127 quod
2126 4058 2305 4127 spiro]
2342 4057 2497 4130 Quod
2538 4057 2827 4126 particula

1666 4135 1768 4198 est,
1787 4147 1900 4186 non
1924 4129 2288 4184 accusativus.
2338 4128 2629 4184 Sententia
2652 4129 2821 4184 haec:

1667 4202 1816 4273 quod
1874 4205 2061 4256 movet
2113 4218 2204 4256 me
2256 4201 2489 4270 spiritus
2544 4201 2823 4270 poeticus,

1666 4273 1819 4344 quod
1851 4277 2019 4343 poeta
2054 4289 2195 4326 sum.
2256 4273 2329 4328 cf·
2363 4269 2459 4337 IV,
2492 4272 2545 4340 6,
2583 4275 2670 4328 29.
2734 4271 2825 4328 Si-

1665 4345 1878 4400 militer
1932 4343 2163 4428 Ovidius
2210 4343 2380 4398 Trist.
2426 4313 2817 4412 1'v,10,115=

1670 4417 1859 4489 „Ergo
1898 4415 2050 4486 quod
2071 4415 2202 4471 vivo
2226 4415 2518 4516 durisqneu
2528 4415 2827 4472 laboribus

1668 4489 1851 4558 obst0,
1890 4487 2104 4556 Gratia,
2138 4485 2319 4557 Musa,
2356 4487 2518 4542 tibi.“
