3092 5059
1109 236 1272 305 LIB.
1315 237 1368 303 Ι.
1411 236 1599 305 SAT.
1641 237 1762 303 ΠΙ.

2531 236 2657 303 365

277 457 330 497 an
367 422 451 499 Si
503 424 678 523 quis
731 450 904 501 eum
959 451 1288 519 servum,
1341 426 1685 526 patinam
1743 424 1879 525 qui
1928 421 2203 500 tollere
2251 422 2495 498 iussus

363 548 713 626 Semesos
763 548 1006 647 pisces
1059 550 1567 651 tepidumque
1616 549 1999 647 ligurierit
2047 550 2186 646 ius,

361 672 456 747 In
504 698 729 749 cruce
782 674 1120 770 suffigat,
1171 674 1534 751 Labeone
1585 675 1925 753 insanior
1968 676 2168 751 inter

365 794 606 873 Sanos
662 797 982 875 dicatur.
1091 798 1400 891 Quanto
1453 799 1603 876 hoc
1655 800 2017 876 furiosius
2068 812 2301 900 atque

363 922 615 998 Maius
667 938 1066 1020 peccatum
1123 924 1276 1001 estl

1380 924 1707 1002 Paulum
1763 910 2093 1024 deliquit
2139 926 2451 1019 amicus,

281 1075 334 1117 as
376 1044 636 1138 (Quod
688 1047 838 1121 nisi
888 1048 1288 1143 concedas,
1346 1049 1683 1125 habeare
1724 1044 2129 1144 insuavis):
2182 1050 2505 1125 acerbus

368 1169 628 1248 Odisti
680 1186 758 1248 et
807 1173 1014 1269 fugis
1067 1184 1152 1247 ut
1205 1175 1595 1251 Rusonem
1651 1174 1956 1251 debitor
2000 1175 2240 1271 aeris3

366 1294 518 1387 Qui
569 1297 741 1392 nisi,
796 1322 971 1373 cum
1021 1298 1276 1375 tristes
1329 1300 1613 1376 misero
1666 1326 1950 1377 venere
2000 1298 2431 1396 Kalendae,

364 1420 802 1499 Mercedem
867 1436 998 1499 aut
1047 1449 1404 1501 nummos
1455 1424 1662 1501 unde
1714 1425 1921 1502 unde
1972 1425 2309 1520 extricat,
2362 1452 2663 1501 amaras

365 1546 724 1631 Porrecto
779 1547 1044 1645 iugulo
1099 1546 1448 1625 historias
1500 1550 1845 1647 captivus
1897 1563 1983 1626 ut
2030 1550 2267 1625 audit.

283 1702 336 1743 oo
371 1670 846 1747 Comminxit
898 1672 1186 1749 lectum
1239 1686 1466 1774 potus
1511 1700 1873 1753 mensave
1930 1674 2275 1751 catillum

365 1794 708 1871 Euandri
759 1797 1112 1874 manibus
1164 1799 1425 1875 tritum
1478 1798 1791 1876 deiecit:
1848 1800 1949 1876 ob
2000 1800 2199 1877 hanc
2248 1824 2435 1897 rem,

370 1919 534 1997 Aut
583 1923 918 2023 positum
973 1936 1150 2000 ante
1199 1950 1373 2002 mea
1426 1927 1610 2024 quia
1662 1926 1955 2025 pullum
2026 1926 2107 2001 in
2159 1938 2382 2023 parte
2430 1923 2667 2001 catini

371 2043 692 2123 Sustulit
745 2049 1113 2146 esuriens,
1169 2050 1422 2127 minus
1474 2050 1623 2126 hoc
1672 2051 2051 2129 iucundus
2101 2052 2393 2127 amicus

371 2168 484 2247 Sit
528 2172 768 2248 mihi?

873 2174 1084 2267 Quid
1136 2175 1440 2271 faciam,
1493 2175 1559 2251 si
1612 2176 1906 2253 furtum
1958 2177 2253 2272 fecerit,
2310 2188 2443 2252 aut
2484 2177 2548 2251 si

287 2329 340 2369 ω
374 2296 820 2373 Prodiderit
869 2299 1276 2375 commissa
1323 2299 1478 2375 fide
1533 2326 1998 2399 sponsumve
2048 2300 2394 2399 negarit?

272 2573 504 2643 Qualem
541 2574 718 2631 Stoici
753 2593 886 2631 vere
923 2575 1236 2646 sapientem
1273 2576 1422 2648 cogi·

270 2647 521 2702 tavei-int
554 2646 576 2699 1
650 2664 681 2702 e
717 2648 866 2717 apud
892 2648 1004 2703 Cic.
1029 2649 1100 2703 de
1124 2648 1217 2703 off.
1243 2649 1346 2717 111,
1369 2651 1423 2702 4.

273 2747 342 2759 —-
387 2718 451 2774 Si
487 2718 610 2787 quis
677 2718 782 2774 Est
818 2726 1212 2803 argumentum
1255 2738 1288 2774 a
1321 2721 1423 2774 mi·

272 2791 400 2845 nori
436 2790 510 2844 ad
546 2792 742 2846 maius.
765 2790 1121 2863 -tepidmnj
1159 2793 1245 2846 ius
1281 2792 1424 2862 tepi-

271 2862 408 2917 dum
451 2861 683 2930 factum,
722 2880 837 2917 non
881 2864 994 2917 iam
1039 2864 1286 2918 calidum
1323 2880 1426 2917 nec

274 2933 504 2989 domino
543 2938 642 2988 aut
665 2935 914 2989 convivis
938 2939 1180 3005 gratum.
1217 2934 1290 2990 cf.
1310 2934 1425 2989 Sat.

273 3006 348 3074 II,
385 3009 438 3074 4,
475 3006 562 3059 79.
603 3035 666 3045 -
716 3005 982 3076 Labeone]
1025 3006 1102 3060 M.
1145 3006 1426 3061 Antistius

273 3076 484 3143 Labe0‚
511 3077 849 3132 clarissimus
869 3077 1052 3146 ICtus,
1076 3095 1244 3147 quem
1271 3079 1425 3133 scho-

273 3149 478 3205 liastae
511 3148 820 3219 significari
860 3149 1070 3213 dieunt,
1119 3167 1246 3205 cum
1288 3150 1428 3204 haec

275 3221 453 3275 satira
490 3220 845 3283 sm‘iberetur,
897 3222 994 3275 vix
1034 3226 1298 3275 octavum
1334 3221 1428 3276 vel

274 3310 486 3348 ιιοιιιιιιι
531 3292 732 3347 aetatis
780 3310 988 3347 annum
1037 3298 1428 3363 superaverat3

277 3364 326 3419 is
351 3364 529 3437 igitur
555 3364 714 3434 tangi
739 3381 852 3419 non
875 3364 1078 3434 potuit.
1109 3333 1428 3419 Labeonem

277 3442 484 3505 autem,
521 3453 686 3505 quem
722 3436 935 3490 indicat
969 3441 1154 3505 poeta,
1191 3453 1322 3491 vere
1347 3436 1427 3489 in·

276 3526 480 3563 sanum
514 3507 702 3575 fuisse,
739 3508 892 3563 locus
928 3509 1142 3563 suadet.
1179 3536 1250 3547 --
1285 3509 1428 3563 inter

275 3579 470 3649 sanos]
509 3580 547 3633 i.
573 3597 624 3649 q.
647 3598 680 3635 a
715 3580 880 3634 sanis.
910 3578 1184 3649 —-qhoc]
1185 3578 1296 3635 uod
1319 3582 1426 3633 sta-

276 3653 386 3706 tim
408 3652 608 3705 dicam.
635 3680 701 3691 --
729 3650 976 3721 acerbus]
1000 3650 1166 3705 Ver.
1195 3654 1332 3705 Aen.
1358 3650 1428 3720 X,

275 3726 398 3779 904.
440 3722 551 3777 Cic.
573 3722 836 3777 adAttic.
861 3721 930 3784 X.
945 3724 1004 3775 8:
1034 3740 1098 3791 „o
1142 3723 1254 3777 ium
1278 3740 1427 3778 acer-

275 3795 585 3849 biasimum.
595 3793 620 3821 ‘⁴
677 3794 802 3849 Non
839 3794 980 3849 bene
1018 3794 1116 3848 alii
1153 3794 1428 3865 distingu-

277 3870 403 3921 unt:
425 3866 693 3921 habeare·
668 3866 938 3928 trunonis,
953 3866 1202 3921 acerbus·
1227 3862 1428 3921 Odisti.

281 3968 346 3977 -
399 3936 768 4008 Rusonem„
776 3935 1042 3991 Octavius
1079 3936 1230 3993 Ruso
1277 3954 1427 3991 acer·

277 4010 382 4065 bus
424 3978 768 4064 faenerator,²
793 4026 911 4065 esse
954 4008 1226 4079 traditur,
1281 4008 1427 4063 idem

277 4082 428 4151 scrip
430 4084 522 4135 tor
546 4080 958 4135 historiarum!
987 4080 1170 4135 Schol.
1201 4109 1270 4121 —
1307 4080 1428 4135 Ka·

276 4152 491 4223 landae]
528 4152 659 4207 vide
693 4152 764 4207 ad
799 4152 888 4222 Ep
889 4152 978 4207 od.
1019 4155 1070 4207 2.
1103 4152 1199 4207 fin.
1275 4152 1428 4207 Cete-

275 4242 406 4279 rum
441 4224 511 4279 cf.
552 4226 620 4279 A.
659 4223 722 4279 P.
757 4226 880 4278 474.
920 4254 983 4263 -
1033 4222 1220 4295 audit]
1259 4223 1428 4278 Debi-

276 4302 430 4351 tores
486 4296 666 4351 coacti
719 4302 852 4350 sunt
903 4296 1055 4351 tristi
1107 4294 1428 4351 recitationi

277 4368 522 4423 Rusonis
558 4367 766 4435 adesse,
809 4384 880 4422 ne
916 4367 1198 4422 crudelem
1247 4365 1430 4423 faene-

275 4444 524 4495 ratorem
541 4438 935 4499 offendant.-
957 4437 1240 4507 Euandri]
1260 4438 1431 4507 prisci

205 4514 220 4532 ‘
275 4512 434 4567 illius
469 4512 636 4581 regis.
709 4508 950 4567 Romani
992 4511 1139 4565 enim
1175 4510 1430 4579 antiquo·

279 4601 408 4639 rum
445 4600 704 4638 vasorum
730 4582 1076 4652 cupidissimi
1101 4587 1279 4637 erant.
1317 4580 1434 4637 Sat.

1517 2576 1592 2645 H,
1616 2578 1669 2641 9,
1698 2578 1783 2630 20.
1820 2575 1989 2631 Mart.
2015 2576 2167 2645 vm,
2194 2578 2249 2646 6,
2269 2578 2302 2631 7
2324 2592 2473 2645 sqq.:
2515 2574 2671 2643 „Hoc

1518 2654 1735 2702 cratere
1826 2648 1985 2703 ferox
2081 2648 2361 2703 commisit
2453 2648 2673 2717 proelia

1518 2718 1775 2774 Rhoecus
1813 2719 1952 2774 Cum
1998 2718 2285 2790 Lapithis.
2342 2735 2535 2790 pugna
2576 2718 2669 2773 de-

1518 2791 1637 2845 bile
1684 2792 1863 2846 cernis
1908 2808 2073 2863 opus;
2134 2792 2209 2845 Hi
2250 2791 2361 2847 duo
2398 2791 2669 2862 longaevo

1520 2867 1817 2918 censentur
1852 2863 2090 2917 Nestore
2124 2862 2315 2918 fundi:
2353 2861 2564 2917 Pollice
2602 2862 2671 2917 de

1518 2933 1564 2988 P
1566 2934 1681 3003 ylio
1718 2935 1859 2989 trita
1894 2934 2151 2989 columba
2196 2934 2391 2989 nitet·“
2436 2962 2501 2973 —
2553 2950 2674 2989 mea

1521 3006 1657 3075 quia
1693 3006 1936 3076 pullum]
1992 3005 2391 3076 Neglegentior
2440 3004 2536 3074 qui
2590 3005 2671 3058 vi·-

1519 3076 1687 3131 detur
1758 3077 1898 3131 ordo
1972 3077 2270 3132 verborum
2351 3076 2673 3131 restituitur

1521 3166 1783 3203 caesurae
1816 3164 1937 3218 ope,
1983 3166 2095 3217 qua
2143 3164 2263 3205 mea
2296 3148 2359 3201 in
2387 3152 2553 3217 parte
2590 3146 2672 3201 fa·

1521 3220 1629 3274 cile
1674 3218 2107 3289 coniunguntur.
2154 3248 2221 3259 —
2284 3218 2435 3289 ante]
2477 3218 2672 3273 adver·

1519 3290 1770 3359 bialiter,
1826 3296 1891 3345 ut
1944 3290 2149 3345 Tibull.
2197 3291 2494 3359 1,1,13.
2563 3289 2673 3359 „Et

1521 3362 1913 3432 quodcumque
1936 3363 2075 3417 mihi
2091 3380 2321 3433 pomum
2344 3380 2522 3417 novus
2542 3362 2673 3416 edu-

1520 3440 1617 3489 cat
1652 3452 1847 3502 annus,
1884 3432 2151 3489 Libatum
2198 3434 2479 3505 agricolae
2514 3434 2671 3503 poni·

1521 3511 1619 3561 tur
1654 3510 1786 3561 ante
1826 3506 1984 3561 deof‘
2034 3506 2111 3561 id.
2147 3506 2219 3572 11,
2256 3508 2309 3575 6,
2348 3508 2443 3559 98·
2484 3522 2673 3574 „·coro

1521 3582 1688 3632 natus
1726 3578 1897 3633 stabit
1943 3581 2000 3633 et
2036 3583 2167 3633 ante
2203 3546 2397 3632 calixf‘
2437 3606 2505 3617 —
2544 3576 2671 3647 fide]

1522 3650 1629 3705 Est
1664 3649 1914 3717 dativus,
1953 3650 2246 3719 antiquam
2280 3649 2523 3703 formam
2559 3647 2612 3702 h.
2633 3648 2673 3701 l.

1523 3721 1779 3777 codicum
1816 3721 2123 3777 auctoritas
2168 3726 2379 3789 tuetur,
2423 3736 2673 3789 praeser-

1523 3793 1629 3847 tim
1668 3794 1729 3847 in
1760 3792 2013 3849 iudiciali
2049 3810 2255 3864 genere
2289 3792 2529 3847 dicendi.
2601 3790 2672 3845 cf.

1525 3864 1704 3920 carm.
1761 3864 1863 3934 ΠΙ,
1911 3867 1963 3933 7,
2008 3870 2059 3919 4.
2114 3896 2181 3906 —

1523 3935 1842 3991 Stoicorum
1876 3938 2169 3994 sententia.
2215 3883 2285 3992 οἳ.

1522 4008 1623 4073 lv,
1664 4010 1745 4077 19,
1786 4011 1887 4062 65.
1950 4015 2135 4078 „recte
2170 4009 2323 4063 facta
2360 4008 2550 4062 omnia
2585 4023 2675 4061 ae-

1525 4080 1737 4149 qualia,
1786 4081 1977 4135 omnia
2014 4085 2243 4151 peccata
2289 4080 2484 4149 paria:
2533 4094 2675 4147 quae

1525 4169 1653 4207 cum
1697 4150 1994 4223 magnifice
2041 4153 2225 4236 primo
2261 4152 2374 4206 dici
2420 4151 2676 4205 videren-

1524 4227 1637 4285 tur,
1692 4224 2049 4278 considerata
2097 4224 2281 4278 minus
2332 4223 2676 4292 probantur,

1525 4312 1715 4349 sensus
1752 4294 1900 4349 enim
1946 4295 2211 4363 cuiusque
2256 4298 2317 4349 et
2350 4297 2555 4348 natura
2590 4310 2675 4347 re-

1525 4384 1655 4419 rum
1716 4371 1887 4435 atque
1946 4366 2068 4435 ipsa
2122 4365 2329 4421 veritas
2396 4364 2679 4419 clamabat

1527 4437 1955 4507 quodammodO,
2000 4454 2114 4492 non
2156 4454 2319 4507 posse
2354 4434 2573 4499 adduci,
2612 4440 2679 4489 ut

1527 4510 1677 4565 inter
1714 4526 1807 4563 eas
1842 4526 1951 4577 res,
1988 4526 2127 4577 quas
2140 4508 2291 4564 Zeno
2319 4510 2677 4577 exaequaret,

1527 4580 1671 4635 nihil
1718 4580 2059 4635 interesset.“
2112 4610 2178 4619 —-
2224 4580 2372 4653 quis]
2417 4597 2523 4651 pro
2558 4579 2679 4649 qui·

2278 3864 2389 3935 uis]
2440 3862 2524 3917 De
2568 3862 2676 3917 hac

2326 3936 2436 3991 Cic.
2473 3935 2543 3989 de
2577 3933 2675 3988 fin.
