3092 5059
440 238 523 301 66
1404 236 1863 305 CARMINUM

740 422 959 518 Uror,
1010 448 1145 499 seu
1189 423 1331 499 tibi
1384 413 1780 500 candidos'

657 581 707 619 ιο
944 548 1387 646 Tur-parunt
1438 576 1746 627 umeros
1797 548 2261 625 immodicae
2313 572 2525 623 mero

736 672 996 768 Rixae,
1052 672 1213 749 sive
1267 698 1463 771 puer
1514 674 1776 751 furens

935 798 1338 897 Impressit
1381 825 1802 876 memorem
1861 799 2089 877 dente
2135 798 2378 875 labris
2431 810 2716 873 notam.

737 922 934 1019 Non,
996 926 1061 999 si
1111 950 1237 1001 me
1289 925 1470 1001 satis
1520 924 1814 1019 audias,

938 1048 1215 1150 Speres
1268 1061 1726 1147 perpetuum
1781 1048 2038 1125 dulcia
2089 1048 2420 1125 barbare

660 1204 705 1245 ιε
740 1173 1212 1251 Laedentem
1266 1175 1547 1267 oscula,
1602 1200 1798 1275 quae
1841 1174 2108 1250 Venus

941 1297 1226 1391 Quinta
1276 1312 1494 1400 parte
1546 1300 1661 1375 sui
1714 1299 2044 1375 nectaris
2093 1299 2396 1375 imbuit.

736 1424 1033 1501 Felices
1084 1436 1203 1501 ter
1254 1438 1328 1500 et
1378 1424 1730 1524 amplius,

937 1548 1149 1642 Quos
1200 1551 1497 1648 irrupta
1546 1561 1756 1626 tenet
1807 1548 2085 1647 copula
2135 1575 2278 1626 nec
2329 1550 2550 1627 malis

735 1675 1097 1751 Divulsus
1150 1675 1654 1776 querimoniis

652 1832 705 1871 ιο
939 1799 1315 1899 Suprema
1362 1799 1585 1876 citius
1639 1798 1886 1875 solvet
1933 1824 2151 1875 amor
2206 1799 2359 1877 die.

1535 2002 1735 2013 ...ρ-*-

1318 2122 1698 2211 GARMEN
1761 2125 1973 2211 XIV.

736 2290 803 2366 Ο
851 2294 1089 2381 navis,
1148 2292 1484 2368 referent
1535 2292 1618 2367 in
1669 2316 1880 2367 mare
1930 2303 2008 2365 te
2057 2289 2238 2364 novi

435 2509 643 2578 possim
678 2511 935 2565 retinere.
998 2540 1063 2549 —-
1120 2510 1280 2565 lentis
1334 2508 1580 2579 iynibus]

437 2581 507 2635 de
543 2581 763 2635 occulta
801 2581 855 2635 vi
893 2582 1100 2636 amoris
1155 2582 1429 2651 paulatim
1484 2581 1584 2636 sed

438 2658 589 2707 certe
622 2653 981 2707 conficientis.
1012 2684 1077 2693 —
1102 2660 1401 2721 turparunt
1436 2670 1581 2708 ume-

434 2724 553 2792 ros]
600 2724 907 2779 Iracundus
957 2727 1107 2780 enim
1156 2730 1243 2779 est
1284 2723 1582 2793 Telephus.

436 2794 507 2851 cf.
545 2794 727 2851 Carm.
768 2796 813 2865 Ι,
856 2800 941 2864 17,
976 2797 1045 2851 25
1082 2814 1203 2865 sqq.
1260 2824 1325 2837 -·-
1386 2796 1584 2865 quinta

428 2872 594 2935 parte
630 2868 718 2921 sui
768 2836 1027 2937 maiis]
1085 2868 1285 2936 Ibycus
1334 2866 1580 2935 (Schnei-

436 2939 573 2993 dew.
608 2957 664 3008 p.
706 2940 831 3005 127)
878 2940 989 2993 mel
1026 2941 1255 2993 ἔννατον
1286 2943 1457 3009 μέρος
1492 2940 1584 3004 τῆς

435 3006 746 3079 ἀμβροσίας
782 3011 1121 3080 appellavit;
1176 3012 1367 3080 itaque
1422 3011 1584 3065 basia

436 3080 649 3149 Lydiae
704 3082 933 3151 duplam
994 3053 1175 3137 mellis
1230 3081 1582 3137 dulcedinem

436 3154 723 3208 continere
769 3153 1123 3209 videbantur.
1196 3152 1379 3209 Schol.
1414 3154 1578 3209 Piud.

434 3224 509 3279 ad
545 3224 1110 3294 Pyth..9,116:,‚u'›
1151 3228 1279 3307 μέλι
1310 3225 1405 3291 τῆς
1442 3221 1581 3277 ἀθα-

432 3301 624 3355 νασίας
656 3298 891 3351 δέκατον
908 3300 1081 3367 μέρος
1102 3290 1368 3366 ᾠήθησαν
1389 3296 1581 3352 εἶναι.“

438 3397 503 3407 -
540 3368 725 3451 felices
763 3373 843 3423 ter
880 3373 933 3422 et
969 3367 1231 3452 amplius]
1268 3368 1360 3424 Sic
1382 3386 1582 3439 graece

435 3434 805 3511 τρες-μάκαρες.
840 3434 1123 3507 τριςόλβιοι
1160 3446 1219 3495 et
1254 3440 1403 3511 apud
1439 3441 1581 3496 alios

434 3516 629 3580 poetas
649 3511 853 3565 latinos
876 3516 1057 3580 terque
1070 3518 1363 3583 quaterque
1374 3512 1583 3568 beatus.

437 3610 504 3622 —
540 3582 785 3653 irrupta]
841 3582 972 3637 vide
1018 3584 1089 3637 ad
1132 3584 1315 3639 Carm.
1352 3584 1397 3648 Ι,
1434 3587 1487 3653 5,
1526 3588 1580 3639 8.

438 3683 505 3693 --
543 3668 793 3723 suprema
812 3652 925 3724 die]
950 3654 1114 3709 citius
1133 3672 1301 3725 quam
1320 3673 1582 3726 suprema

435 3725 553 3779 dies
590 3726 625 3777 i.
665 3742 712 3778 e.
750 3742 917 3780 mors.
964 3726 1075 3781 Cic.
1118 3727 1363 3797 Philipp.
1406 3728 1450 3793 Ι,
1496 3730 1581 3795 14,

436 3796 533 3849 34:
590 3797 1041 3863 „acerbissimum
1086 3799 1205 3853 eius
1256 3816 1578 3869 supremum

436 3867 587 3922 diem
620 3867 815 3923 malim
852 3886 1019 3938 quam
1058 3871 1201 3926 cet.“

754 3982 1079 4037 Carmen
1116 3984 1261 4039 XIV.

508 4076 594 4132 De
628 4076 733 4133 hoc
759 4080 1005 4135 carmine
1028 4082 1405 4136 memorabilis
1428 4082 1581 4137 locus

438 4154 524 4205 est
546 4147 878 4216 Quintiliani
912 4151 1049 4205 Inst.
1074 4157 1216 4208 orat.
1239 4152 1389 4220 VIII,
1412 4154 1462 4220 6,
1482 4156 1577 4208 44:

436 4222 551 4290 „At
611 4218 919 4291 ἀλληγορία,
982 4240 1152 4292 quam
1208 4224 1582 4279 inversionem

436 4260 905 4361 interpretantur,
968 4295 1121 4349 aliud
1180 4296 1367 4351 verbis
1424 4296 1582 4351 aliud

436 4381 599 4419 sensu
624 4365 889 4435 ostendit,
924 4367 1096 4422 etiam
1132 4367 1417 4423 interdum
1453 4385 1579 4424 cou-

438 4436 693 4491 trarium.
732 4436 895 4493 Prius
932 4444 1023 4493 ut:
1066 4436 1113 4492 Ο
1146 4440 1311 4494 navis
1343 4440 1580 4507 referent

436 4508 501 4563 in
544 4524 693 4564 mare
736 4514 788 4565 te
826 4510 957 4564 novi
1000 4510 1199 4576 fluctus
1235 4540 1301 4551 —
1334 4517 1580 4579 portuum

436 4584 697 4650 totusque
717 4580 811 4635 ille
824 4580 1045 4635 Horatii
1061 4581 1231 4650 locus,
1256 4600 1365 4651 quo
1380 4600 1578 4639 navem

1683 2526 1786 2577 pro
1809 2526 1872 2562 re
1889 2508 2134 2577 publica,
2173 2506 2446 2563 fluctuum
2468 2511 2838 2577 tempestates

1683 2598 1786 2649 pro
1822 2579 1984 2634 bellis
2009 2579 2287 2649 civilibus,
2311 2584 2540 2649 portum
2565 2598 2670 2649 pro
2697 2597 2840 2650 pace

1683 2658 1854 2720 atque
1879 2652 2178 2707 concordia
2214 2652 2388 2707 dicit.⁴
2373 2652 2408 2683 “
2443 2650 2598 2736 Quae
2633 2653 2840 2707 carmi-

1683 2724 1770 2777 nis
1827 2723 2222 2793 interpretatio
2276 2730 2342 2777 ut
2390 2723 2684 2779 verissima
2731 2730 2840 2791 est,

1684 2795 1766 2849 ita
1802 2796 2110 2850 cavendum
2146 2799 2232 2850 est
2272 2812 2346 2850 ne
2381 2795 2454 2849 ad
2489 2796 2740 2867 singulas
2775 2802 2841 2849 et

1682 2865 1943 2921 minimas
1977 2872 2168 2935 partes
2205 2867 2562 2935 perducatur.
2635 2866 2838 2921 Potuit

1684 2938 1832 2993 enim
1857 2938 2126 2993 Horatius
2161 2955 2227 2993 ea
2260 2938 2344 2993 rei
2371 2938 2630 3008 publicae
2655 2944 2712 2993 et
2736 2954 2836 2992 na-

1683 3009 1769 3063 vis
1806 3010 2244 3079 comparatione,
2280 3028 2392 3079 qua
2428 3010 2524 3063 vix
2559 3010 2680 3065 ulla
2713 3027 2836 3065 ma·

1683 3081 1770 3151 gis
1805 3081 1918 3136 fuit
1953 3086 2270 3151 opportuna
2309 3098 2378 3136 ac
2409 3080 2688 3151 frequens.
2747 3082 2836 3136 uti

1683 3170 1863 3221 neque
1933 3158 2126 3211 tamen
2195 3154 2626 3223 comparationis
2681 3154 2834 3209 locos

1683 3241 1873 3279 omnes
1921 3222 2186 3295 colligere
2238 3230 2341 3279 aut
2393 3225 2558 3280 anxie
2613 3242 2836 3281 conser-

1684 3313 1833 3352 vare
1903 3296 2086 3364 Quare
2127 3296 2236 3351 hoc
2289 3313 2464 3351 unum
2521 3297 2833 3366 quaeritur,

1682 3384 1980 3436 quemnam
2015 3368 2098 3422 rei
2135 3368 2392 3438 publicae
2417 3369 2698 3423 incertum
2721 3372 2832 3423 sta·

1681 3444 1804 3493 tum
1829 3440 2098 3495 Horatius
2135 3440 2216 3495 sic
2240 3440 2488 3494 voluerit
2510 3440 2830 3495 describere

1683 3527 1864 3579 quove
1919 3530 2142 3567 carmen
2179 3529 2326 3567 anno
2363 3512 2636 3581 scriptum
2679 3512 2826 3567 arbi-

1681 3588 1914 3637 tremur.
1947 3583 2097 3638 Illud
2129 3587 2346 3638 certum
2380 3590 2482 3653 est,
2523 3583 2830 3655 significari

1681 3659 1903 3723 tempus
1941 3654 2188 3724 aliquod,
2228 3672 2338 3724 quo
2376 3656 2680 3725 imperium
2717 3655 2830 3711 Ro-

1683 3742 1910 3780 manum
1947 3727 2326 3796 superioribus
2349 3726 2512 3783 bellis
2535 3728 2828 3783 vehemen-

1682 3800 1770 3851 ter
1823 3798 2114 3853 turbatum
2169 3802 2228 3853 et
2282 3814 2458 3867 prope
2513 3798 2828 3867 disiectum,

1681 3868 1812 3923 dein
1869 3869 2113 3925 feliciter
2147 3874 2412 3940 pacatum
2447 3876 2508 3925 et
2543 3876 2830 3925 servatum

1681 3940 1841 3995 novis
1895 3942 2162 4010 periculis
2223 3942 2490 3997 audacter
2543 3942 2828 3997 obiectum

1679 4011 1772 4066 sit.
1811 4010 1994 4079 Quare
2013 4014 2110 4067 alii
2135 4020 2344 4071 annum
2364 4014 2487 4082 714,
2525 4032 2636 4083 quo
2655 4014 2830 4071 Peru·

1680 4083 1890 4152 sinum,
1951 4085 2050 4139 alii
2108 4085 2456 4155 probabilius
2518 4086 2625 4140 723
2639 4126 2655 4155 ,
2717 4104 2830 4157 quo

1681 4155 1972 4210 Actiacum
2027 4157 2238 4212 bellum
2293 4157 2623 4227 parabatur,
2683 4158 2830 4213 indi·

1679 4228 1796 4281 cari
1833 4226 2114 4283 dixerunt.
2189 4228 2267 4282 Et
2301 4245 2374 4297 ap
2375 4232 2560 4283 ertum
2599 4230 2828 4298 quidem

1679 4302 1764 4352 est
1781 4316 1879 4353 cur
1897 4316 1986 4353 res
2003 4300 2230 4369 publica
2245 4317 2426 4369 nuper
2441 4300 2632 4357 taedio
2654 4300 2836 4359 fuerit

1681 4368 1915 4439 (vv.l7,
1973 4372 2062 4439 18)
2114 4370 2656 4439 Horatio;sci1icet
2710 4374 2834 4444 ipse

1679 4446 1812 4495 ante
1845 4441 2034 4497 fuerat
2071 4443 2132 4497 in
2165 4444 2418 4499 exercitu
2441 4443 2608 4499 Bruti
2643 4462 2832 4516 neque

1678 4528 1812 4567 vero
1851 4530 2020 4581 quam
2055 4519 2378 4585 speraverat
2411 4516 2652 4572 salutem
2691 4518 2832 4573 civi-

1678 4585 1812 4639 tatis
1851 4586 2168 4656 invenerat3
2228 4586 2430 4641 deinde
2465 4586 2706 4644 Romam
2743 4606 2836 4645 re·
