3092 5059
415 227 547 295 436

1377 226 1884 297 SATIRARUM

524 416 734 509 Quid
787 416 1172 515 sculptum
1225 418 1555 516 infabre,
1614 416 1797 515 quid
1854 418 2115 493 fusum
2168 415 2431 491 durius
2484 428 2715 511 esset3

521 541 872 620 Callidus
923 542 1104 619 huic
1152 544 1372 641 signo
1425 542 1813 641 ponebam
1862 541 2077 619 milia
2126 554 2465 635 centum3

520 665 810 743 Hortos
863 668 1370 767 egregiasque
1421 667 1695 743 domos
1748 667 2162 743 mercarier
2212 692 2408 741 unus

436 822 490 863 ευ
526 792 723 870 Cum
772 792 992 869 lucro
1045 818 1360 871 noram:
1411 792 1623 869 unde
1674 792 2115 891 frequentia
2162 788 2623 867 Mercuriale

519 918 970 1017 Imposuere
1017 917 1210 995 mihi
1261 942 1691 1016 cognomen
1748 913 2159 1017 compita.“
2262 914 2536 1011 „Novi,

520 1044 620 1119 Et
671 1043 912 1119 miror
963 1043 1218 1119 morbi
1261 1054 1672 1144 purgatum
1726 1055 1805 1119 te
1854 1038 2139 1119 illius.“
2242 1039 2535 1139 „Atqui

521 1168 830 1245 Emovit
877 1181 1218 1245 veterem
1267 1168 1464 1245 mire
1515 1194 1785 1264 novus,
1837 1180 1926 1241 ut
1968 1166 2182 1263 solet,
2236 1166 2319 1241 in
2372 1192 2507 1241 cor

525 1293 880 1369 Traiecto
926 1292 1188 1370 lateris
1242 1293 1506 1369 miseri
1556 1293 1928 1392 capitisve
1982 1290 2285 1369 dolore:

439 1450 491 1491 ω
524 1417 632 1495 Ut
680 1417 1150 1516 lethargicus
1197 1419 1326 1495 hic
1377 1446 1555 1495 cum
1602 1418 1691 1493 fit
1730 1418 1955 1519 pugil
1988 1432 2065 1493 et
2102 1416 2493 1495 medicum
2524 1414 2836 1514 urget.“

523 1542 774 1639 „Dum
795 1569 894 1621 ne
919 1543 1108 1643 quid
1129 1544 1380 1621 simile
1403 1544 1609 1638 huic,
1640 1556 1800 1623 esto
1826 1556 1913 1619 ut
1936 1538 2200 1619 libet.“
2230 1540 2349 1638 „O
2378 1542 2608 1635 bone,
2635 1566 2737 1617 ne
2756 1554 2837 1616 te

524 1665 963 1745 Frustrere:
1015 1669 1302 1745 insanis
1350 1681 1426 1744 et
1473 1681 1558 1743 tu
1616 1668 1987 1767 stultique
2035 1692 2283 1768 prope
2336 1692 2627 1763 omneS,

525 1792 611 1869 Si
663 1791 850 1891 quid
903 1791 1310 1869 Stertinius
1361 1794 1529 1870 veri
1583 1806 1869 1893 crepat,
1922 1792 2129 1869 unde
2180 1817 2326 1889 ego
2378 1792 2579 1867 mira

526 1916 913 2018 Descripsi
966 1918 1243 1993 docilis
1293 1931 1709 2019 praecepta
1759 1918 1973 2015 haec,
2027 1931 2376 2018 tempore
2426 1942 2580 2015 quo
2634 1942 2765 1991 me

443 2074 495 2113 m
529 2041 833 2119 Solatus
885 2043 1105 2120 iussit
1153 2044 1577 2141 sapientem
1629 2068 1949 2143 pascere
1999 2042 2319 2119 barbam

530 2168 788 2267 Atque
839 2194 885 2243 a
934 2166 1290 2243 Fabricio
1341 2193 1498 2242 non
1541 2168 1831 2243 tristem
1880 2178 2116 2263 ponte
2157 2167 2462 2242 reverti.

427 2432 632 2489 callide
656 2432 922 2489 solvendo
956 2438 1288 2504 occupatum
1325 2452 1383 2489 se
1407 2434 1579 2489 fuisse

428 2507 513 2559 ait
549 2506 938 2575 Damasippus,
979 2524 1088 2575 quo
1135 2507 1356 2575 probet,
1393 2524 1451 2561 se
1487 2508 1579 2561 vel

430 2594 634 2631 arcana
659 2578 866 2631 artium
893 2578 1198 2648 attigisse.“
1235 2578 1340 2633 Et:
1380 2578 1577 2645 „intel—

345 2680 358 2695 ·
429 2649 678 2719 legamus
715 2647 908 2719 igitur,
944 2648 1052 2703 hoc
1076 2650 1184 2704 sibi
1209 2650 1352 2705 velle
1377 2650 1578 2704 Dama·

430 2719 672 2789 sippum,
707 2721 896 2775 oculos
941 2738 1000 2776 se
1045 2720 1105 2773 in
1147 2720 1456 2775 virtutibus
1501 2721 1583 2775 vi-

429 2791 636 2860 tiisque
681 2793 892 2846 artium
940 2792 1316 2861 expendendis
1372 2794 1580 2847 exerei-

429 2864 690 2918 tavisse.“
729 2891 796 2903 --
833 2862 960 2918 huic
995 2862 1170 2933 siano]
1215 2864 1346 2919 huic
1369 2864 1461 2920 vel
1496 2864 1580 2918 illi

431 2934 608 3005 signo,
660 2935 810 3003 quod
855 2934 1014 3004 quasi
1061 2935 1241 3005 digito
1289 2940 1581 2990 monstrat.

433 3034 500 3045 —-
563 3006 915 3075 Mercuriale]
989 3006 1146 3077 Ergo
1207 3006 1300 3061 hic
1361 3024 1584 3076 quoque

431 3077 790 3132 Mercurialis
837 3082 946 3146 est3
1001 3095 1146 3132 nova
1193 3078 1401 3133 iterum
1455 3096 1583 3133 eum

433 3148 669 3203 Horatio
743 3166 801 3203 se
873 3150 1283 3217 quodammodo
1361 3167 1581 3220 compa-

431 3220 594 3274 randi
655 3221 828 3289 rati0,
885 3222 1150 3289 quoniam
1195 3227 1396 3291 poetae
1447 3240 1582 3290 quo-

433 3309 540 3361 que
576 3291 938 3347 Mercuriales
975 3294 1101 3347 viri.
1175 3293 1244 3347 of.
1289 3292 1468 3347 Carm.
1507 3292 1579 3357 II,

437 3365 522 3431 17,
560 3364 646 3417 29.
685 3363 1047 3419 Mercuriales
1083 3364 1224 3419 colle
1266 3365 1384 3418 ium
1419 3370 1583 3419 erant

433 3434 644 3488 Romae
679 3440 1074 3489 mercatorum.
1112 3436 1182 3491 ef.
1273 3436 1346 3490 iv.
1383 3435 1456 3504 11,
1493 3438 1580 3490 27.

434 3534 501 3545 —-
526 3504 677 3575 novi]
719 3506 946 3560 Horatii
983 3510 1129 3561 sunt.
1203 3506 1286 3562 De
1321 3509 1582 3578 genetivo

431 3576 604 3631 morbi
639 3576 710 3631 ef.
738 3577 812 3632 ad
837 3578 1016 3633 Carm.
1037 3578 1107 3643 11,
1128 3580 1180 3641 9,
1203 3582 1286 3633 18.
1307 3609 1378 3619 -
1397 3578 1581 3649 atqui]

434 3648 588 3702 Haec
624 3648 966 3719 Damasippo
999 3650 1325 3705 tribuantur
1363 3668 1584 3705 neeesse

432 3725 533 3775 est.
573 3720 803 3775 Morbus
837 3722 984 3776 enim
1007 3723 1078 3776 ab
1105 3721 1342 3777 Horatio
1365 3723 1583 3791 positus

433 3796 558 3845 erat
597 3808 701 3861 pro
749 3793 952 3847 vitioso
999 3792 1100 3847 illo
1153 3794 1582 3849 coemendarum

431 3880 620 3917 rerum
677 3863 886 3933 studi03
953 3866 1102 3934 quod
1157 3865 1492 3921 vocabulum
1550 3883 1585 3919 a

433 3934 620 3988 Stoico
676 3935 860 3991 iocose
903 3938 1206 3991 assumitur
1251 3937 1324 3991 ad
1371 3936 1581 4007 signifi-

433 4006 673 4061 candum
720 4024 881 4062 suum
916 4026 1123 4063 novum
1161 4009 1410 4064 studium
1447 4008 1582 4062 alio-

432 4095 560 4133 rum
619 4077 908 4133 hominum
961 4097 1051 4134 res
1101 4081 1352 4144 curandi,
1403 4080 1583 4147 priori

432 4150 525 4204 vel
569 4148 810 4205 maxime
858 4152 1218 4206 contrarium.
1313 4150 1582 4205 Horatius

433 4238 540 4347 m
599 4225 784 4275 totum
841 4240 1152 4278 sermonem
1223 4222 1581 4277 brevissimus

541 4308 572 4345 c
623 4292 810 4347 dicere
861 4312 974 4349 non
1028 4300 1216 4364 potest
1274 4294 1382 4347 nisi
1437 4293 1584 4347 male

433 4364 666 4418 servatis
709 4365 986 4433 partibus.
1025 4394 1092 4403 —
1136 4364 1293 4435 mire]
1337 4364 1584 4434 Egregie

433 4434 764 4489 adverbium
809 4442 1092 4505 sumptum
1137 4442 1222 4489 est
1255 4454 1324 4491 ex
1359 4452 1583 4505 praeee-

434 4504 593 4559 denti
627 4506 801 4559 verbo
837 4509 1022 4563 miror.
1093 4506 1329 4561 Horatio
1377 4506 1583 4561 mirum

436 4576 618 4629 visum
643 4582 744 4645 est,
781 4578 931 4645 quod
957 4578 1174 4632 Stoicus
1209 4586 1400 4632 vetere
1437 4595 1581 4631 mor·

1672 2433 1745 2487 bo
1782 2432 2053 2489 liberatus
2088 2434 2188 2501 sit;
2249 2432 2467 2489 Stoicus
2516 2433 2738 2489 acutius
2776 2438 2839 2487 et

1674 2505 2008 2573 mordacius,
2054 2507 2119 2558 ut
2164 2504 2272 2559 sibi
2320 2505 2563 2569 videtur,
2598 2522 2835 2573 respon-

1673 2576 1795 2631 det:
1834 2584 2023 2645 „recte
2046 2576 2267 2641 mirum,
2292 2577 2391 2631 sed
2413 2578 2556 2631 mire
2578 2582 2835 2631 veterem

1674 2666 1853 2703 novus
1899 2652 2123 2703 secutus
2162 2656 2247 2702 est
2285 2648 2541 2715 morbus,
2578 2652 2645 2701 ut
2688 2648 2839 2701 solet

1673 2718 1861 2789 fieri;“
1920 2720 1981 2773 in
2032 2736 2142 2788 quo
2189 2718 2336 2773 inest
2380 2720 2441 2773 id
2484 2720 2637 2788 quod
2686 2720 2837 2786 vult,

1672 2796 1897 2845 tantum
1932 2790 2125 2846 abesse
2160 2795 2227 2845 ut
2266 2790 2474 2845 mirum
2510 2792 2603 2859 sit,
2641 2796 2709 2844 ut
2748 2808 2838 2844 so-

1674 2863 1830 2917 leant
1865 2862 2117 2916 homines
2156 2880 2223 2917 ex
2272 2863 2451 2917 altero
2490 2864 2549 2917 in
2585 2862 2835 2916 alterum

1673 2934 1922 2989 incidere
1947 2934 2223 2989 morbum.
2262 2934 2567 2989 Horkelius
2592 2934 2841 2989 coniecit

1676 3006 2030 3061 scribendum
2066 3023 2185 3060 esse
2228 3007 2410 3061 maior
2462 3020 2663 3073 novun
2722 3022 2839 3073 qua

1676 3077 2015 3143 coniectura,
2062 3094 2381 3146 quanquam
2422 3076 2695 3132 facillima
2732 3082 2839 3141 est,

1676 3148 1785 3203 loci
1822 3155 2028 3204 natura
2062 3153 2331 3203 mutatur.
2379 3178 2447 3189 -
2500 3148 2839 3217 letharqicus

1674 3220 1781 3289 hic]
1822 3221 1919 3290 qui
1956 3238 2025 3274 ex
2073 3220 2354 3290 lethargia
2404 3218 2839 3291 expergefactus

1674 3292 1861 3347 subito
1902 3292 1971 3345 ad
2008 3296 2229 3347 tantum
2254 3293 2507 3363 vigorem
2547 3292 2741 3355 rediit,
2768 3298 2837 3343 ut

1676 3364 1857 3433 ipsum
1883 3362 2160 3419 medicum
2182 3364 2387 3434 pugnis
2411 3369 2647 3433 peteret.
2684 3362 2835 3417 Nam

1677 3435 1845 3503 „dum
1882 3434 2065 3489 vitant
2089 3435 2251 3488 stulti
2276 3436 2433 3502 vitia,
2460 3436 2520 3489 in
2546 3435 2837 3490 contraria

1676 3508 1964 3563 currunt-‘⁶
2000 3506 2114 3561 Sat.
2136 3506 2179 3571 1,
2202 3508 2256 3575 2,
2282 3508 2369 3563 24.
2404 3506 2567 3574 Quod
2592 3524 2723 3561 cum
2750 3506 2839 3559 di·

1676 3582 1829 3633 oeret
1852 3577 2088 3646 Stoicus,
2125 3586 2347 3648 gestum
2384 3578 2717 3633 imitabatur
2754 3577 2835 3633 fe-

1675 3650 1899 3718 rientis;
1931 3650 2060 3705 inde
2086 3650 2269 3705 iocose
2292 3650 2505 3704 veritus
2530 3650 2803 3705 Horatius
2818 3671 2835 3702 :

1678 3721 1847 3790 „dum
1883 3739 1955 3775 ne
2004 3721 2143 3791 quid
2190 3722 2373 3775 simile
2416 3721 2565 3789 huic,
2612 3726 2735 3776 esto
2768 3726 2839 3775 ut

1676 3794 1869 3847 libet.“
1904 3792 2058 3848 Haec
2082 3792 2201 3847 sola
2224 3793 2399 3848 verba
2420 3792 2661 3848 Horatii.
2696 3792 2837 3847 Pro-

1675 3882 1880 3919 nomen
1924 3864 2010 3918 hic
2056 3865 2323 3933 proponit
2370 3866 2687 3935 exemplum
2702 3904 2719 3932 ‚
2768 3872 2839 3917 ut

1676 3954 1728 3989 v.
1750 3938 1835 3989 23.
1862 3938 1982 3989 162.
2010 3965 2075 3975 --
2098 3936 2385 4005 frustrer-c]
2426 3936 2589 4004 „Noli
2624 3941 2687 3989 tu
2724 3936 2837 3991 tibi

1678 4008 1905 4075 timere;
1946 4024 2051 4078 ego
2086 4008 2238 4061 enim
2272 4025 2385 4061 non
2420 4025 2545 4063 sum
2580 4008 2835 4075 insanus,

1677 4082 1741 4132 tu
1769 4078 1981 4133 insanis
1999 4082 2057 4133 et
2081 4096 2271 4133 omnes
2291 4096 2467 4148 prope
2486 4078 2833 4133 insaniunt.“

1678 4150 1797 4205 Iam
1834 4150 1993 4205 adest
2028 4167 2141 4219 quo
2174 4151 2371 4205 voluit.
2404 4180 2478 4189 —
2512 4148 2837 4219 Stertinius]

1676 4220 1858 4289 Epist.
1878 4220 1923 4285 Ι,
1945 4224 2029 4287 12,
2052 4224 2139 4290 20,
2158 4221 2257 4275 ubi
2274 4224 2448 4275 Acro:
2492 4220 2833 4290 „Stertinius

1675 4292 2056 4361 philosophus,
2094 4293 2194 4362 qui
2220 4293 2487 4348 ducentos
2526 4298 2584 4347 et
2620 4292 2831 4363 viginti

1674 4364 1849 4417 libros
1887 4364 2201 4419 Stoicorum
2237 4362 2412 4419 latine
2447 4364 2727 4435 scripsit.“
2764 4394 2831 4403 -—

1676 4434 1966 4505 waricio]
1997 4435 2139 4505 „Hic
2166 4454 2309 4505 pons
2326 4436 2621 4491 Fabricius
2648 4436 2835 4491 dietus

1674 4510 1760 4559 est
1799 4524 1831 4559 a
1856 4506 2118 4562 Fabricio
2147 4508 2371 4563 consule
2394 4508 2705 4571 conditore.
2732 4508 2831 4577 qui

1674 4594 1823 4631 nuno
1876 4578 2157 4649 Lapideus
2212 4580 2555 4649 appellatur,
2607 4580 2833 4633 iunctus
