3092 5059
429 210 550 276 188
1390 212 1847 280 CARMINUM

821 401 1138 479 Portare
1191 402 1445 499 fustes,
1501 402 1615 477 sol
1672 401 1807 477 ubi
1854 400 2232 477 montium

832 526 1168 603 Mutaret
1215 527 1526 604 umbras
1580 540 1659 603 et
1701 527 1885 625 iuga
1936 525 2278 602 demeret

933 653 1192 728 Bubus
1240 653 1581 752 fatigatis
1634 651 1966 727 amicum
2082 738 2089 747 Ι

1029 778 1366 877 Tempus
1415 803 1652 876 agens
1701 776 2035 853 abeunte
2088 800 2339 851 curru.

749 958 798 999 ιο
832 929 1220 1003 Damnoss.
1269 925 1459 1025 quid
1506 951 1663 1001 non
1712 923 2094 1000 imminuit
2147 922 2365 999 dies?

827 1052 1062 1128 Aetas
1111 1065 1518 1151 parentum
1572 1050 1793 1148 peior
1846 1049 2007 1124 avis
2062 1047 2241 1123 tulit

934 1176 1094 1252 Nos
1139 1176 1547 1276 nequiores
1602 1199 1779 1249 mox
1831 1171 2141 1247 daturos

1035 1300 1494 1397 Progeniem
1541 1299 2038 1375 vitiosiorem.

1525 1512 1725 1522 ——n—

1311 1630 1695 1719 OARMEN
1756 1632 1927 1717 VII.

839 1796 1047 1890 Quid
1099 1798 1259 1896 fles,
1319 1798 1642 1894 Asterie,
1696 1822 1923 1899 quem
1976 1797 2119 1873 tibi
2172 1793 2479 1871 candidi

839 1923 1099 2000 Primo
1152 1925 1554 2001 restituent
1605 1948 1785 1999 vere
1836 1922 2156 1998 Favonii

938 2049 1211 2149 Thyna
1259 2075 1517 2126 merce
1568 2051 1874 2125 beatum

1036 2172 1470 2251 Constantis
1519 2173 1875 2249 iuvenem
1924 2172 2128 2269 fidei,

777 2358 802 2399 a
837 2322 1168 2424 Gygen?
1273 2323 1418 2399 Ille
1467 2323 1685 2401 Notis
1738 2334 1948 2400 actus
2000 2323 2099 2399 ad
2152 2321 2475 2401 Oricum

436 2574 564 2612 cum
619 2558 790 2612 etism
846 2556 1028 2611 bubus
1075 2557 1210 2627 iuga
1263 2557 1581 2626 demuntur,

435 2628 704 2683 severitas
751 2632 996 2682 matrum
1041 2628 1266 2684 iuvenes
1313 2629 1489 2697 quieti
1527 2647 1585 2684 se

437 2699 572 2753 dare
607 2718 718 2753 non
757 2700 907 2753 sinit.
943 2730 1015 2739 —
1062 2700 1246 2770 ayens]
1288 2700 1584 2767 adducens,

437 2774 504 2824 ut
526 2771 696 2841 Verg.
733 2770 924 2825 Bucol.
960 2773 1012 2839 8,
1053 2774 1135 2825 17.
1175 2770 1421 2827 Observa
1455 2789 1587 2840 oxy·

437 2858 636 2896 moron
671 2858 836 2912 agens
869 2844 1100 2898 abeunte
1131 2858 1312 2897 cun-u.
1336 2872 1401 2882 —
1432 2848 1587 2898 aetas

431 2918 724 2983 parentum
794 2913 1040 2968 Observa
1083 2914 1403 2969 admirabili
1451 2932 1585 2983 quo-

439 2984 570 3039 dam
606 2984 720 3039 arti
761 2986 847 3039 cio
895 2989 1094 3055 poetae
1131 2989 1400 3054 quattuor
1435 2992 1585 3041 aeta-

438 3060 524 3110 tes
559 3056 720 3111 brevi
759 3056 930 3111 trium
961 3074 1224 3111 versuum
1248 3058 1431 3127 spatio
1457 3075 1584 3113 con-

440 3128 616 3199 iungi.
691 3126 1092 3183 Gravissimum
1126 3128 1267 3183 illud
1315 3127 1585 3184 iudicium

437 3200 664 3325 {gg-eg?
689 3200 856 3325 nEiodp
883 3200 1192 3325 essrmfflum
1214 3200 1414 3323 serien}
1439 3202 1585 3287 clau:

437 3288 548 3395 ..¹2³4
579 3288 1585 3414 i...:².²;‚¹.15·.;.22„22¹³²3?.¹²;.÷‚·.2’2‘1

436 3408 633 3482 γόνους
671 3416 799 3467 Θεοὶ
834 3415 1147 3483 τρέπουσι.“
1185 3414 1370 3469 Solon.
1409 3418 1460 3482 ὅ,
1485 3417 1582 3469 25:

439 3476 623 3553 „m'mc
657 3480 885 3540 ἀναίτιοι
925 3486 1062 3556 ἔργα
1095 3490 1337 3540 τίνουσιν
1351 3478 1426 3541 Ἦ
1459 3494 1585 3541 παῖ-

441 3556 532 3614 δες
565 3550 770 3612 τούτων
805 3552 837 3625 ἢ
875 3562 1040 3625 γένος
1075 3558 1362 3616 ἔξοπίσω.“

799 3670 1086 3726 Carmen
1124 3671 1242 3726 VII.

511 3765 784 3831 Asterien,
840 3785 982 3835 quae
1040 3767 1108 3822 de
1165 3768 1352 3839 (hs-gis,
1413 3769 1585 3823 amati

438 3834 671 3901 iuvenis,
701 3837 870 3906 longa
895 3839 1146 3894 absentia
1173 3840 1415 3896 sollicita
1443 3845 1585 3909 erat,

439 3909 760 3962 consolatur
825 3908 1117 3964 Horatius:
1179 3912 1460 3966 neminem
1525 3912 1586 3965 in

439 3996 629 4034 amore
665 3982 1102 4036 constantiorem
1139 3982 1294 4054 Gyge
1339 4000 1456 4037 esse
1490 4000 1585 4036 ne-

438 4068 547 4120 que
613 4068 648 4105 s.
687 4052 764 4105 ud
831 4069 958 4107 eum
1031 4054 1328 4123 quicquam
1401 4053 1587 4108 velere

437 4122 610 4176 malas
687 4123 842 4177 hloes
886 4123 1140 4194 hospitae
1185 4130 1335 4179 artes
1373 4131 1430 4180 et
1464 4125 1583 4179 ille-

438 4194 658 4263 cebras3
695 4199 890 4249 contra
926 4213 996 4249 ne
1032 4196 1154 4265 ipss.
1189 4196 1402 4251 Romae
1439 4197 1584 4265 peri-

439 4265 576 4319 culis
617 4265 864 4333 undique
909 4267 1092 4323 cincta.
1136 4267 1304 4321 fidem
1359 4266 1587 4337 frangat

438 4337 1434 4479 ῧᾜέἓῗὲἰῗὲἱΐέἲὲῗὲηὲἓέἔῗ
1449 4357 1585 4464 {222³

437 4478 528 4547 pei
567 4478 737 4533 vicini
779 4480 1065 4534 nocturnis
1109 4482 1466 4549 carminibus,
1517 4487 1585 4536 ut

440 4548 668 4603 domum
700 4550 946 4605 clausam
981 4556 1186 4618 teneat,
1235 4557 1300 4608 ut
1333 4552 1584 4609 difficilis

1676 2558 1926 2619 maneat,
2011 2554 2144 2608 dnm
2227 2553 2407 2625 Gyges
2486 2557 2835 2609 revertatur.

1678 2628 1889 2683 Graeca
1948 2627 2175 2681 nomina
2244 2626 2377 2680 licet
2442 2624 2597 2679 haud
2658 2626 2837 2682 dubie

1676 2698 1809 2755 ficta.
1842 2698 1973 2765 sint,
2017 2715 2177 2753 veros
2218 2700 2405 2752 tamen
2451 2702 2509 2750 et
2543 2696 2837 2752 Romanos

1677 2770 1929 2825 homines
1964 2769 2145 2823 celare
2178 2769 2467 2837 videntur;
2504 2785 2838 2838 quanquam

1679 2843 1775 2911 qui
1818 2842 2033 2895 lateant
2077 2840 2414 2911 investigare
2460 2840 2609 2894 velle
2663 2840 2837 2895 inane

1678 2918 1763 2969 est
1798 2912 2044 2967 studium
2082 2916 2141 2966 et
2172 2928 2665 2981 supervacaneum.
2708 2910 2833 2979 Quo

1678 2990 1929 3053 tempore
1966 2984 2336 3053 compositum
2372 2999 2597 3037 carmen
2626 2983 2705 3037 sit
2726 3000 2833 3037 nos

1677 3057 1834 3111 latet.

1749 3126 1813 3181 V.
1856 3129 1901 3179 1.
1950 3142 2103 3195 quem
2138 3124 2261 3195 tibi]
2312 3124 2577 3180 Relativa
2608 3130 2829 3179 senten·

1677 3198 1761 3253 tia
1797 3199 1870 3253 ob
1909 3214 2031 3251 eam
2068 3214 2289 3251 causam
2319 3196 2607 3266 praecedit
2644 3197 2829 3266 ipsum

1677 3287 1881 3324 nomen
1900 3268 2089 3339 Gygis,
2128 3268 2263 3337 quis.
2293 3267 2619 3322 consolandi
2656 3268 2827 3322 ratio-

1676 3358 1775 3395 nes
1810 3340 2001 3411 paucis
2026 3340 2212 3395 verbis
2248 3340 2675 3409 comprehensas
2700 3356 2827 3395 con-

1678 3414 1837 3467 tinet.
1878 3442 1947 3452 —
1988 3410 2216 3466 candidi
2242 3410 2508 3480 Favonii]
2548 3410 2620 3465 cf.
2648 3411 2825 3465 Cau-m.

1678 3483 1723 3553 1,
1750 3489 1801 3553 7,
1842 3486 1922 3537 15.
1962 3483 2061 3551 111,
2088 3484 2174 3550 27,
2206 3483 2289 3536 19.
2326 3482 2609 3537 Favonius
2648 3483 2827 3552 spirat

1680 3556 1749 3610 ab
1779 3556 2065 3610 occidente
2090 3553 2161 3607 ed
2186 3554 2460 3608 orientem
2496 3553 2691 3621 solem,
2726 3552 2825 3625 igi·

1678 3633 1773 3683 tur
1818 3628 2047 3696 proprie
2092 3626 2351 3679 adversus
2394 3630 2483 3678 est
2527 3626 2719 3679 nautis
2758 3625 2823 3679 ab

1678 3700 1893 3753 oriente
1934 3699 1993 3752 in
2029 3696 2251 3751 Italiam
2296 3696 2689 3765 redeuntibus3
2732 3696 2823 3750 sed

1677 3770 1731 3825 h.
1770 3771 1806 3823 l.
1846 3769 1989 3823 nihil
2016 3769 2297 3822 indicatur
2330 3768 2439 3821 nisi
2478 3768 2707 3822 initium
2744 3784 2823 3821 re·

1678 3841 1901 3895 deuntis
1958 3841 2105 3895 veris
2154 3856 2343 3893 mense
2390 3838 2719 3893 Februario.
2760 3866 2823 3878 —

1686 3911 1903 3981 styma]
1931 3910 2114 3979 Thyni
2138 3910 2379 3965 Thraces
2416 3910 2733 3989 erant,fqui
2770 3910 2821 3963 in

1679 3983 2001 4051 Bithyniam
2058 3982 2164 4037 emi
2272 3986 2427 4049 rant,
2480 3982 2629 4037 unde
2686 3980 2822 4035 Plin.

1677 4055 1745 4109 N.
1784 4054 1851 4109 Η.
1889 4053 1957 4122 V,
1994 4056 2087 4108 32:
2129 3998 2379 4122 „ffient
2414 4068 2637 4107 omnem
2672 4070 2821 4107 oram

1678 4126 1878 4195 Thyni,
1914 4126 2183 4180 interiora
2218 4124 2500 4193 Bithyni.“
2574 4124 2824 4193 Utroque

1680 4203 1865 4251 tamen
1900 4198 2123 4251 nomine
2159 4202 2357 4267 poetae
2391 4198 2543 4251 certe
2566 4196 2689 4250 sine
2712 4194 2821 4249 ullo

1679 4269 2000 4322 discrimine
2035 4268 2362 4336 utebantur3
2400 4266 2581 4336 Epist.
2603 4266 2648 4335 1,
2671 4268 2724 4335 6,
2744 4268 2820 4321 33.

1680 4339 1895 4393 Nobilis
1934 4356 1999 4393 ea
2033 4339 2145 4393 fuit
2185 4340 2341 4409 regio
2378 4342 2613 4408 propter
2648 4338 2823 4391 multa

1680 4416 1739 4464 et
1782 4428 1839 4463 m
1954 4428 1987 4465 a
2022 4426 2166 4480 quae
2212 4411 2409 4465 habuit
2450 4410 2721 4478 emporis..
2764 4438 2819 4448 --

1676 4480 1826 4550 fidei]
1922 4482 1975 4536 ic
2028 4483 2208 4550 codd„
2258 4482 2355 4537 sed
2408 4498 2509 4549 per
2552 4481 2823 4548 synizesin

1680 4552 1947 4623 legendae
1983 4554 2207 4609 litterae
2242 4554 2311 4623 ei,
2346 4556 2412 4607 ut
2446 4550 2625 4606 Cal-m.
2666 4550 2738 4618 11,
2774 4551 2823 4620 ⁷,
