3092 5059
524 210 647 275 496
1414 211 2032 281 EPISTULARUM

620 394 841 469 Nunc
890 393 1117 492 agilis
1165 392 1267 469 fio
1320 408 1399 471 et
1448 422 1744 473 mersor
1796 396 2152 473 civilibus
2198 395 2423 473 undis

620 518 949 597 Virtutis
1002 544 1230 597 verae
1288 532 1539 596 custos
1593 518 2053 620 rigidusque
2105 519 2446 615 satelles3

620 645 843 721 Nunc
893 646 971 720 in
1024 644 1403 744 Aristippi
1453 643 1723 720 furtim
1775 658 2190 745 praec-epta
2241 644 2556 721 relabor

621 770 717 845 Et
764 769 955 845 mihi
1005 795 1151 866 res,
1203 794 1356 843 non
1410 795 1535 845 me
1585 770 1818 845 rebus
1875 771 2338 869 subiungere
2391 794 2664 845 conor.

538 930 591 970 ιο
624 894 731 971 Ut
780 920 935 969 nox
986 893 1223 991 longa
1276 894 1552 993 quibus
1609 895 1973 971 mentitur
2025 894 2291 991 amica,
2347 893 2680 993 diesque

622 1018 892 1117 Longa
946 1018 1249 1095 videtur
1302 1046 1494 1119 opus
1551 1020 2034 1115 debentibus,
2091 1033 2174 1095 ut
2222 1021 2452 1119 piger
2503 1046 2768 1097 annus

622 1143 969 1241 Pupillis,
1024 1168 1219 1243 quos
1270 1146 1465 1221 dura
1512 1146 1792 1244 premit
1837 1145 2184 1221 custodia
2233 1159 2604 1239 matrum3

623 1269 749 1345 Sic
778 1270 971 1344 mihi
1005 1270 1226 1345 tarda
1262 1268 1510 1345 fluunt
1545 1271 2004 1370 ingrataque
2051 1285 2425 1370 tempora,
2469 1296 2680 1369 quae
2723 1294 2920 1367 spem

624 1392 1207 1493 Consiliumque
1257 1407 1656 1471 morantur
1705 1394 1991 1493 agendi
2042 1396 2343 1471 naviter
2391 1394 2494 1491 id,
2551 1394 2780 1494 quod

541 1549 592 1589 εις
628 1516 901 1617 Aeque
946 1519 1417 1619 pauperibus
1470 1520 1810 1617 prodest,
1870 1520 2382 1617 locupletibus
2434 1544 2720 1619 aeque,

528 1736 535 1741 ὁ
624 1642 899 1743 Aeque
949 1643 1380 1741 neglectum
1438 1644 1699 1745 pueris
1753 1646 2216 1744 senibusque
2269 1644 2596 1720 nocebit.

624 1770 908 1865 Restat,
950 1782 1035 1845 ut
1071 1769 1189 1845 his
1229 1794 1373 1867 ego
1420 1796 1543 1846 me
1585 1771 1751 1867 ipse
1804 1766 2069 1868 regam
2109 1770 2462 1871 solerque
2497 1769 2914 1845 elementis.

626 1895 803 1971 Non
854 1896 1097 1993 possis
1150 1894 1375 1971 oculo
1431 1910 1806 1995 quantum
1858 1895 2325 1971 contendere
2377 1894 2774 1993 Lynceus:

623 2018 794 2093 Non
847 2032 1103 2095 tamen
1154 2018 1440 2095 idcirco
1497 2034 1939 2095 contemnas
1992 2020 2250 2120 lippus
2301 2020 2610 2117 inungi,

526 2246 746 2303 incidit.
782 2247 1188 2319 Navigantium
1227 2248 1375 2303 enim
1410 2246 1519 2303 hoc
1557 2265 1680 2303 ver·
1813 2266 1911 2303 ara
1963 2247 2145 2317 Epist.
2201 2246 2274 2317 Π,
2335 2250 2380 2317 1,
2435 2250 2488 2302 4.
2579 2245 2756 2303 Ovid.
2803 2246 2916 2300 Met.

526 2318 661 2375 bum
707 2324 805 2375 est.
849 2350 914 2358 —
951 2319 1175 2389 mersor]
1226 2319 1296 2375 cf.
1337 2319 1500 2375 Corn.
1536 2318 1677 2390 Nep.
1823 2320 1922 2386 ΙΙΙ,
1957 2322 2011 2375 2.
2087 2318 2199 2375 Οἰο.
2248 2337 2353 2389 pro
2402 2318 2572 2373 Arch.
2621 2322 2682 2389 6,
2741 2320 2818 2373 13.
2859 2346 2911 2356 —

526 2393 646 2445 Att.
688 2392 739 2459 6,
782 2395 826 2445 1.
901 2390 1101 2446 Catull.
1142 2392 1227 2458 68,
1270 2394 1361 2445 13:
1436 2392 1679 2462 „accipe,
1815 2392 2138 2461 auperibus]
2164 2390 2434 2445 Similiter
2460 2392 2748 2475 Diogenes
2787 2388 2912 2459 apud

528 2464 652 2532 quis
688 2478 886 2517 merser
920 2462 1180 2517 fortunae
1217 2462 1476 2517 fluctibus
1506 2464 1676 2533 ipse.‘·
1767 2408 1939 2534 giog.
1979 2462 2166 2517 Laert.
2201 2462 2297 2531 VI,
2341 2465 2434 2517 68:
2475 2469 2634 2531 „Tnv
2675 2464 2914 2517 παιδείαν

535 2564 603 2575 -
640 2532 877 2603 rigidus]
918 2532 1029 2589 Sat.
1061 2534 1129 2599 II,
1170 2536 1216 2602 l,
1254 2536 1339 2589 70.
1376 2534 1584 2589 Lucan.
1606 2534 1681 2601 11,
1775 2534 1896 2589 elue
1933 2535 2044 2607 μὲν
2083 2538 2228 2595 νέοις
2276 2530 2678 2605 σωφροσύνην,
2725 2540 2832 2592 τοῖς
2861 2530 2910 2583 δὲ

418 3856 423 3859 -
530 3820 709 3877 Tacit.
744 3822 950 3895 dialog.
980 3840 1024 3877 c.
1064 3825 1161 3877 28:

528 2606 661 2659 389:
720 2604 937 2675 ‚,(Cato)
976 2604 1234 2660 Iustitiae
1271 2606 1469 2671 cultor,
1508 2606 1682 2677 rigidi

526 2682 783 2732 servator
806 2676 1079 2731 honesti.“
1118 2677 1202 2731 De
1228 2678 1523 2747 Aristippo
1551 2679 1682 2732 vide

526 2748 847 2817 Ciceronem
883 2746 1044 2802 Tusc.
1072 2747 1145 2815 11,
1174 2750 1224 2802 6.
1255 2750 1335 2802 15.
1362 2748 1431 2803 de
1458 2748 1579 2803 Fin.
1609 2748 1680 2817 ΙΙ,

531 2822 616 2887 11,
638 2820 733 2873 34:
774 2819 915 2887 „His
949 2820 1206 2874 omnibus
1244 2838 1383 2890 quos
1408 2819 1527 2875 dixi
1554 2839 1681 2875 con-

528 2898 819 2961 sequentes
862 2896 993 2945 sunt
1028 2890 1165 2946 fines
1200 2892 1503 2947 bonorum:
1557 2893 1680 2946 Ari-

526 2964 714 3032 stippo
755 2963 990 3032 simplex
1026 2964 1303 3033 voluptas,
1330 2962 1529 3019 Stoicis
1555 2981 1682 3019 con-

529 3034 739 3089 sentire
776 3039 1031 3103 naturae,
1069 3036 1218 3104 quod
1258 3053 1373 3090 esse
1414 3036 1615 3089 volunt
1652 3053 1682 3089 e

530 3106 762 3171 virtute,
800 3106 859 3161 id
897 3112 996 3171 est,
1028 3105 1257 3162 honeste
1294 3108 1539 3161 vivere-‘⁴

600 3176 667 3232 V.
679 3180 763 3232 21.
777 3194 914 3247 opus
925 3178 1253 3248 debentibus]
1267 3178 1682 3247 mercennariis,

532 3250 726 3311 servis,
762 3248 997 3305 ancillis.
1036 3279 1100 3288 -
1138 3250 1410 3320 custodia]
1444 3268 1558 3305 non
1595 3254 1680 3304 tu-

531 3320 663 3376 tela.
735 3320 875 3375 Nam
912 3320 1040 3391 Dig.
1080 3320 1282 3383 XXVI,
1320 3325 1368 3391 1,
1414 3324 1501 3376 18:
1544 3321 1682 3390 „Fe-

530 3393 713 3447 minae
747 3397 964 3446 tutores
990 3392 1115 3447 dari
1141 3410 1249 3447 non
1274 3398 1524 3463 possunt.
1551 3394 1684 3463 quia

530 3464 591 3518 id
615 3481 813 3518 munus
849 3464 1215 3519 masculinum
1242 3466 1382 3519 est.“
1424 3464 1539 3519 Cod
1585 3464 1682 3519 lib.

529 3534 595 3589 V.
624 3534 735 3589 Tit.
763 3534 965 3604 XLIX,
998 3540 1047 3589 1:
1098 3534 1408 3605 „Educatio
1443 3535 1684 3606 pupillo·

530 3624 659 3661 rum
694 3612 921 3662 tuorum
958 3608 1101 3661 nulli
1144 3609 1325 3679 magis
1362 3625 1531 3677 quam
1570 3625 1684 3662 ma·

530 3680 609 3734 tri
660 3696 869 3748 eorum,
916 3678 962 3734 si
1011 3697 1124 3734 non
1169 3680 1435 3734 vitricum
1480 3679 1549 3734 iis
1599 3680 1684 3732 in-

532 3749 774 3815 duxerit,
812 3749 1213 3807 committenda
1251 3753 1388 3805 est.“
1475 3751 1684 3805 Contra

1246 3823 1399 3891 „Iam
1438 3822 1685 3891 primum

532 3911 661 3949 suus
701 3894 900 3963 cuique
942 3893 1108 3962 filius,
1154 3912 1221 3948 ex
1258 3899 1415 3949 casta
1449 3897 1685 3963 parente

531 3970 716 4033 natus,
750 3983 861 4020 non
899 3966 959 4019 in
993 3966 1135 4020 cella
1173 3970 1395 4035 emptae
1429 3966 1684 4035 nutricis,

532 4037 628 4092 sed
668 4038 883 4108 gremio
922 4054 987 4091 ac
1022 4037 1146 4095 sinu
1183 4037 1379 4091 matris
1416 4036 1681 4092 educaba-

532 4112 645 4176 tur,
685 4110 840 4164 cuius
876 4109 1179 4178 praecipua
1212 4108 1333 4161 laus
1374 4113 1495 4163 erat
1533 4110 1686 4163 tueri

532 4178 761 4235 domum
808 4184 865 4234 et
913 4180 1184 4235 inservire
1227 4178 1419 4233 liberis
1469 4222 1480 4234 .
1536 4220 1550 4234 .
1602 4221 1614 4234 .

533 4250 625 4306 Sic
663 4251 975 4307 Corneliam
1019 4251 1416 4319 Gracchorum,
1452 4250 1533 4307 sic
1570 4254 1684 4305 Au-

532 4323 732 4379 reliam
770 4323 1035 4391 Caesaris,
1086 4322 1166 4377 sic
1198 4322 1393 4377 Atiam
1439 4324 1686 4392 Augusti

532 4398 771 4450 matrem
806 4393 1111 4465 praefuisse
1160 4394 1581 4449 educationibus
1619 4412 1683 4449 ac

532 4466 863 4536 produxisse
909 4466 1189 4537 principes
1227 4466 1432 4521 liberos
1470 4467 1682 4537 accepi-

533 4538 711 4595 mus.“
750 4567 815 4577 —-
855 4538 1120 4610 tempora]
1170 4536 1254 4593 De
1289 4538 1496 4611 plurali
1534 4556 1682 4593 com·

1667 4220 1682 4235 .
1777 4186 1995 4236 mutata
2011 4222 2024 4249 ,
2078 4181 2098 4235 i

1775 2610 2163 2675 πρεσβυτέροις
2235 2612 2625 2676 παραμυθίαν,
2697 2611 2810 2664 τοῖς
2861 2602 2910 2654 δὲ

1776 2682 1975 2744 πένησι
2032 2678 2291 2745 πλοῦτον,
2355 2684 2469 2737 τοῖς
2529 2678 2594 2730 δὲ
2647 2680 2912 2731 πλουσίως

1776 2747 1995 2821 κόσμον
2032 2750 2220 2803 εἶναι.“
2261 2779 2325 2789 -
2364 2748 2656 2819 elemmtis]
2705 2750 2910 2803 Senten-

1776 2822 1856 2875 tia
1895 2822 1978 2876 ita
2025 2839 2152 2876 cum
2192 2820 2656 2890 praecedentibus
2707 2820 2910 2876 coniun-

1777 2893 1960 3018 genda
1997 2893 2240 2960 videtur,
2279 2897 2343 2946 ut
2379 2908 2606 2947 causam
2643 2893 2772 2962 ipsa
2803 2906 2909 2960 pro-

1818 2969 1877 3018 at
1923 2982 2021 3019 cur
2067 2970 2267 3033 poetae
2312 2981 2476 3019 omne
2520 2970 2748 3034 tempus
2785 2960 2909 3031 quod

1775 3054 1891 3091 non
1931 3036 2337 3105 consumpserit
2381 3036 2442 3089 in
2490 3053 2624 3089 vera
2673 3034 2910 3091 doctrina·

1775 3107 2061 3177 perditum
2111 3108 2386 3161 videatur.
2479 3106 2682 3176 ,‚Nam,
2731 3105 2906 3175 inquit.

1775 3197 1961 3233 meum
2017 3196 2170 3234 nunc
2230 3184 2314 3233 est
2366 3178 2454 3233 his
2519 3196 2665 3247 quae
2727 3176 2907 3244 colligo

1778 3250 2162 3321 philosophiae
2199 3250 2379 3305 initiis
2408 3250 2726 3319 (elementis)
2753 3262 2908 3304 meam

1773 3324 1954 3377 vitam
1988 3339 2184 3393 regere
2225 3326 2283 3377 et
2318 3320 2652 3377 moderari.“
2733 3321 2907 3376 Aliena

1777 3395 1924 3449 enim
1974 3393 2202 3463 negotia
2248 3410 2363 3446 non
2411 3398 2570 3447 curat
2618 3398 2686 3446 ut
2733 3392 2906 3446 Dama·

1777 3466 1967 3535 sippus
2007 3464 2145 3533 (Sat.
2189 3464 2260 3532 ΙΙ,
2287 3464 2344 3529 3)
2379 3482 2561 3534 neque
2599 3464 2670 3519 ab
2709 3464 2831 3520 aliis
2861 3476 2908 3513 se

1778 3538 1902 3608 regi
1947 3538 2180 3607 patitur.
2253 3536 2324 3590 cf.
2370 3535 2616 3590 Iuvenal.
2669 3538 2756 3605 14,
2801 3534 2904 3586 123:

1778 3608 1957 3678 „Sunt
1993 3608 2268 3677 quaedam
2317 3608 2584 3662 vitiorum
2619 3602 2905 3663 elementa!

1779 3710 1845 3720 —
1886 3680 2156 3750 Lynceum]
2193 3678 2307 3733 Sat.
2328 3680 2374 3745 I,
2393 3681 2445 3746 2,
2463 3680 2550 3733 90.
2602 3676 2687 3733 De
2727 3678 2904 3734 omissa

1777 3769 1944 3822 quam
1992 3752 2187 3805 dicunt
2230 3750 2510 3820 particula
2553 3752 2625 3819 si,
2661 3768 2734 3805 ne
2771 3746 2906 3803 nobis

1817 3823 2002 3877 uidem
2040 3822 2333 3878 Germanis
2373 3820 2700 3884 necessaria,
2740 3822 2806 3876 cf.
2839 3820 2904 3871 in·

1777 3840 1867 3950 gra
1908 3896 1998 3951 33.
2035 3896 2121 3947 87.
2193 3894 2373 3963 Epist.
2409 3894 2456 3963 I,
2493 3896 2544 3955 6,
2581 3896 2669 3947 31.
2729 3892 2836 3947 Sat.
2867 3887 2902 3946 I,

1782 3969 1828 4035 1,
1867 3968 1954 4020 45.
2017 3964 2302 4021 Orationis
2339 3965 2579 4019 formam
2621 3970 2808 4019 tamen
2839 3962 2900 4014 its

1777 4044 1996 4093 mutare
2041 4038 2214 4102 nolui,
2255 4041 2319 4093 ut
2365 4037 2606 4107 protasis
2655 4054 2796 4105 quae
2833 4035 2901 4086 est

1753 4110 1837 4163 in
1898 4111 2112 4165 interro
2153 4108 2396 4165 ationem
2459 4108 2750 4163 videretur
2807 4119 2900 4159 esse

2193 4180 2344 4249 quod
2399 4178 2762 4235 Doederlinio
2803 4176 2900 4246 plt-

1779 4253 1910 4307 cuit.
1985 4252 2191 4307 Latina
2227 4252 2405 4306 dictio
2448 4250 2592 4305 nihil
2628 4252 2700 4307 ab
2737 4252 2900 4304 nostr·

1778 4325 2074 4393 discrepat.
2127 4354 2192 4363 —
2240 4322 2392 4379 oculo
2441 4322 2780 4391 contendere]
2829 4318 2898 4371 Sic

1779 4397 1980 4465 optimi
2016 4394 2248 4459 codices,
2287 4400 2452 4449 recte.
2502 4390 2676 4451 Pauci
2715 4392 2898 4451 oodiooe

1781 4469 1976 4523 oculos.
2063 4466 2149 4523 De
2201 4466 2614 4523 constructione
2663 4476 2896 4534 compara

1783 4538 1894 4594 Cic.
1931 4538 2001 4595 de
2034 4538 2180 4595 offic.
2217 4538 2319 4611 111,
2356 4538 2404 4593 2.
2439 4554 2546 4607 pro
2583 4536 2772 4609 Ligar.
2797 4537 2840 4605 3,
2857 4531 2894 4583 6.
