<?xml version="1.0" encoding="UTF-8"?>
<!DOCTYPE html PUBLIC "-//W3C//DTD XHTML 1.0 Transitional//EN"
    "http://www.w3.org/TR/xhtml1/DTD/xhtml1-transitional.dtd">
<html xmlns="http://www.w3.org/1999/xhtml" xml:lang="en" lang="en">
 <head>
  <title>
</title>
<meta http-equiv="Content-Type" content="text/html;charset=utf-8" />
  <meta name='ocr-system' content='tesseract 3.04.00' />
  <meta name='ocr-capabilities' content='ocr_page ocr_carea ocr_par ocr_line ocrx_word'/>
</head>
<body>
  <div class='ocr_page' id='page_1' title='image "./qhoratiiflaccio05unkngoog/qhoratiiflaccio05unkngoog_0401.png"; bbox 0 0 3092 5059; ppageno 0'>
   <div class='ocr_carea' id='block_1_1' title="bbox 1156 241 1792 309">
    <p class='ocr_par' dir='ltr' id='par_1_1' title="bbox 1156 241 1792 309">
     <span class='ocr_line' id='line_1_1' title="bbox 1156 241 1792 309; baseline -0.005 0"><span class='ocrx_word' id='word_1_1' title='bbox 1156 244 1316 309; x_wconf 89' lang='lat' dir='ltr'><strong>LIB.</strong></span> <span class='ocrx_word' id='word_1_2' title='bbox 1357 243 1409 307; x_wconf 92' lang='grc' dir='ltr'><strong>Ι.</strong></span> <span class='ocrx_word' id='word_1_3' title='bbox 1455 241 1638 308; x_wconf 84' lang='lat' dir='ltr'><strong>SAT.</strong></span> <span class='ocrx_word' id='word_1_4' title='bbox 1684 242 1792 307; x_wconf 90' lang='lat' dir='ltr'><strong>IV.</strong></span> 
     </span>
    </p>
   </div>
   <div class='ocr_carea' id='block_1_2' title="bbox 2562 241 2682 306">
    <p class='ocr_par' dir='ltr' id='par_1_2' title="bbox 2562 241 2682 306">
     <span class='ocr_line' id='line_1_2' title="bbox 2562 241 2682 306; baseline -0.017 0"><span class='ocrx_word' id='word_1_5' title='bbox 2562 241 2682 306; x_wconf 85' lang='lat'><strong>371</strong></span> 
     </span>
    </p>
   </div>
   <div class='ocr_carea' id='block_1_3' title="bbox 391 394 2688 652">
    <p class='ocr_par' dir='ltr' id='par_1_3' title="bbox 391 394 2688 652">
     <span class='ocr_line' id='line_1_3' title="bbox 391 394 2651 529; baseline -0.002 -24"><span class='ocrx_word' id='word_1_6' title='bbox 391 428 698 529; x_wconf 85' lang='lat' dir='ltr'><strong>Scripta</strong></span> <span class='ocrx_word' id='word_1_7' title='bbox 745 427 958 525; x_wconf 85' lang='lat' dir='ltr'><strong>legat</strong></span> <span class='ocrx_word' id='word_1_8' title='bbox 1009 428 1246 526; x_wconf 86' lang='lat' dir='ltr'><strong>vulgo</strong></span> <span class='ocrx_word' id='word_1_9' title='bbox 1289 394 1619 503; x_wconf 34' lang='lat' dir='ltr'><strong>&#39;recitare</strong></span> <span class='ocrx_word' id='word_1_10' title='bbox 1672 427 2008 502; x_wconf 83' lang='lat' dir='ltr'><strong>timentis</strong></span> <span class='ocrx_word' id='word_1_11' title='bbox 2064 428 2165 501; x_wconf 93' lang='lat' dir='ltr'><strong>ob</strong></span> <span class='ocrx_word' id='word_1_12' title='bbox 2216 427 2415 503; x_wconf 89' lang='lat' dir='ltr'><strong>hanc</strong></span> <span class='ocrx_word' id='word_1_13' title='bbox 2466 452 2651 513; x_wconf 85' lang='lat' dir='ltr'><strong>rem,</strong></span> 
     </span>
     <span class='ocr_line' id='line_1_4' title="bbox 391 552 2688 652; baseline -0.001 -23"><span class='ocrx_word' id='word_1_14' title='bbox 391 552 618 644; x_wconf 86' lang='lat' dir='ltr'><strong>Quod</strong></span> <span class='ocrx_word' id='word_1_15' title='bbox 649 566 828 630; x_wconf 88' lang='lat' dir='ltr'><strong>sunt</strong></span> <span class='ocrx_word' id='word_1_16' title='bbox 857 579 1048 652; x_wconf 89' lang='lat' dir='ltr'><strong>quos</strong></span> <span class='ocrx_word' id='word_1_17' title='bbox 1073 552 1330 651; x_wconf 74' lang='lat' dir='ltr'><strong>genus</strong></span> <span class='ocrx_word' id='word_1_18' title='bbox 1348 552 1497 627; x_wconf 90' lang='lat' dir='ltr'><strong>hoc</strong></span> <span class='ocrx_word' id='word_1_19' title='bbox 1531 552 1846 627; x_wconf 89' lang='lat' dir='ltr'><strong>minime</strong></span> <span class='ocrx_word' id='word_1_20' title='bbox 1872 552 2105 648; x_wconf 86' lang='lat' dir='ltr'><strong>iuvat,</strong></span> <span class='ocrx_word' id='word_1_21' title='bbox 2134 564 2397 652; x_wconf 82' lang='lat' dir='ltr'><strong>utpote</strong></span> <span class='ocrx_word' id='word_1_22' title='bbox 2426 552 2688 649; x_wconf 87' lang='lat' dir='ltr'><strong>plures</strong></span> 
     </span>
    </p>
   </div>
   <div class='ocr_carea' id='block_1_4' title="bbox 303 677 1066 776">
    <p class='ocr_par' dir='ltr' id='par_1_4' title="bbox 303 677 1066 776">
     <span class='ocr_line' id='line_1_5' title="bbox 303 677 1066 776; baseline 0.003 -25"><span class='ocrx_word' id='word_1_23' title='bbox 303 710 354 751; x_wconf 67' lang='grc' dir='ltr'><strong>ιε</strong></span> <span class='ocrx_word' id='word_1_24' title='bbox 391 677 714 776; x_wconf 83' lang='lat' dir='ltr'><strong>Culpari</strong></span> <span class='ocrx_word' id='word_1_25' title='bbox 768 677 1066 775; x_wconf 84' lang='lat' dir='ltr'><strong>dignos.</strong></span> 
     </span>
    </p>
   </div>
   <div class='ocr_carea' id='block_1_5' title="bbox 1179 676 2396 773">
    <p class='ocr_par' dir='ltr' id='par_1_5' title="bbox 1179 676 2396 773">
     <span class='ocr_line' id='line_1_6' title="bbox 1179 676 2396 773; baseline -0.002 -22"><span class='ocrx_word' id='word_1_26' title='bbox 1179 676 1549 768; x_wconf 80' lang='lat' dir='ltr'><strong>Quemvis</strong></span> <span class='ocrx_word' id='word_1_27' title='bbox 1602 676 1860 751; x_wconf 86' lang='lat' dir='ltr'><strong>media</strong></span> <span class='ocrx_word' id='word_1_28' title='bbox 1912 702 2095 753; x_wconf 88' lang='lat' dir='ltr'><strong>erue</strong></span> <span class='ocrx_word' id='word_1_29' title='bbox 2148 677 2396 773; x_wconf 88' lang='lat' dir='ltr'><strong>turba,</strong></span> 
     </span>
    </p>
   </div>
   <div class='ocr_carea' id='block_1_6' title="bbox 308 800 2697 2279">
    <p class='ocr_par' dir='ltr' id='par_1_6' title="bbox 308 800 2697 2279">
     <span class='ocr_line' id='line_1_7' title="bbox 391 800 2515 879; baseline -0.001 -1"><span class='ocrx_word' id='word_1_30' title='bbox 391 802 556 878; x_wconf 90' lang='lat' dir='ltr'><strong>Aut</strong></span> <span class='ocrx_word' id='word_1_31' title='bbox 608 802 708 878; x_wconf 95' lang='lat' dir='ltr'><strong>ob</strong></span> <span class='ocrx_word' id='word_1_32' title='bbox 760 804 1156 879; x_wconf 85' lang='lat' dir='ltr'><strong>avaritiam</strong></span> <span class='ocrx_word' id='word_1_33' title='bbox 1207 815 1336 878; x_wconf 86' lang='lat' dir='ltr'><strong>aut</strong></span> <span class='ocrx_word' id='word_1_34' title='bbox 1388 802 1669 877; x_wconf 88' lang='lat' dir='ltr'><strong>misera</strong></span> <span class='ocrx_word' id='word_1_35' title='bbox 1718 800 2141 877; x_wconf 83' lang='lat' dir='ltr'><strong>ambitione</strong></span> <span class='ocrx_word' id='word_1_36' title='bbox 2190 800 2515 877; x_wconf 88' lang='lat' dir='ltr'><strong>laborat.</strong></span> 
     </span>
     <span class='ocr_line' id='line_1_8' title="bbox 389 926 2501 1027; baseline -0.001 -23"><span class='ocrx_word' id='word_1_37' title='bbox 389 930 543 1004; x_wconf 90' lang='lat' dir='ltr'><strong>Hic</strong></span> <span class='ocrx_word' id='word_1_38' title='bbox 593 942 1008 1027; x_wconf 87' lang='lat' dir='ltr'><strong>nuptarum</strong></span> <span class='ocrx_word' id='word_1_39' title='bbox 1062 929 1348 1003; x_wconf 78' lang='lat' dir='ltr'><strong>insanit</strong></span> <span class='ocrx_word' id='word_1_40' title='bbox 1401 927 1817 1021; x_wconf 85' lang='lat' dir='ltr'><strong>amoribus,</strong></span> <span class='ocrx_word' id='word_1_41' title='bbox 1868 926 1997 1003; x_wconf 88' lang='lat' dir='ltr'><strong>hic</strong></span> <span class='ocrx_word' id='word_1_42' title='bbox 2046 952 2501 1024; x_wconf 81' lang='lat' dir='ltr'><strong>puerorum3</strong></span> 
     </span>
     <span class='ocr_line' id='line_1_9' title="bbox 391 1051 2591 1154; baseline 0 -25"><span class='ocrx_word' id='word_1_43' title='bbox 391 1054 622 1129; x_wconf 91' lang='lat' dir='ltr'><strong>Hunc</strong></span> <span class='ocrx_word' id='word_1_44' title='bbox 680 1056 886 1154; x_wconf 81' lang='lat' dir='ltr'><strong>capit</strong></span> <span class='ocrx_word' id='word_1_45' title='bbox 934 1054 1233 1151; x_wconf 81' lang='lat' dir='ltr'><strong>argenti</strong></span> <span class='ocrx_word' id='word_1_46' title='bbox 1283 1051 1693 1151; x_wconf 81' lang='lat' dir='ltr'><strong>splendor3</strong></span> <span class='ocrx_word' id='word_1_47' title='bbox 1738 1065 1995 1152; x_wconf 87' lang='lat' dir='ltr'><strong>stupet</strong></span> <span class='ocrx_word' id='word_1_48' title='bbox 2047 1052 2323 1129; x_wconf 84' lang='lat' dir='ltr'><strong>Albius</strong></span> <span class='ocrx_word' id='word_1_49' title='bbox 2378 1078 2591 1147; x_wconf 76' lang='lat' dir='ltr'><strong>aei-03</strong></span> 
     </span>
     <span class='ocr_line' id='line_1_10' title="bbox 392 1176 2489 1277; baseline -0.001 -24"><span class='ocrx_word' id='word_1_50' title='bbox 392 1178 549 1253; x_wconf 87' lang='lat' dir='ltr'><strong>Hic</strong></span> <span class='ocrx_word' id='word_1_51' title='bbox 600 1192 844 1255; x_wconf 86' lang='lat' dir='ltr'><strong>mutat</strong></span> <span class='ocrx_word' id='word_1_52' title='bbox 893 1204 1184 1255; x_wconf 87' lang='lat' dir='ltr'><strong>merces</strong></span> <span class='ocrx_word' id='word_1_53' title='bbox 1236 1190 1597 1275; x_wconf 84' lang='lat' dir='ltr'><strong>surgente</strong></span> <span class='ocrx_word' id='word_1_54' title='bbox 1648 1204 1695 1251; x_wconf 87' lang='lat' dir='ltr'><strong>a</strong></span> <span class='ocrx_word' id='word_1_55' title='bbox 1746 1177 1910 1253; x_wconf 90' lang='lat' dir='ltr'><strong>sole</strong></span> <span class='ocrx_word' id='word_1_56' title='bbox 1960 1176 2055 1252; x_wconf 87' lang='lat' dir='ltr'><strong>ad</strong></span> <span class='ocrx_word' id='word_1_57' title='bbox 2112 1204 2281 1252; x_wconf 91' lang='lat' dir='ltr'><strong>eum</strong></span> <span class='ocrx_word' id='word_1_58' title='bbox 2337 1202 2489 1277; x_wconf 90' lang='lat' dir='ltr'><strong>quo</strong></span> 
     </span>
     <span class='ocr_line' id='line_1_11' title="bbox 310 1301 2530 1403; baseline 0 -26"><span class='ocrx_word' id='word_1_59' title='bbox 310 1338 364 1377; x_wconf 70' lang='lat' dir='ltr'><strong>ao</strong></span> <span class='ocrx_word' id='word_1_60' title='bbox 395 1301 858 1401; x_wconf 83' lang='lat' dir='ltr'><strong>Vespertina</strong></span> <span class='ocrx_word' id='word_1_61' title='bbox 907 1316 1116 1403; x_wconf 91' lang='lat' dir='ltr'><strong>tepet</strong></span> <span class='ocrx_word' id='word_1_62' title='bbox 1166 1305 1430 1402; x_wconf 83' lang='lat' dir='ltr'><strong>regi03</strong></span> <span class='ocrx_word' id='word_1_63' title='bbox 1481 1304 1667 1401; x_wconf 91' lang='lat' dir='ltr'><strong>quin</strong></span> <span class='ocrx_word' id='word_1_64' title='bbox 1714 1328 1855 1400; x_wconf 86' lang='lat' dir='ltr'><strong>per</strong></span> <span class='ocrx_word' id='word_1_65' title='bbox 1906 1302 2109 1378; x_wconf 85' lang='lat' dir='ltr'><strong>mala</strong></span> <span class='ocrx_word' id='word_1_66' title='bbox 2160 1328 2530 1403; x_wconf 87' lang='lat' dir='ltr'><strong>praeceps</strong></span> 
     </span>
     <span class='ocr_line' id='line_1_12' title="bbox 393 1427 2324 1528; baseline 0.001 -26"><span class='ocrx_word' id='word_1_67' title='bbox 393 1427 672 1503; x_wconf 87' lang='lat' dir='ltr'><strong>Fertur</strong></span> <span class='ocrx_word' id='word_1_68' title='bbox 721 1429 828 1504; x_wconf 90' lang='lat' dir='ltr'><strong>uti</strong></span> <span class='ocrx_word' id='word_1_69' title='bbox 881 1428 1134 1526; x_wconf 83' lang='lat' dir='ltr'><strong>pulvis</strong></span> <span class='ocrx_word' id='word_1_70' title='bbox 1177 1428 1546 1505; x_wconf 87' lang='lat' dir='ltr'><strong>collectus</strong></span> <span class='ocrx_word' id='word_1_71' title='bbox 1598 1429 1926 1525; x_wconf 87' lang='lat' dir='ltr'><strong>turbine,</strong></span> <span class='ocrx_word' id='word_1_72' title='bbox 1982 1454 2081 1503; x_wconf 90' lang='lat' dir='ltr'><strong>ne</strong></span> <span class='ocrx_word' id='word_1_73' title='bbox 2136 1429 2324 1528; x_wconf 89' lang='lat' dir='ltr'><strong>quid</strong></span> 
     </span>
     <span class='ocr_line' id='line_1_13' title="bbox 400 1552 2455 1651; baseline -0 -20"><span class='ocrx_word' id='word_1_74' title='bbox 400 1552 716 1631; x_wconf 85' lang='lat' dir='ltr'><strong>Summa</strong></span> <span class='ocrx_word' id='word_1_75' title='bbox 769 1552 1144 1650; x_wconf 79' lang='lat' dir='ltr'><strong>deperdat</strong></span> <span class='ocrx_word' id='word_1_76' title='bbox 1195 1566 1538 1629; x_wconf 87' lang='lat' dir='ltr'><strong>metuens</strong></span> <span class='ocrx_word' id='word_1_77' title='bbox 1592 1568 1725 1629; x_wconf 88' lang='lat' dir='ltr'><strong>aut</strong></span> <span class='ocrx_word' id='word_1_78' title='bbox 1774 1554 2095 1651; x_wconf 85' lang='lat' dir='ltr'><strong>ampliet</strong></span> <span class='ocrx_word' id='word_1_79' title='bbox 2134 1567 2219 1629; x_wconf 87' lang='lat' dir='ltr'><strong>ut</strong></span> <span class='ocrx_word' id='word_1_80' title='bbox 2270 1580 2455 1630; x_wconf 90' lang='lat' dir='ltr'><strong>rem.</strong></span> 
     </span>
     <span class='ocr_line' id='line_1_14' title="bbox 397 1673 2187 1777; baseline 0.001 -25"><span class='ocrx_word' id='word_1_81' title='bbox 397 1673 684 1753; x_wconf 86' lang='lat' dir='ltr'><strong>Omnes</strong></span> <span class='ocrx_word' id='word_1_82' title='bbox 737 1676 818 1751; x_wconf 87' lang='lat' dir='ltr'><strong>hi</strong></span> <span class='ocrx_word' id='word_1_83' title='bbox 869 1690 1223 1751; x_wconf 83' lang='lat' dir='ltr'><strong>metuunt</strong></span> <span class='ocrx_word' id='word_1_84' title='bbox 1275 1702 1556 1772; x_wconf 85' lang='lat' dir='ltr'><strong>versus,</strong></span> <span class='ocrx_word' id='word_1_85' title='bbox 1614 1677 1850 1753; x_wconf 88' lang='lat' dir='ltr'><strong>odere</strong></span> <span class='ocrx_word' id='word_1_86' title='bbox 1901 1691 2187 1777; x_wconf 76' lang='lat' dir='ltr'><strong>poetas,</strong></span> 
     </span>
     <span class='ocr_line' id='line_1_15' title="bbox 393 1799 2697 1901; baseline 0.002 -26"><span class='ocrx_word' id='word_1_87' title='bbox 393 1799 788 1896; x_wconf 84' lang='lat' dir='ltr'><strong>„Faenum</strong></span> <span class='ocrx_word' id='word_1_88' title='bbox 821 1799 1054 1878; x_wconf 87' lang='lat' dir='ltr'><strong>habet</strong></span> <span class='ocrx_word' id='word_1_89' title='bbox 1073 1804 1154 1878; x_wconf 92' lang='lat' dir='ltr'><strong>in</strong></span> <span class='ocrx_word' id='word_1_90' title='bbox 1193 1828 1456 1895; x_wconf 88' lang='lat' dir='ltr'><strong>cornu,</strong></span> <span class='ocrx_word' id='word_1_91' title='bbox 1485 1801 1721 1900; x_wconf 85' lang='lat' dir='ltr'><strong>longe</strong></span> <span class='ocrx_word' id='word_1_92' title='bbox 1750 1804 1973 1901; x_wconf 84' lang='lat' dir='ltr'><strong>fuge:</strong></span> <span class='ocrx_word' id='word_1_93' title='bbox 2006 1803 2425 1880; x_wconf 90' lang='lat' dir='ltr'><strong>dummodo</strong></span> <span class='ocrx_word' id='word_1_94' title='bbox 2460 1805 2697 1880; x_wconf 90' lang='lat' dir='ltr'><strong>risum</strong></span> 
     </span>
     <span class='ocr_line' id='line_1_16' title="bbox 308 1926 2415 2027; baseline 0.002 -29"><span class='ocrx_word' id='word_1_95' title='bbox 308 1958 362 1998; x_wconf 71' lang='lat' dir='ltr'><strong>ss</strong></span> <span class='ocrx_word' id='word_1_96' title='bbox 395 1926 753 2003; x_wconf 85' lang='lat' dir='ltr'><strong>Excutiat</strong></span> <span class='ocrx_word' id='word_1_97' title='bbox 803 1928 974 2022; x_wconf 85' lang='lat' dir='ltr'><strong>sibi,</strong></span> <span class='ocrx_word' id='word_1_98' title='bbox 1033 1953 1187 2002; x_wconf 92' lang='lat' dir='ltr'><strong>non</strong></span> <span class='ocrx_word' id='word_1_99' title='bbox 1235 1927 1364 2003; x_wconf 87' lang='lat' dir='ltr'><strong>hic</strong></span> <span class='ocrx_word' id='word_1_100' title='bbox 1414 1929 1771 2027; x_wconf 85' lang='lat' dir='ltr'><strong>cuiquam</strong></span> <span class='ocrx_word' id='word_1_101' title='bbox 1830 1940 2093 2026; x_wconf 82' lang='lat' dir='ltr'><strong>parcet</strong></span> <span class='ocrx_word' id='word_1_102' title='bbox 2142 1931 2415 2026; x_wconf 83' lang='lat' dir='ltr'><strong>amico,&#39;</strong></span> 
     </span>
     <span class='ocr_line' id='line_1_17' title="bbox 393 2052 2436 2151; baseline 0.002 -26"><span class='ocrx_word' id='word_1_103' title='bbox 393 2053 489 2125; x_wconf 89' lang='lat' dir='ltr'><strong>Et</strong></span> <span class='ocrx_word' id='word_1_104' title='bbox 543 2052 1084 2151; x_wconf 89' lang='lat' dir='ltr'><strong>quodcumque</strong></span> <span class='ocrx_word' id='word_1_105' title='bbox 1135 2053 1370 2128; x_wconf 91' lang='lat' dir='ltr'><strong>semel</strong></span> <span class='ocrx_word' id='word_1_106' title='bbox 1424 2054 1708 2128; x_wconf 86' lang='lat' dir='ltr'><strong>chartis</strong></span> <span class='ocrx_word' id='word_1_107' title='bbox 1760 2052 2117 2146; x_wconf 73' lang='lat' dir='ltr'><strong>moverit,</strong></span> <span class='ocrx_word' id='word_1_108' title='bbox 2174 2080 2436 2131; x_wconf 88' lang='lat' dir='ltr'><strong>omnes</strong></span> 
     </span>
     <span class='ocr_line' id='line_1_18' title="bbox 397 2175 2156 2279; baseline 0.001 -26"><span class='ocrx_word' id='word_1_109' title='bbox 397 2175 698 2253; x_wconf 79' lang='lat' dir='ltr'><strong>Gestiet</strong></span> <span class='ocrx_word' id='word_1_110' title='bbox 747 2204 794 2252; x_wconf 87' lang='lat' dir='ltr'><strong>a</strong></span> <span class='ocrx_word' id='word_1_111' title='bbox 845 2176 1072 2251; x_wconf 82' lang='lat' dir='ltr'><strong>furno</strong></span> <span class='ocrx_word' id='word_1_112' title='bbox 1128 2176 1534 2252; x_wconf 89' lang='lat' dir='ltr'><strong>redeuntes</strong></span> <span class='ocrx_word' id='word_1_113' title='bbox 1588 2177 1786 2253; x_wconf 89' lang='lat' dir='ltr'><strong>scire</strong></span> <span class='ocrx_word' id='word_1_114' title='bbox 1830 2178 2156 2279; x_wconf 87' lang='lat' dir='ltr'><strong>lacuque</strong></span> 
     </span>
    </p>
   </div>
   <div class='ocr_carea' id='block_1_7' title="bbox 289 2376 1462 4664">
    <p class='ocr_par' dir='ltr' id='par_1_7' title="bbox 289 2376 1462 4664">
     <span class='ocr_line' id='line_1_19' title="bbox 291 2376 1446 2432; baseline -0.003 0"><span class='ocrx_word' id='word_1_115' title='bbox 291 2376 442 2432; x_wconf 80' lang='lat' dir='ltr'><strong>Nam</strong></span> <span class='ocrx_word' id='word_1_116' title='bbox 480 2376 539 2431; x_wconf 92' lang='lat' dir='ltr'><strong>in</strong></span> <span class='ocrx_word' id='word_1_117' title='bbox 575 2376 842 2431; x_wconf 87' lang='lat' dir='ltr'><strong>Pollionis</strong></span> <span class='ocrx_word' id='word_1_118' title='bbox 877 2376 1281 2431; x_wconf 84' lang='lat' dir='ltr'><strong>bibliothecam</strong></span> <span class='ocrx_word' id='word_1_119' title='bbox 1317 2394 1364 2431; x_wconf 87' lang='lat' dir='ltr'><strong>a.</strong></span> <span class='ocrx_word' id='word_1_120' title='bbox 1392 2394 1446 2429; x_wconf 91' lang='lat' dir='ltr'><strong>u.</strong></span> 
     </span>
     <span class='ocr_line' id='line_1_20' title="bbox 291 2446 1448 2503; baseline 0 -1"><span class='ocrx_word' id='word_1_121' title='bbox 291 2466 342 2502; x_wconf 86' lang='lat' dir='ltr'><strong>c.</strong></span> <span class='ocrx_word' id='word_1_122' title='bbox 387 2449 491 2501; x_wconf 84' lang='grc'><strong>716</strong></span> <span class='ocrx_word' id='word_1_123' title='bbox 530 2446 812 2503; x_wconf 85' lang='lat' dir='ltr'><strong>conditam</strong></span> <span class='ocrx_word' id='word_1_124' title='bbox 846 2448 921 2502; x_wconf 85' lang='lat' dir='ltr'><strong>M.</strong></span> <span class='ocrx_word' id='word_1_125' title='bbox 959 2448 1209 2503; x_wconf 84' lang='lat' dir='ltr'><strong>Terentii</strong></span> <span class='ocrx_word' id='word_1_126' title='bbox 1243 2448 1448 2503; x_wconf 85' lang='lat' dir='ltr'><strong>Varro-</strong></span> 
     </span>
     <span class='ocr_line' id='line_1_21' title="bbox 289 2520 1450 2589; baseline 0.001 -16"><span class='ocrx_word' id='word_1_127' title='bbox 289 2520 383 2574; x_wconf 84' lang='lat' dir='ltr'><strong>nis</strong></span> <span class='ocrx_word' id='word_1_128' title='bbox 435 2520 600 2573; x_wconf 84' lang='lat' dir='ltr'><strong>unius</strong></span> <span class='ocrx_word' id='word_1_129' title='bbox 667 2521 906 2575; x_wconf 85' lang='lat' dir='ltr'><strong>viventis</strong></span> <span class='ocrx_word' id='word_1_130' title='bbox 970 2521 1154 2589; x_wconf 85' lang='lat' dir='ltr'><strong>imago</strong></span> <span class='ocrx_word' id='word_1_131' title='bbox 1223 2523 1450 2589; x_wconf 86' lang='lat' dir='ltr'><strong>recepta</strong></span> 
     </span>
     <span class='ocr_line' id='line_1_22' title="bbox 293 2590 1448 2646; baseline -0.001 -1"><span class='ocrx_word' id='word_1_132' title='bbox 293 2594 399 2645; x_wconf 71' lang='lat' dir='ltr'><strong>est:</strong></span> <span class='ocrx_word' id='word_1_133' title='bbox 443 2590 692 2645; x_wconf 87' lang='lat' dir='ltr'><strong>Fannius</strong></span> <span class='ocrx_word' id='word_1_134' title='bbox 720 2597 906 2645; x_wconf 87' lang='lat' dir='ltr'><strong>autem</strong></span> <span class='ocrx_word' id='word_1_135' title='bbox 930 2592 1102 2646; x_wconf 89' lang='lat' dir='ltr'><strong>etiam</strong></span> <span class='ocrx_word' id='word_1_136' title='bbox 1126 2596 1263 2645; x_wconf 89' lang='lat' dir='ltr'><strong>tunc</strong></span> <span class='ocrx_word' id='word_1_137' title='bbox 1289 2591 1448 2645; x_wconf 83' lang='lat' dir='ltr'><strong>vixit.</strong></span> 
     </span>
     <span class='ocr_line' id='line_1_23' title="bbox 291 2662 1450 2731; baseline 0 -14"><span class='ocrx_word' id='word_1_138' title='bbox 291 2662 664 2717; x_wconf 81' lang='lat' dir='ltr'><strong>Memorabile</strong></span> <span class='ocrx_word' id='word_1_139' title='bbox 711 2669 900 2717; x_wconf 84' lang='lat' dir='ltr'><strong>tamen</strong></span> <span class='ocrx_word' id='word_1_140' title='bbox 961 2668 1046 2718; x_wconf 88' lang='lat' dir='ltr'><strong>est</strong></span> <span class='ocrx_word' id='word_1_141' title='bbox 1101 2663 1252 2731; x_wconf 85' lang='lat' dir='ltr'><strong>quod</strong></span> <span class='ocrx_word' id='word_1_142' title='bbox 1299 2663 1450 2731; x_wconf 86' lang='lat' dir='ltr'><strong>apud</strong></span> 
     </span>
     <span class='ocr_line' id='line_1_24' title="bbox 293 2733 1447 2805; baseline -0.002 -16"><span class='ocrx_word' id='word_1_143' title='bbox 293 2733 481 2789; x_wconf 83' lang='lat' dir='ltr'><strong>Schol.</strong></span> <span class='ocrx_word' id='word_1_144' title='bbox 522 2734 688 2803; x_wconf 87' lang='lat' dir='ltr'><strong>Cruq.</strong></span> <span class='ocrx_word' id='word_1_145' title='bbox 726 2735 958 2805; x_wconf 83' lang='lat' dir='ltr'><strong>legitur:</strong></span> <span class='ocrx_word' id='word_1_146' title='bbox 999 2734 1280 2803; x_wconf 84' lang='lat' dir='ltr'><strong>„Fannius</strong></span> <span class='ocrx_word' id='word_1_147' title='bbox 1306 2734 1447 2801; x_wconf 81' lang='lat' dir='ltr'><strong>Qua-</strong></span> 
     </span>
     <span class='ocr_line' id='line_1_25' title="bbox 291 2805 1450 2875; baseline -0.002 -14"><span class='ocrx_word' id='word_1_148' title='bbox 291 2806 492 2861; x_wconf 83' lang='lat' dir='ltr'><strong>dratus</strong></span> <span class='ocrx_word' id='word_1_149' title='bbox 533 2845 546 2859; x_wconf 91' lang='lat'><strong>.</strong></span> <span class='ocrx_word' id='word_1_150' title='bbox 585 2846 596 2858; x_wconf 92' lang='lat'><strong>.</strong></span> <span class='ocrx_word' id='word_1_151' title='bbox 634 2810 804 2875; x_wconf 87' lang='lat' dir='ltr'><strong>poeta</strong></span> <span class='ocrx_word' id='word_1_152' title='bbox 837 2806 1034 2873; x_wconf 84' lang='lat' dir='ltr'><strong>malus,</strong></span> <span class='ocrx_word' id='word_1_153' title='bbox 1081 2822 1208 2860; x_wconf 83' lang='lat' dir='ltr'><strong>cum</strong></span> <span class='ocrx_word' id='word_1_154' title='bbox 1243 2805 1450 2861; x_wconf 87' lang='lat' dir='ltr'><strong>liberos</strong></span> 
     </span>
     <span class='ocr_line' id='line_1_26' title="bbox 291 2876 1450 2947; baseline -0.002 -15"><span class='ocrx_word' id='word_1_155' title='bbox 291 2894 412 2932; x_wconf 86' lang='lat' dir='ltr'><strong>non</strong></span> <span class='ocrx_word' id='word_1_156' title='bbox 455 2876 705 2941; x_wconf 84' lang='lat' dir='ltr'><strong>haberet,</strong></span> <span class='ocrx_word' id='word_1_157' title='bbox 761 2876 1120 2947; x_wconf 82' lang='lat' dir='ltr'><strong>heredipetae</strong></span> <span class='ocrx_word' id='word_1_158' title='bbox 1165 2878 1284 2932; x_wconf 85' lang='lat' dir='ltr'><strong>sine</strong></span> <span class='ocrx_word' id='word_1_159' title='bbox 1334 2878 1450 2931; x_wconf 86' lang='lat' dir='ltr'><strong>eius</strong></span> 
     </span>
     <span class='ocr_line' id='line_1_27' title="bbox 293 2948 1451 3004; baseline 0.001 -2"><span class='ocrx_word' id='word_1_160' title='bbox 293 2966 434 3003; x_wconf 84' lang='lat' dir='ltr'><strong>eura</strong></span> <span class='ocrx_word' id='word_1_161' title='bbox 479 2952 538 3002; x_wconf 91' lang='lat' dir='ltr'><strong>et</strong></span> <span class='ocrx_word' id='word_1_162' title='bbox 579 2948 768 3003; x_wconf 87' lang='lat' dir='ltr'><strong>studio</strong></span> <span class='ocrx_word' id='word_1_163' title='bbox 812 2950 987 3004; x_wconf 84' lang='lat' dir='ltr'><strong>libros</strong></span> <span class='ocrx_word' id='word_1_164' title='bbox 1031 2950 1150 3003; x_wconf 89' lang='lat' dir='ltr'><strong>eius</strong></span> <span class='ocrx_word' id='word_1_165' title='bbox 1203 2953 1264 3003; x_wconf 89' lang='lat' dir='ltr'><strong>et</strong></span> <span class='ocrx_word' id='word_1_166' title='bbox 1316 2949 1451 3003; x_wconf 84' lang='lat' dir='ltr'><strong>ima-</strong></span> 
     </span>
     <span class='ocr_line' id='line_1_28' title="bbox 295 3019 1452 3147; baseline -0.001 0"><span class='ocrx_word' id='word_1_167' title='bbox 295 3019 598 3147; x_wconf 56' lang='grc' dir='ltr'><strong>Ξέἲὲιὲηῗ</strong></span> <span class='ocrx_word' id='word_1_168' title='bbox 622 3020 1452 3147; x_wconf 49' lang='grc' dir='ltr'><strong>ηῗιῗῗὲῗωὲῗᾞέἷῖἑῖ·</strong></span> 
     </span>
     <span class='ocr_line' id='line_1_29' title="bbox 293 3160 1456 3233; baseline 0 -16"><span class='ocrx_word' id='word_1_169' title='bbox 293 3162 532 3233; x_wconf 86' lang='lat' dir='ltr'><strong>ptoris.“</strong></span> <span class='ocrx_word' id='word_1_170' title='bbox 574 3160 722 3229; x_wconf 80' lang='lat' dir='ltr'><strong>Quid</strong></span> <span class='ocrx_word' id='word_1_171' title='bbox 757 3164 1046 3233; x_wconf 80' lang='lat' dir='ltr'><strong>scripserit</strong></span> <span class='ocrx_word' id='word_1_172' title='bbox 1071 3164 1334 3229; x_wconf 83' lang='lat' dir='ltr'><strong>Fannius,</strong></span> <span class='ocrx_word' id='word_1_173' title='bbox 1359 3180 1456 3217; x_wconf 88' lang='lat' dir='ltr'><strong>ne-</strong></span> 
     </span>
     <span class='ocr_line' id='line_1_30' title="bbox 295 3234 1456 3306; baseline -0.001 -17"><span class='ocrx_word' id='word_1_174' title='bbox 295 3236 520 3289; x_wconf 83' lang='lat' dir='ltr'><strong>scimus.</strong></span> <span class='ocrx_word' id='word_1_175' title='bbox 574 3262 640 3273; x_wconf 89' lang='lat'><strong>—--</strong></span> <span class='ocrx_word' id='word_1_176' title='bbox 689 3234 952 3305; x_wconf 75' lang='lat' dir='ltr'><strong>timentis]</strong></span> <span class='ocrx_word' id='word_1_177' title='bbox 999 3236 1285 3306; x_wconf 82' lang='lat' dir='ltr'><strong>Coniunge</strong></span> <span class='ocrx_word' id='word_1_178' title='bbox 1327 3250 1456 3288; x_wconf 89' lang='lat' dir='ltr'><strong>cum</strong></span> 
     </span>
     <span class='ocr_line' id='line_1_31' title="bbox 298 3305 1454 3376; baseline -0.002 -15"><span class='ocrx_word' id='word_1_179' title='bbox 298 3306 635 3376; x_wconf 85' lang='lat' dir='ltr'><strong>pronomine</strong></span> <span class='ocrx_word' id='word_1_180' title='bbox 669 3323 802 3361; x_wconf 78' lang='lat' dir='ltr'><strong>mea.</strong></span> <span class='ocrx_word' id='word_1_181' title='bbox 839 3306 932 3361; x_wconf 83' lang='lat' dir='ltr'><strong>Sic</strong></span> <span class='ocrx_word' id='word_1_182' title='bbox 956 3305 1118 3361; x_wconf 80' lang='lat' dir='ltr'><strong>Ovid.</strong></span> <span class='ocrx_word' id='word_1_183' title='bbox 1148 3306 1378 3361; x_wconf 90' lang='lat' dir='ltr'><strong>Heroid.</strong></span> <span class='ocrx_word' id='word_1_184' title='bbox 1402 3310 1454 3373; x_wconf 83' lang='lat'><strong>5,</strong></span> 
     </span>
     <span class='ocr_line' id='line_1_32' title="bbox 297 3376 1450 3445; baseline 0 -14"><span class='ocrx_word' id='word_1_185' title='bbox 297 3382 396 3432; x_wconf 78' lang='lat'><strong>45:</strong></span> <span class='ocrx_word' id='word_1_186' title='bbox 437 3382 694 3445; x_wconf 84' lang='lat' dir='ltr'><strong>„nostros</strong></span> <span class='ocrx_word' id='word_1_187' title='bbox 730 3378 922 3433; x_wconf 84' lang='lat' dir='ltr'><strong>vidisti</strong></span> <span class='ocrx_word' id='word_1_188' title='bbox 967 3378 1151 3433; x_wconf 86' lang='lat' dir='ltr'><strong>flentis</strong></span> <span class='ocrx_word' id='word_1_189' title='bbox 1195 3376 1450 3433; x_wconf 82' lang='lat' dir='ltr'><strong>ocellos.“</strong></span> 
     </span>
     <span class='ocr_line' id='line_1_33' title="bbox 296 3447 1453 3519; baseline 0 -16"><span class='ocrx_word' id='word_1_190' title='bbox 296 3448 547 3503; x_wconf 80' lang='lat' dir='ltr'><strong>Martial.</strong></span> <span class='ocrx_word' id='word_1_191' title='bbox 583 3447 704 3517; x_wconf 78' lang='lat' dir='ltr'><strong>Vn,</strong></span> <span class='ocrx_word' id='word_1_192' title='bbox 741 3451 836 3504; x_wconf 81' lang='lat'><strong>50:</strong></span> <span class='ocrx_word' id='word_1_193' title='bbox 891 3449 980 3519; x_wconf 82' lang='lat' dir='ltr'><strong>„Si</strong></span> <span class='ocrx_word' id='word_1_194' title='bbox 1015 3455 1172 3505; x_wconf 85' lang='lat' dir='ltr'><strong>tenet</strong></span> <span class='ocrx_word' id='word_1_195' title='bbox 1207 3450 1453 3505; x_wconf 81' lang='lat' dir='ltr'><strong>absentis</strong></span> 
     </span>
     <span class='ocr_line' id='line_1_34' title="bbox 297 3522 1451 3591; baseline 0 -16"><span class='ocrx_word' id='word_1_196' title='bbox 297 3526 524 3575; x_wconf 86' lang='lat' dir='ltr'><strong>nostros</strong></span> <span class='ocrx_word' id='word_1_197' title='bbox 567 3524 866 3590; x_wconf 83' lang='lat' dir='ltr'><strong>cantatque</strong></span> <span class='ocrx_word' id='word_1_198' title='bbox 917 3522 1150 3576; x_wconf 87' lang='lat' dir='ltr'><strong>libellos.</strong></span> <span class='ocrx_word' id='word_1_199' title='bbox 1201 3550 1269 3561; x_wconf 90' lang='lat'><em>-</em></span> <span class='ocrx_word' id='word_1_200' title='bbox 1329 3522 1451 3591; x_wconf 76' lang='lat' dir='ltr'><strong>plu-</strong></span> 
     </span>
     <span class='ocr_line' id='line_1_35' title="bbox 297 3592 1454 3663; baseline 0 -16"><span class='ocrx_word' id='word_1_201' title='bbox 297 3592 407 3661; x_wconf 75' lang='lat' dir='ltr'><strong>res]</strong></span> <span class='ocrx_word' id='word_1_202' title='bbox 441 3608 543 3661; x_wconf 89' lang='lat' dir='ltr'><strong>per</strong></span> <span class='ocrx_word' id='word_1_203' title='bbox 581 3592 975 3647; x_wconf 85' lang='lat' dir='ltr'><strong>attractionem</strong></span> <span class='ocrx_word' id='word_1_204' title='bbox 1009 3592 1290 3663; x_wconf 85' lang='lat' dir='ltr'><strong>quandam</strong></span> <span class='ocrx_word' id='word_1_205' title='bbox 1327 3610 1454 3647; x_wconf 88' lang='lat' dir='ltr'><strong>cum</strong></span> 
     </span>
     <span class='ocr_line' id='line_1_36' title="bbox 297 3664 1453 3734; baseline -0.002 -15"><span class='ocrx_word' id='word_1_206' title='bbox 297 3668 432 3719; x_wconf 76' lang='lat' dir='ltr'><strong>sunt</strong></span> <span class='ocrx_word' id='word_1_207' title='bbox 479 3678 613 3733; x_wconf 75' lang='lat' dir='ltr'><strong>quos</strong></span> <span class='ocrx_word' id='word_1_208' title='bbox 657 3664 1020 3719; x_wconf 85' lang='lat' dir='ltr'><strong>coniunctum</strong></span> <span class='ocrx_word' id='word_1_209' title='bbox 1067 3671 1236 3734; x_wconf 86' lang='lat' dir='ltr'><strong>atque</strong></span> <span class='ocrx_word' id='word_1_210' title='bbox 1281 3664 1453 3734; x_wconf 84' lang='lat' dir='ltr'><strong>expli·</strong></span> 
     </span>
     <span class='ocr_line' id='line_1_37' title="bbox 299 3734 1456 3805; baseline 0 -16"><span class='ocrx_word' id='word_1_211' title='bbox 299 3734 469 3789; x_wconf 86' lang='lat' dir='ltr'><strong>candi</strong></span> <span class='ocrx_word' id='word_1_212' title='bbox 512 3735 700 3805; x_wconf 80' lang='lat' dir='ltr'><strong>gratia</strong></span> <span class='ocrx_word' id='word_1_213' title='bbox 747 3736 1018 3790; x_wconf 85' lang='lat' dir='ltr'><strong>additum.</strong></span> <span class='ocrx_word' id='word_1_214' title='bbox 1067 3766 1134 3777; x_wconf 88' lang='lat'>—</span> <span class='ocrx_word' id='word_1_215' title='bbox 1183 3736 1328 3805; x_wconf 71' lang='lat' dir='ltr'><strong>cruc]</strong></span> <span class='ocrx_word' id='word_1_216' title='bbox 1365 3735 1456 3789; x_wconf 88' lang='lat' dir='ltr'><strong>Sic</strong></span> 
     </span>
     <span class='ocr_line' id='line_1_38' title="bbox 299 3806 1452 3878; baseline -0.002 -17"><span class='ocrx_word' id='word_1_217' title='bbox 299 3806 605 3861; x_wconf 81' lang='lat' dir='ltr'><strong>Hauthalio</strong></span> <span class='ocrx_word' id='word_1_218' title='bbox 643 3811 786 3862; x_wconf 82' lang='lat' dir='ltr'><strong>teste</strong></span> <span class='ocrx_word' id='word_1_219' title='bbox 832 3807 1064 3878; x_wconf 76' lang='lat' dir='ltr'><strong>plurimi</strong></span> <span class='ocrx_word' id='word_1_220' title='bbox 1107 3813 1246 3862; x_wconf 79' lang='lat' dir='ltr'><strong>vett.</strong></span> <span class='ocrx_word' id='word_1_221' title='bbox 1295 3806 1452 3862; x_wconf 88' lang='lat' dir='ltr'><strong>codd.</strong></span> 
     </span>
     <span class='ocr_line' id='line_1_39' title="bbox 303 3878 1454 3950; baseline -0.001 -18"><span class='ocrx_word' id='word_1_222' title='bbox 303 3878 562 3945; x_wconf 83' lang='lat' dir='ltr'><strong>Horatii3</strong></span> <span class='ocrx_word' id='word_1_223' title='bbox 601 3878 701 3932; x_wconf 82' lang='lat' dir='ltr'><strong>alii</strong></span> <span class='ocrx_word' id='word_1_224' title='bbox 723 3884 790 3933; x_wconf 86' lang='lat' dir='ltr'><strong>ut</strong></span> <span class='ocrx_word' id='word_1_225' title='bbox 811 3879 1032 3933; x_wconf 82' lang='lat' dir='ltr'><strong>Miiller.</strong></span> <span class='ocrx_word' id='word_1_226' title='bbox 1058 3878 1300 3950; x_wconf 74' lang='lat' dir='ltr'><strong>Kriiger.</strong></span> <span class='ocrx_word' id='word_1_227' title='bbox 1326 3879 1454 3933; x_wconf 86' lang='lat' dir='ltr'><strong>Kel-</strong></span> 
     </span>
     <span class='ocr_line' id='line_1_40' title="bbox 303 3948 1457 4021; baseline 0 -18"><span class='ocrx_word' id='word_1_228' title='bbox 303 3950 404 4004; x_wconf 88' lang='lat' dir='ltr'><strong>ler.</strong></span> <span class='ocrx_word' id='word_1_229' title='bbox 425 3948 670 4003; x_wconf 79' lang='lat' dir='ltr'><strong>Fritach.</strong></span> <span class='ocrx_word' id='word_1_230' title='bbox 695 3950 976 4006; x_wconf 83' lang='lat' dir='ltr'><strong>Eckstein.</strong></span> <span class='ocrx_word' id='word_1_231' title='bbox 1005 3968 1116 4006; x_wconf 89' lang='lat' dir='ltr'><strong>non</strong></span> <span class='ocrx_word' id='word_1_232' title='bbox 1137 3956 1286 4006; x_wconf 81' lang='lat' dir='ltr'><strong>recte</strong></span> <span class='ocrx_word' id='word_1_233' title='bbox 1309 3951 1457 4021; x_wconf 80' lang='lat' dir='ltr'><strong>gloa-</strong></span> 
     </span>
     <span class='ocr_line' id='line_1_41' title="bbox 304 4021 1459 4092; baseline 0 -17"><span class='ocrx_word' id='word_1_234' title='bbox 304 4038 424 4075; x_wconf 80' lang='lat' dir='ltr'><strong>sam</strong></span> <span class='ocrx_word' id='word_1_235' title='bbox 449 4021 584 4091; x_wconf 68' lang='grc' dir='ltr'><strong>ἀέρι</strong></span> <span class='ocrx_word' id='word_1_236' title='bbox 615 4022 1028 4090; x_wconf 78' lang='lat' dir='ltr'><strong>praetulerunt3</strong></span> <span class='ocrx_word' id='word_1_237' title='bbox 1067 4038 1193 4077; x_wconf 77' lang='lat' dir='ltr'><strong>erue</strong></span> <span class='ocrx_word' id='word_1_238' title='bbox 1223 4022 1459 4092; x_wconf 71' lang='lat' dir='ltr'><strong>quemvis</strong></span> 
     </span>
     <span class='ocr_line' id='line_1_42' title="bbox 305 4093 1459 4162; baseline 0.001 -16"><span class='ocrx_word' id='word_1_239' title='bbox 305 4096 418 4146; x_wconf 87' lang='lat' dir='ltr'><strong>est:</strong></span> <span class='ocrx_word' id='word_1_240' title='bbox 454 4109 610 4147; x_wconf 78' lang='lat' dir='ltr'><strong>sume</strong></span> <span class='ocrx_word' id='word_1_241' title='bbox 647 4094 892 4161; x_wconf 85' lang='lat' dir='ltr'><strong>aliquem</strong></span> <span class='ocrx_word' id='word_1_242' title='bbox 922 4098 1154 4162; x_wconf 86' lang='lat' dir='ltr'><strong>temere,</strong></span> <span class='ocrx_word' id='word_1_243' title='bbox 1175 4094 1332 4148; x_wconf 88' lang='lat' dir='ltr'><strong>nullo</strong></span> <span class='ocrx_word' id='word_1_244' title='bbox 1369 4093 1459 4147; x_wconf 89' lang='lat' dir='ltr'><strong>de-</strong></span> 
     </span>
     <span class='ocr_line' id='line_1_43' title="bbox 305 4164 1460 4237; baseline 0.001 -20"><span class='ocrx_word' id='word_1_245' title='bbox 305 4164 456 4219; x_wconf 82' lang='lat' dir='ltr'><strong>lectu</strong></span> <span class='ocrx_word' id='word_1_246' title='bbox 480 4164 702 4233; x_wconf 80' lang='lat' dir='ltr'><strong>habit03</strong></span> <span class='ocrx_word' id='word_1_247' title='bbox 737 4166 795 4219; x_wconf 91' lang='lat' dir='ltr'><strong>in</strong></span> <span class='ocrx_word' id='word_1_248' title='bbox 821 4166 1080 4237; x_wconf 82' lang='lat' dir='ltr'><strong>eligendo</strong></span> <span class='ocrx_word' id='word_1_249' title='bbox 1105 4167 1310 4220; x_wconf 80' lang='lat' dir='ltr'><strong>inesset</strong></span> <span class='ocrx_word' id='word_1_250' title='bbox 1334 4182 1460 4221; x_wconf 87' lang='lat' dir='ltr'><strong>con·</strong></span> 
     </span>
     <span class='ocr_line' id='line_1_44' title="bbox 308 4235 1461 4307; baseline 0.001 -19"><span class='ocrx_word' id='word_1_251' title='bbox 308 4235 496 4289; x_wconf 82' lang='lat' dir='ltr'><strong>silium</strong></span> <span class='ocrx_word' id='word_1_252' title='bbox 531 4240 592 4291; x_wconf 87' lang='lat' dir='ltr'><strong>et</strong></span> <span class='ocrx_word' id='word_1_253' title='bbox 625 4237 914 4292; x_wconf 87' lang='lat' dir='ltr'><strong>iudicium.</strong></span> <span class='ocrx_word' id='word_1_254' title='bbox 971 4237 1166 4307; x_wconf 72' lang='lat' dir='ltr'><strong>Eripe,</strong></span> <span class='ocrx_word' id='word_1_255' title='bbox 1215 4237 1366 4307; x_wconf 88' lang='lat' dir='ltr'><strong>quod</strong></span> <span class='ocrx_word' id='word_1_256' title='bbox 1401 4236 1461 4289; x_wconf 92' lang='lat' dir='ltr'><strong>in</strong></span> 
     </span>
     <span class='ocr_line' id='line_1_45' title="bbox 304 4307 1459 4380; baseline 0.002 -19"><span class='ocrx_word' id='word_1_257' title='bbox 304 4308 490 4363; x_wconf 84' lang='lat' dir='ltr'><strong>tribus</strong></span> <span class='ocrx_word' id='word_1_258' title='bbox 535 4307 847 4363; x_wconf 82' lang='lat' dir='ltr'><strong>Blandiniis</strong></span> <span class='ocrx_word' id='word_1_259' title='bbox 897 4310 1206 4380; x_wconf 81' lang='lat' dir='ltr'><strong>legebatur,</strong></span> <span class='ocrx_word' id='word_1_260' title='bbox 1259 4326 1292 4362; x_wconf 86' lang='lat' dir='ltr'><strong>a</strong></span> <span class='ocrx_word' id='word_1_261' title='bbox 1337 4310 1459 4363; x_wconf 89' lang='lat' dir='ltr'><strong>loco</strong></span> 
     </span>
     <span class='ocr_line' id='line_1_46' title="bbox 307 4378 1459 4450; baseline 0 -17"><span class='ocrx_word' id='word_1_262' title='bbox 307 4378 554 4433; x_wconf 85' lang='lat' dir='ltr'><strong>alienum</strong></span> <span class='ocrx_word' id='word_1_263' title='bbox 591 4385 702 4448; x_wconf 79' lang='lat' dir='ltr'><strong>est3</strong></span> <span class='ocrx_word' id='word_1_264' title='bbox 737 4381 1002 4450; x_wconf 73' lang='lat' dir='ltr'><strong>eripimus</strong></span> <span class='ocrx_word' id='word_1_265' title='bbox 1037 4382 1186 4435; x_wconf 82' lang='lat' dir='ltr'><strong>enim</strong></span> <span class='ocrx_word' id='word_1_266' title='bbox 1221 4398 1290 4435; x_wconf 80' lang='lat' dir='ltr'><strong>ex</strong></span> <span class='ocrx_word' id='word_1_267' title='bbox 1313 4381 1459 4449; x_wconf 88' lang='lat' dir='ltr'><strong>peri·</strong></span> 
     </span>
     <span class='ocr_line' id='line_1_47' title="bbox 308 4450 1460 4519; baseline 0.002 -16"><span class='ocrx_word' id='word_1_268' title='bbox 308 4450 446 4505; x_wconf 87' lang='lat' dir='ltr'><strong>culis</strong></span> <span class='ocrx_word' id='word_1_269' title='bbox 483 4454 543 4505; x_wconf 87' lang='lat' dir='ltr'><strong>et</strong></span> <span class='ocrx_word' id='word_1_270' title='bbox 581 4451 884 4507; x_wconf 84' lang='lat' dir='ltr'><strong>laboribus.</strong></span> <span class='ocrx_word' id='word_1_271' title='bbox 933 4480 995 4491; x_wconf 85' lang='lat'><strong>-—</strong></span> <span class='ocrx_word' id='word_1_272' title='bbox 1043 4453 1106 4507; x_wconf 81' lang='lat' dir='ltr'><strong>ob</strong></span> <span class='ocrx_word' id='word_1_273' title='bbox 1142 4450 1460 4519; x_wconf 69' lang='lat' dir='ltr'><strong>avaritiam]</strong></span> 
     </span>
     <span class='ocr_line' id='line_1_48' title="bbox 307 4520 1462 4579; baseline 0.003 -4"><span class='ocrx_word' id='word_1_274' title='bbox 307 4520 460 4577; x_wconf 77' lang='lat' dir='ltr'><strong>Male</strong></span> <span class='ocrx_word' id='word_1_275' title='bbox 492 4522 594 4577; x_wconf 87' lang='lat' dir='ltr'><strong>alii</strong></span> <span class='ocrx_word' id='word_1_276' title='bbox 644 4540 714 4578; x_wconf 83' lang='lat' dir='ltr'><strong>ex</strong></span> <span class='ocrx_word' id='word_1_277' title='bbox 755 4524 1076 4579; x_wconf 83' lang='lat' dir='ltr'><strong>coniectura</strong></span> <span class='ocrx_word' id='word_1_278' title='bbox 1120 4523 1336 4578; x_wconf 83' lang='lat' dir='ltr'><strong>dnobus</strong></span> <span class='ocrx_word' id='word_1_279' title='bbox 1373 4540 1462 4578; x_wconf 89' lang='lat' dir='ltr'><strong>co·</strong></span> 
     </span>
     <span class='ocr_line' id='line_1_49' title="bbox 307 4592 1460 4664; baseline -0.001 -15"><span class='ocrx_word' id='word_1_280' title='bbox 307 4592 528 4649; x_wconf 84' lang='lat' dir='ltr'><strong>dicibus</strong></span> <span class='ocrx_word' id='word_1_281' title='bbox 565 4594 760 4649; x_wconf 78' lang='lat' dir='ltr'><strong>adiuta</strong></span> <span class='ocrx_word' id='word_1_282' title='bbox 794 4597 864 4651; x_wconf 83' lang='lat' dir='ltr'><strong>ab</strong></span> <span class='ocrx_word' id='word_1_283' title='bbox 899 4595 1172 4664; x_wconf 72' lang='lat' dir='ltr'><strong>avaritic23</strong></span> <span class='ocrx_word' id='word_1_284' title='bbox 1209 4612 1340 4649; x_wconf 81' lang='lat' dir='ltr'><strong>nam</strong></span> <span class='ocrx_word' id='word_1_285' title='bbox 1367 4611 1460 4649; x_wconf 91' lang='lat' dir='ltr'><strong>ne·</strong></span> 
     </span>
    </p>
   </div>
   <div class='ocr_carea' id='block_1_8' title="bbox 1543 2377 2705 3590">
    <p class='ocr_par' dir='ltr' id='par_1_8' title="bbox 1543 2377 2705 3590">
     <span class='ocr_line' id='line_1_50' title="bbox 1546 2377 2697 2446; baseline 0.002 -16"><span class='ocrx_word' id='word_1_286' title='bbox 1546 2395 1653 2446; x_wconf 87' lang='lat' dir='ltr'><strong>que</strong></span> <span class='ocrx_word' id='word_1_287' title='bbox 1691 2377 1962 2433; x_wconf 76' lang='lat' dir='ltr'><strong>Horatius</strong></span> <span class='ocrx_word' id='word_1_288' title='bbox 2012 2378 2255 2433; x_wconf 76' lang='lat' dir='ltr'><strong>laborare</strong></span> <span class='ocrx_word' id='word_1_289' title='bbox 2300 2378 2367 2432; x_wconf 84' lang='lat' dir='ltr'><strong>ab</strong></span> <span class='ocrx_word' id='word_1_290' title='bbox 2413 2377 2601 2446; x_wconf 75' lang='lat' dir='ltr'><strong>aliqua</strong></span> <span class='ocrx_word' id='word_1_291' title='bbox 2639 2393 2697 2432; x_wconf 82' lang='lat' dir='ltr'><strong>re</strong></span> 
     </span>
     <span class='ocr_line' id='line_1_51' title="bbox 1544 2449 2693 2519; baseline 0.001 -17"><span class='ocrx_word' id='word_1_292' title='bbox 1544 2449 1753 2503; x_wconf 81' lang='lat' dir='ltr'><strong>dixisse</strong></span> <span class='ocrx_word' id='word_1_293' title='bbox 1776 2464 2023 2518; x_wconf 83' lang='lat' dir='ltr'><strong>unquam</strong></span> <span class='ocrx_word' id='word_1_294' title='bbox 2042 2449 2283 2516; x_wconf 74' lang='lat' dir='ltr'><strong>videtur,</strong></span> <span class='ocrx_word' id='word_1_295' title='bbox 2300 2464 2499 2519; x_wconf 82' lang='lat' dir='ltr'><strong>neque,</strong></span> <span class='ocrx_word' id='word_1_296' title='bbox 2525 2450 2573 2502; x_wconf 87' lang='lat' dir='ltr'><strong>si</strong></span> <span class='ocrx_word' id='word_1_297' title='bbox 2594 2467 2693 2503; x_wconf 88' lang='lat' dir='ltr'><strong>un-</strong></span> 
     </span>
     <span class='ocr_line' id='line_1_52' title="bbox 1546 2520 2694 2590; baseline -0.001 -15"><span class='ocrx_word' id='word_1_298' title='bbox 1546 2538 1734 2590; x_wconf 87' lang='lat' dir='ltr'><strong>quam,</strong></span> <span class='ocrx_word' id='word_1_299' title='bbox 1772 2521 1878 2575; x_wconf 91' lang='lat' dir='ltr'><strong>hoc</strong></span> <span class='ocrx_word' id='word_1_300' title='bbox 1914 2522 2036 2576; x_wconf 87' lang='lat' dir='ltr'><strong>loco</strong></span> <span class='ocrx_word' id='word_1_301' title='bbox 2072 2521 2321 2584; x_wconf 83' lang='lat' dir='ltr'><strong>dixisset,</strong></span> <span class='ocrx_word' id='word_1_302' title='bbox 2346 2521 2445 2575; x_wconf 88' lang='lat' dir='ltr'><strong>ubi</strong></span> <span class='ocrx_word' id='word_1_303' title='bbox 2467 2520 2694 2575; x_wconf 86' lang='lat' dir='ltr'><strong>morbus</strong></span> 
     </span>
     <span class='ocr_line' id='line_1_53' title="bbox 1545 2592 2697 2663; baseline 0 -18"><span class='ocrx_word' id='word_1_304' title='bbox 1545 2609 1657 2646; x_wconf 90' lang='lat' dir='ltr'><strong>non</strong></span> <span class='ocrx_word' id='word_1_305' title='bbox 1693 2592 2009 2647; x_wconf 87' lang='lat' dir='ltr'><strong>membrum</strong></span> <span class='ocrx_word' id='word_1_306' title='bbox 2041 2592 2133 2647; x_wconf 87' lang='lat' dir='ltr'><strong>vel</strong></span> <span class='ocrx_word' id='word_1_307' title='bbox 2180 2610 2310 2663; x_wconf 82' lang='lat' dir='ltr'><strong>pars</strong></span> <span class='ocrx_word' id='word_1_308' title='bbox 2346 2610 2415 2647; x_wconf 81' lang='lat' dir='ltr'><strong>ex</strong></span> <span class='ocrx_word' id='word_1_309' title='bbox 2452 2609 2563 2661; x_wconf 92' lang='lat' dir='ltr'><strong>qua</strong></span> <span class='ocrx_word' id='word_1_310' title='bbox 2598 2592 2697 2646; x_wconf 88' lang='lat' dir='ltr'><strong>do·</strong></span> 
     </span>
     <span class='ocr_line' id='line_1_54' title="bbox 1545 2661 2695 2735; baseline 0 -18"><span class='ocrx_word' id='word_1_311' title='bbox 1545 2664 1635 2718; x_wconf 86' lang='lat' dir='ltr'><strong>lor</strong></span> <span class='ocrx_word' id='word_1_312' title='bbox 1659 2664 1858 2725; x_wconf 81' lang='lat' dir='ltr'><strong>oritur.</strong></span> <span class='ocrx_word' id='word_1_313' title='bbox 1880 2664 2278 2735; x_wconf 79' lang='lat' dir='ltr'><strong>significandus</strong></span> <span class='ocrx_word' id='word_1_314' title='bbox 2304 2668 2443 2719; x_wconf 84' lang='lat' dir='ltr'><strong>erat.</strong></span> <span class='ocrx_word' id='word_1_315' title='bbox 2470 2662 2540 2717; x_wconf 82' lang='lat' dir='ltr'><strong>cf.</strong></span> <span class='ocrx_word' id='word_1_316' title='bbox 2569 2661 2695 2717; x_wconf 81' lang='lat' dir='ltr'><strong>Liv.</strong></span> 
     </span>
     <span class='ocr_line' id='line_1_55' title="bbox 1545 2734 2702 2805; baseline -0.001 -17"><span class='ocrx_word' id='word_1_317' title='bbox 1545 2734 1860 2803; x_wconf 84' lang='lat' dir='ltr'><strong>XXXVIII,</strong></span> <span class='ocrx_word' id='word_1_318' title='bbox 1898 2736 1991 2789; x_wconf 71' lang='lat'><strong>392</strong></span> <span class='ocrx_word' id='word_1_319' title='bbox 2033 2752 2179 2805; x_wconf 88' lang='lat' dir='ltr'><strong>„non</strong></span> <span class='ocrx_word' id='word_1_320' title='bbox 2208 2740 2327 2790; x_wconf 87' lang='lat' dir='ltr'><strong>tam</strong></span> <span class='ocrx_word' id='word_1_321' title='bbox 2364 2735 2429 2790; x_wconf 85' lang='lat' dir='ltr'><strong>ob</strong></span> <span class='ocrx_word' id='word_1_322' title='bbox 2465 2734 2702 2790; x_wconf 72' lang='lat' dir='ltr'><strong>recentia</strong></span> 
     </span>
     <span class='ocr_line' id='line_1_56' title="bbox 1545 2807 2703 2878; baseline 0.001 -18"><span class='ocrx_word' id='word_1_323' title='bbox 1545 2809 1663 2861; x_wconf 70' lang='lat' dir='ltr'><strong>ulla</strong></span> <span class='ocrx_word' id='word_1_324' title='bbox 1708 2810 1925 2873; x_wconf 81' lang='lat' dir='ltr'><strong>merita,</strong></span> <span class='ocrx_word' id='word_1_325' title='bbox 1972 2824 2141 2877; x_wconf 80' lang='lat' dir='ltr'><strong>quam</strong></span> <span class='ocrx_word' id='word_1_326' title='bbox 2187 2807 2473 2878; x_wconf 82' lang='lat' dir='ltr'><strong>originum</strong></span> <span class='ocrx_word' id='word_1_327' title='bbox 2514 2820 2703 2861; x_wconf 79' lang='lat' dir='ltr'><strong>memo-</strong></span> 
     </span>
     <span class='ocr_line' id='line_1_57' title="bbox 1544 2878 2704 2947; baseline -0.002 -14"><span class='ocrx_word' id='word_1_328' title='bbox 1544 2879 1691 2933; x_wconf 76' lang='lat' dir='ltr'><strong>ria.“</strong></span> <span class='ocrx_word' id='word_1_329' title='bbox 1764 2878 1943 2933; x_wconf 80' lang='lat' dir='ltr'><strong>Tacit.</strong></span> <span class='ocrx_word' id='word_1_330' title='bbox 1982 2881 2129 2932; x_wconf 84' lang='lat' dir='ltr'><strong>Ann.</strong></span> <span class='ocrx_word' id='word_1_331' title='bbox 2166 2878 2234 2939; x_wconf 84' lang='lat'><strong>11.</strong></span> <span class='ocrx_word' id='word_1_332' title='bbox 2274 2880 2373 2932; x_wconf 83' lang='lat'><strong>42:</strong></span> <span class='ocrx_word' id='word_1_333' title='bbox 2448 2895 2598 2947; x_wconf 89' lang='lat' dir='ltr'><strong>„non</strong></span> <span class='ocrx_word' id='word_1_334' title='bbox 2640 2878 2704 2931; x_wconf 81' lang='lat' dir='ltr'><strong>ob</strong></span> 
     </span>
     <span class='ocr_line' id='line_1_58' title="bbox 1543 2949 2701 3020; baseline -0.003 -15"><span class='ocrx_word' id='word_1_335' title='bbox 1543 2950 1781 3005; x_wconf 73' lang='lat' dir='ltr'><strong>crimina</strong></span> <span class='ocrx_word' id='word_1_336' title='bbox 1818 2949 1915 3005; x_wconf 87' lang='lat' dir='ltr'><strong>sed</strong></span> <span class='ocrx_word' id='word_1_337' title='bbox 1960 2965 2162 3020; x_wconf 63' lang='lat' dir='ltr'><strong>angore</strong></span> <span class='ocrx_word' id='word_1_338' title='bbox 2206 2950 2376 3004; x_wconf 89' lang='lat' dir='ltr'><strong>finem</strong></span> <span class='ocrx_word' id='word_1_339' title='bbox 2410 2950 2563 3003; x_wconf 83' lang='lat' dir='ltr'><strong>vitae</strong></span> <span class='ocrx_word' id='word_1_340' title='bbox 2598 2950 2701 3003; x_wconf 87' lang='lat' dir='ltr'><strong>im-</strong></span> 
     </span>
     <span class='ocr_line' id='line_1_59' title="bbox 1545 3019 2703 3093; baseline 0.001 -19"><span class='ocrx_word' id='word_1_341' title='bbox 1545 3022 1781 3090; x_wconf 83' lang='lat' dir='ltr'><strong>plevit.“</strong></span> <span class='ocrx_word' id='word_1_342' title='bbox 1810 3020 2034 3076; x_wconf 83' lang='lat' dir='ltr'><strong>Sallust.</strong></span> <span class='ocrx_word' id='word_1_343' title='bbox 2062 3021 2179 3093; x_wconf 77' lang='lat' dir='ltr'><strong>Ing.</strong></span> <span class='ocrx_word' id='word_1_344' title='bbox 2209 3021 2307 3075; x_wconf 73' lang='lat'><strong>22:</strong></span> <span class='ocrx_word' id='word_1_345' title='bbox 2350 3022 2455 3090; x_wconf 86' lang='lat' dir='ltr'><strong>„ob</strong></span> <span class='ocrx_word' id='word_1_346' title='bbox 2480 3019 2703 3075; x_wconf 84' lang='lat' dir='ltr'><strong>easdem</strong></span> 
     </span>
     <span class='ocr_line' id='line_1_60' title="bbox 1547 3092 2703 3163; baseline 0 -17"><span class='ocrx_word' id='word_1_347' title='bbox 1547 3096 1699 3147; x_wconf 84' lang='lat' dir='ltr'><strong>artes</strong></span> <span class='ocrx_word' id='word_1_348' title='bbox 1736 3110 1769 3147; x_wconf 88' lang='lat' dir='ltr'><strong>a</strong></span> <span class='ocrx_word' id='word_1_349' title='bbox 1798 3093 2057 3162; x_wconf 78' lang='lat' dir='ltr'><strong>Micipsa,·</strong></span> <span class='ocrx_word' id='word_1_350' title='bbox 2088 3110 2201 3147; x_wconf 88' lang='lat' dir='ltr'><strong>non</strong></span> <span class='ocrx_word' id='word_1_351' title='bbox 2237 3093 2531 3163; x_wconf 86' lang='lat' dir='ltr'><strong>penuria</strong></span> <span class='ocrx_word' id='word_1_352' title='bbox 2568 3092 2703 3146; x_wconf 87' lang='lat' dir='ltr'><strong>libe-</strong></span> 
     </span>
     <span class='ocr_line' id='line_1_61' title="bbox 1550 3162 2703 3234; baseline -0.002 -15"><span class='ocrx_word' id='word_1_353' title='bbox 1550 3180 1761 3229; x_wconf 78' lang='lat' dir='ltr'><strong>rorum,</strong></span> <span class='ocrx_word' id='word_1_354' title='bbox 1797 3165 1857 3217; x_wconf 92' lang='lat' dir='ltr'><strong>in</strong></span> <span class='ocrx_word' id='word_1_355' title='bbox 1893 3181 1923 3218; x_wconf 91' lang='lat' dir='ltr'><strong>r</strong></span> <span class='ocrx_word' id='word_1_356' title='bbox 1998 3181 2131 3218; x_wconf 84' lang='lat' dir='ltr'><strong>num</strong></span> <span class='ocrx_word' id='word_1_357' title='bbox 2166 3165 2500 3234; x_wconf 82' lang='lat' dir='ltr'><strong>adoptatum</strong></span> <span class='ocrx_word' id='word_1_358' title='bbox 2532 3162 2703 3218; x_wconf 83' lang='lat' dir='ltr'><strong>esse.“</strong></span> 
     </span>
     <span class='ocr_line' id='line_1_62' title="bbox 1550 3235 2702 3305; baseline 0 -16"><span class='ocrx_word' id='word_1_359' title='bbox 1550 3235 1669 3290; x_wconf 81' lang='lat' dir='ltr'><strong>Nec</strong></span> <span class='ocrx_word' id='word_1_360' title='bbox 1701 3236 1947 3305; x_wconf 87' lang='lat' dir='ltr'><strong>recipien</strong></span> <span class='ocrx_word' id='word_1_361' title='bbox 1990 3254 2023 3289; x_wconf 85' lang='lat' dir='ltr'><strong>a</strong></span> <span class='ocrx_word' id='word_1_362' title='bbox 2058 3240 2145 3290; x_wconf 83' lang='lat' dir='ltr'><strong>est</strong></span> <span class='ocrx_word' id='word_1_363' title='bbox 2179 3236 2579 3290; x_wconf 82' lang='lat' dir='ltr'><strong>nonnullorum</strong></span> <span class='ocrx_word' id='word_1_364' title='bbox 2612 3251 2702 3289; x_wconf 90' lang='lat' dir='ltr'><strong>co-</strong></span> 
     </span>
     <span class='ocr_line' id='line_1_63' title="bbox 1549 3306 2705 3377; baseline 0.001 -16"><span class='ocrx_word' id='word_1_365' title='bbox 1549 3306 1737 3361; x_wconf 89' lang='lat' dir='ltr'><strong>dicum</strong></span> <span class='ocrx_word' id='word_1_366' title='bbox 1792 3308 2073 3377; x_wconf 78' lang='lat' dir='ltr'><strong>seriptnra</strong></span> <span class='ocrx_word' id='word_1_367' title='bbox 2115 3307 2279 3363; x_wconf 74' lang='lat' dir='ltr'><strong>miser</strong></span> <span class='ocrx_word' id='word_1_368' title='bbox 2336 3323 2441 3375; x_wconf 89' lang='lat' dir='ltr'><strong>pro</strong></span> <span class='ocrx_word' id='word_1_369' title='bbox 2489 3307 2705 3372; x_wconf 61' lang='lat' dir='ltr'><strong>misac,</strong></span> 
     </span>
     <span class='ocr_line' id='line_1_64' title="bbox 1547 3378 2703 3447; baseline -0.001 -15"><span class='ocrx_word' id='word_1_370' title='bbox 1547 3383 1615 3432; x_wconf 84' lang='lat' dir='ltr'><strong>ut</strong></span> <span class='ocrx_word' id='word_1_371' title='bbox 1670 3378 1979 3434; x_wconf 73' lang='lat' dir='ltr'><strong>Kirclmero</strong></span> <span class='ocrx_word' id='word_1_372' title='bbox 2048 3379 2232 3433; x_wconf 81' lang='lat' dir='ltr'><strong>visum</strong></span> <span class='ocrx_word' id='word_1_373' title='bbox 2304 3382 2413 3447; x_wconf 79' lang='lat' dir='ltr'><strong>est,</strong></span> <span class='ocrx_word' id='word_1_374' title='bbox 2478 3382 2545 3433; x_wconf 88' lang='lat' dir='ltr'><strong>ut</strong></span> <span class='ocrx_word' id='word_1_375' title='bbox 2602 3378 2703 3431; x_wconf 82' lang='lat' dir='ltr'><strong>sit:</strong></span> 
     </span>
     <span class='ocr_line' id='line_1_65' title="bbox 1550 3448 2704 3519; baseline -0.003 -13"><span class='ocrx_word' id='word_1_376' title='bbox 1550 3456 1649 3506; x_wconf 87' lang='lat' dir='ltr'><strong>aut</strong></span> <span class='ocrx_word' id='word_1_377' title='bbox 1696 3450 1769 3505; x_wconf 87' lang='lat' dir='ltr'><strong>ob</strong></span> <span class='ocrx_word' id='word_1_378' title='bbox 1815 3451 2115 3505; x_wconf 80' lang='lat' dir='ltr'><strong>avaritiam</strong></span> <span class='ocrx_word' id='word_1_379' title='bbox 2160 3450 2345 3519; x_wconf 80' lang='lat' dir='ltr'><strong>miser,</strong></span> <span class='ocrx_word' id='word_1_380' title='bbox 2394 3455 2493 3503; x_wconf 80' lang='lat' dir='ltr'><strong>ant</strong></span> <span class='ocrx_word' id='word_1_381' title='bbox 2536 3448 2704 3503; x_wconf 83' lang='lat' dir='ltr'><strong>miser</strong></span> 
     </span>
     <span class='ocr_line' id='line_1_66' title="bbox 1550 3520 2705 3590; baseline -0.002 -13"><span class='ocrx_word' id='word_1_382' title='bbox 1550 3522 1859 3577; x_wconf 84' lang='lat' dir='ltr'><strong>ambitione</strong></span> <span class='ocrx_word' id='word_1_383' title='bbox 1896 3521 2133 3576; x_wconf 86' lang='lat' dir='ltr'><strong>laborat.</strong></span> <span class='ocrx_word' id='word_1_384' title='bbox 2171 3550 2243 3561; x_wconf 90' lang='lat'><strong>—-</strong></span> <span class='ocrx_word' id='word_1_385' title='bbox 2278 3521 2503 3590; x_wconf 73' lang='lat' dir='ltr'><strong>Albius]</strong></span> <span class='ocrx_word' id='word_1_386' title='bbox 2538 3520 2705 3575; x_wconf 87' lang='lat' dir='ltr'><strong>homo</strong></span> 
     </span>
    </p>
   </div>
   <div class='ocr_carea' id='block_1_9' title="bbox 1550 3590 2703 3734">
    <p class='ocr_par' dir='ltr' id='par_1_9' title="bbox 1550 3590 2703 3734">
     <span class='ocr_line' id='line_1_67' title="bbox 1550 3590 2702 3719; baseline -0.002 -72"><span class='ocrx_word' id='word_1_387' title='bbox 1550 3598 1793 3719; x_wconf 47' lang='lat' dir='ltr'><strong>gnotus.</strong></span> <span class='ocrx_word' id='word_1_388' title='bbox 1840 3593 1911 3647; x_wconf 87' lang='lat' dir='ltr'><strong>cf.</strong></span> <span class='ocrx_word' id='word_1_389' title='bbox 1952 3611 2006 3647; x_wconf 86' lang='lat' dir='ltr'><strong>v.</strong></span> <span class='ocrx_word' id='word_1_390' title='bbox 2050 3593 2170 3647; x_wconf 86' lang='lat'><strong>109.</strong></span> <span class='ocrx_word' id='word_1_391' title='bbox 2221 3622 2289 3633; x_wconf 88' lang='lat'><strong>—-</strong></span> <span class='ocrx_word' id='word_1_392' title='bbox 2335 3598 2477 3663; x_wconf 77' lang='lat' dir='ltr'><strong>tepet</strong></span> <span class='ocrx_word' id='word_1_393' title='bbox 2529 3590 2702 3662; x_wconf 70' lang='lat' dir='ltr'><strong>reqio]</strong></span> 
     </span>
     <span class='ocr_line' id='line_1_68' title="bbox 1601 3664 2703 3734; baseline -0.002 -15"><span class='ocrx_word' id='word_1_394' title='bbox 1601 3665 1732 3734; x_wconf 86' lang='lat' dir='ltr'><strong>pist.</strong></span> <span class='ocrx_word' id='word_1_395' title='bbox 1768 3664 1814 3733; x_wconf 89' lang='grc' dir='ltr'><strong>Ι,</strong></span> <span class='ocrx_word' id='word_1_396' title='bbox 1850 3667 1937 3729; x_wconf 85' lang='grc'><strong>20,</strong></span> <span class='ocrx_word' id='word_1_397' title='bbox 1983 3668 2065 3719; x_wconf 84' lang='grc'><strong>19.</strong></span> <span class='ocrx_word' id='word_1_398' title='bbox 2102 3692 2173 3704; x_wconf 89' lang='grc'>-</span> <span class='ocrx_word' id='word_1_399' title='bbox 2202 3666 2391 3733; x_wconf 78' lang='lat' dir='ltr'><strong>pulvis</strong></span> <span class='ocrx_word' id='word_1_400' title='bbox 2432 3664 2703 3732; x_wconf 67' lang='lat' dir='ltr'><strong>senectus]</strong></span> 
     </span>
    </p>
   </div>
   <div class='ocr_carea' id='block_1_10' title="bbox 1545 3735 2713 4667">
    <p class='ocr_par' dir='ltr' id='par_1_10' title="bbox 1545 3735 2713 4667">
     <span class='ocr_line' id='line_1_69' title="bbox 1553 3735 2707 3806; baseline -0.001 -17"><span class='ocrx_word' id='word_1_401' title='bbox 1553 3735 1734 3791; x_wconf 87' lang='lat' dir='ltr'><strong>Oarm.</strong></span> <span class='ocrx_word' id='word_1_402' title='bbox 1774 3738 1817 3798; x_wconf 89' lang='grc' dir='ltr'><strong>Ι,</strong></span> <span class='ocrx_word' id='word_1_403' title='bbox 1861 3740 1909 3803; x_wconf 87' lang='grc'><strong>1,</strong></span> <span class='ocrx_word' id='word_1_404' title='bbox 1945 3738 1997 3789; x_wconf 80' lang='lat'><strong>4.</strong></span> <span class='ocrx_word' id='word_1_405' title='bbox 2057 3764 2123 3777; x_wconf 89' lang='lat'><em>-</em></span> <span class='ocrx_word' id='word_1_406' title='bbox 2178 3743 2242 3790; x_wconf 75' lang='lat' dir='ltr'><strong>ut</strong></span> <span class='ocrx_word' id='word_1_407' title='bbox 2289 3736 2421 3806; x_wconf 81' lang='lat' dir='ltr'><strong>rem]</strong></span> <span class='ocrx_word' id='word_1_408' title='bbox 2459 3741 2523 3790; x_wconf 79' lang='lat' dir='ltr'><strong>ut</strong></span> <span class='ocrx_word' id='word_1_409' title='bbox 2558 3740 2707 3804; x_wconf 84' lang='lat' dir='ltr'><strong>part.</strong></span> 
     </span>
     <span class='ocr_line' id='line_1_70' title="bbox 1552 3806 2708 3879; baseline -0.002 -17"><span class='ocrx_word' id='word_1_410' title='bbox 1552 3808 1939 3879; x_wconf 79' lang='lat' dir='ltr'><strong>coniungenda</strong></span> <span class='ocrx_word' id='word_1_411' title='bbox 1974 3824 2098 3862; x_wconf 87' lang='lat' dir='ltr'><strong>cum</strong></span> <span class='ocrx_word' id='word_1_412' title='bbox 2136 3813 2389 3862; x_wconf 73' lang='lat' dir='ltr'><strong>metuens.</strong></span> <span class='ocrx_word' id='word_1_413' title='bbox 2438 3836 2505 3846; x_wconf 97' lang='lat'>—</span> <span class='ocrx_word' id='word_1_414' title='bbox 2552 3806 2708 3861; x_wconf 77' lang='lat' dir='ltr'><strong>odere</strong></span> 
     </span>
     <span class='ocr_line' id='line_1_71' title="bbox 1545 3878 2708 3950; baseline -0.003 -15"><span class='ocrx_word' id='word_1_415' title='bbox 1545 3879 1757 3950; x_wconf 71' lang='lat' dir='ltr'><strong>poetas]</strong></span> <span class='ocrx_word' id='word_1_416' title='bbox 1794 3880 2037 3935; x_wconf 86' lang='lat' dir='ltr'><strong>oderunt</strong></span> <span class='ocrx_word' id='word_1_417' title='bbox 2072 3880 2373 3949; x_wconf 83' lang='lat' dir='ltr'><strong>praecipue</strong></span> <span class='ocrx_word' id='word_1_418' title='bbox 2406 3878 2708 3936; x_wconf 83' lang='lat' dir='ltr'><strong>satirarum</strong></span> 
     </span>
     <span class='ocr_line' id='line_1_72' title="bbox 1552 3950 2709 4020; baseline -0.002 -15"><span class='ocrx_word' id='word_1_419' title='bbox 1552 3951 1871 4020; x_wconf 84' lang='lat' dir='ltr'><strong>scriptores,</strong></span> <span class='ocrx_word' id='word_1_420' title='bbox 1910 3951 1980 4005; x_wconf 79' lang='lat' dir='ltr'><strong>ab</strong></span> <span class='ocrx_word' id='word_1_421' title='bbox 2016 3951 2201 4020; x_wconf 85' lang='lat' dir='ltr'><strong>iisque</strong></span> <span class='ocrx_word' id='word_1_422' title='bbox 2232 3950 2427 4005; x_wconf 89' lang='lat' dir='ltr'><strong>odium</strong></span> <span class='ocrx_word' id='word_1_423' title='bbox 2458 3950 2520 4003; x_wconf 90' lang='lat' dir='ltr'><strong>in</strong></span> <span class='ocrx_word' id='word_1_424' title='bbox 2544 3966 2709 4003; x_wconf 89' lang='lat' dir='ltr'><strong>omne</strong></span> 
     </span>
     <span class='ocr_line' id='line_1_73' title="bbox 1551 4021 2710 4175; baseline -0.001 -28"><span class='ocrx_word' id='word_1_425' title='bbox 1551 4021 2710 4175; x_wconf 46' lang='lat' dir='ltr'><strong>ffiffiffssss„ffissnssa‘Z-{tsslflssssmssfffissssff</strong></span> 
     </span>
     <span class='ocr_line' id='line_1_74' title="bbox 1552 4166 2707 4235; baseline -0.002 -16"><span class='ocrx_word' id='word_1_426' title='bbox 1552 4166 1666 4219; x_wconf 80' lang='lat' dir='ltr'><strong>tius</strong></span> <span class='ocrx_word' id='word_1_427' title='bbox 1719 4167 1961 4235; x_wconf 86' lang='lat' dir='ltr'><strong>primam</strong></span> <span class='ocrx_word' id='word_1_428' title='bbox 2030 4166 2366 4220; x_wconf 83' lang='lat' dir='ltr'><strong>defensionis</strong></span> <span class='ocrx_word' id='word_1_429' title='bbox 2430 4168 2707 4219; x_wconf 77' lang='lat' dir='ltr'><strong>rationem</strong></span> 
     </span>
     <span class='ocr_line' id='line_1_75' title="bbox 1552 4236 2710 4307; baseline -0.001 -18"><span class='ocrx_word' id='word_1_430' title='bbox 1552 4237 1629 4303; x_wconf 81' lang='lat' dir='ltr'><strong>(v.</strong></span> <span class='ocrx_word' id='word_1_431' title='bbox 1678 4238 1771 4307; x_wconf 76' lang='lat'><strong>89)</strong></span> <span class='ocrx_word' id='word_1_432' title='bbox 1821 4237 2181 4292; x_wconf 85' lang='lat' dir='ltr'><strong>nanciscitur.</strong></span> <span class='ocrx_word' id='word_1_433' title='bbox 2256 4236 2546 4292; x_wconf 80' lang='lat' dir='ltr'><strong>Sententia</strong></span> <span class='ocrx_word' id='word_1_434' title='bbox 2594 4239 2710 4290; x_wconf 81' lang='lat' dir='ltr'><strong>est:</strong></span> 
     </span>
     <span class='ocr_line' id='line_1_76' title="bbox 1554 4307 2705 4377; baseline -0.001 -16"><span class='ocrx_word' id='word_1_435' title='bbox 1554 4312 1814 4363; x_wconf 88' lang='lat' dir='ltr'><strong>metuunt</strong></span> <span class='ocrx_word' id='word_1_436' title='bbox 1861 4326 2053 4364; x_wconf 83' lang='lat' dir='ltr'><strong>versus</strong></span> <span class='ocrx_word' id='word_1_437' title='bbox 2092 4324 2157 4363; x_wconf 80' lang='lat' dir='ltr'><strong>ac</strong></span> <span class='ocrx_word' id='word_1_438' title='bbox 2200 4314 2487 4377; x_wconf 76' lang='lat' dir='ltr'><strong>propterea</strong></span> <span class='ocrx_word' id='word_1_439' title='bbox 2536 4307 2705 4361; x_wconf 86' lang='lat' dir='ltr'><strong>odere</strong></span> 
     </span>
     <span class='ocr_line' id='line_1_77' title="bbox 1554 4379 2712 4449; baseline -0.002 -15"><span class='ocrx_word' id='word_1_440' title='bbox 1554 4385 1763 4449; x_wconf 85' lang='lat' dir='ltr'><strong>poetas.</strong></span> <span class='ocrx_word' id='word_1_441' title='bbox 1846 4379 2066 4435; x_wconf 83' lang='lat' dir='ltr'><strong>Bentlei</strong></span> <span class='ocrx_word' id='word_1_442' title='bbox 2116 4380 2439 4434; x_wconf 83' lang='lat' dir='ltr'><strong>coniectura</strong></span> <span class='ocrx_word' id='word_1_443' title='bbox 2532 4384 2712 4433; x_wconf 81' lang='lat' dir='ltr'><strong>oetam</strong></span> 
     </span>
     <span class='ocr_line' id='line_1_78' title="bbox 1555 4450 2710 4521; baseline -0.003 -15"><span class='ocrx_word' id='word_1_444' title='bbox 1555 4450 1723 4506; x_wconf 80' lang='lat' dir='ltr'><strong>facile</strong></span> <span class='ocrx_word' id='word_1_445' title='bbox 1748 4469 2014 4507; x_wconf 82' lang='lat' dir='ltr'><strong>caremus.</strong></span> <span class='ocrx_word' id='word_1_446' title='bbox 2056 4480 2119 4491; x_wconf 89' lang='lat'><strong>-—</strong></span> <span class='ocrx_word' id='word_1_447' title='bbox 2156 4450 2401 4521; x_wconf 69' lang='lat' dir='ltr'><strong>famum]</strong></span> <span class='ocrx_word' id='word_1_448' title='bbox 2440 4490 2473 4519; x_wconf 89' lang='lat'>„</span> <span class='ocrx_word' id='word_1_449' title='bbox 2562 4450 2710 4505; x_wconf 86' lang='lat' dir='ltr'><strong>ando</strong></span> 
     </span>
     <span class='ocr_line' id='line_1_79' title="bbox 1554 4522 2709 4591; baseline -0.002 -14"><span class='ocrx_word' id='word_1_450' title='bbox 1554 4522 1769 4578; x_wconf 85' lang='lat' dir='ltr'><strong>feriunt</strong></span> <span class='ocrx_word' id='word_1_451' title='bbox 1825 4524 2024 4591; x_wconf 76' lang='lat' dir='ltr'><strong>boves,</strong></span> <span class='ocrx_word' id='word_1_452' title='bbox 2078 4539 2273 4577; x_wconf 88' lang='lat' dir='ltr'><strong>eorum</strong></span> <span class='ocrx_word' id='word_1_453' title='bbox 2338 4523 2401 4577; x_wconf 89' lang='lat' dir='ltr'><strong>in</strong></span> <span class='ocrx_word' id='word_1_454' title='bbox 2448 4522 2709 4578; x_wconf 81' lang='lat' dir='ltr'><strong>cornibus</strong></span> 
     </span>
     <span class='ocr_line' id='line_1_80' title="bbox 1556 4592 2713 4667; baseline 0.002 -20"><span class='ocrx_word' id='word_1_455' title='bbox 1556 4594 1767 4667; x_wconf 80' lang='lat' dir='ltr'><strong>ligatur</strong></span> <span class='ocrx_word' id='word_1_456' title='bbox 1802 4595 2081 4651; x_wconf 80' lang='lat' dir='ltr'><strong>faenum.“</strong></span> <span class='ocrx_word' id='word_1_457' title='bbox 2154 4593 2339 4651; x_wconf 83' lang='lat' dir='ltr'><strong>Schol.</strong></span> <span class='ocrx_word' id='word_1_458' title='bbox 2402 4624 2464 4635; x_wconf 90' lang='lat'><strong>--</strong></span> <span class='ocrx_word' id='word_1_459' title='bbox 2522 4592 2713 4667; x_wconf 68' lang='lat' dir='ltr'><strong>furno]</strong></span> 
     </span>
    </p>
   </div>
  </div>
 </body>
</html>
