3092 5059
410 202 532 267 150

1373 205 1832 273 CARMINUM

805 393 1086 473 Mentis
1133 407 1210 470 et
1256 418 1474 469 curas
1527 394 1888 493 laqueata.
1940 360 2223 472 circum

1005 520 1240 595 Tecta
1283 519 1655 597 volant-es.

808 665 1118 741 Vivitur
1167 693 1408 767 parvo
1460 669 1682 763 bene,
1737 667 1861 743 cui
1907 680 2314 766 paternum

809 789 1183 887 Splendet
1229 793 1311 867 in
1357 818 1623 867 mensa
1672 792 1887 869 tenui
1937 792 2263 868 salinum

729 946 776 987 ιε
810 914 970 991 Nec
1024 915 1235 993 leves
1285 943 1593 994 somnos
1646 917 1880 993 timor
1930 929 2063 993 aut
2116 917 2397 1015 cupido

1005 1040 1378 1119 Sordidus
1429 1043 1706 1119 aufert.

807 1190 1016 1283 Quid
1070 1193 1290 1269 brevi
1342 1196 1581 1270 fortes
1630 1193 2061 1270 iaculamur
2110 1219 2300 1270 aevo

807 1317 1099 1394 Multa?

1205 1318 1411 1413 Quid
1451 1332 1693 1397 terrae
1744 1319 1894 1393 alio
1951 1318 2285 1395 calentes

808 1441 988 1518 Sole
1037 1448 1478 1522 mutamus?
1570 1445 1871 1521 Patriae
1924 1447 2096 1544 quis
2149 1444 2363 1519 exsul

718 1599 771 1637 ω
1006 1565 1105 1643 Se
1153 1593 1464 1669 quoque
1516 1569 1767 1668 fugit?

807 1716 1124 1794 Scandit
1164 1731 1461 1795 aeratas
1514 1719 1791 1795 vitiosa
1840 1744 2075 1794 naves

799 1845 1005 1923 Cura
1049 1870 1193 1921 nec
1241 1856 1533 1919 turmae
1587 1845 1934 1945 equitum
1984 1843 2358 1943 relinquit

807 1968 1045 2047 Ocior
1097 1971 1343 2046 cervis
1402 1982 1478 2045 et
1522 1982 1801 2066 agente
1851 1968 2156 2044 nimbos

1008 2090 1246 2169 Ocior
1293 2092 1524 2167 Euro.

723 2274 773 2313 25
809 2241 1089 2317 Laetus
1134 2242 1215 2317 in
1267 2268 1631 2339 praesens
1684 2242 1981 2317 animus
2029 2242 2242 2341 quod
2292 2242 2497 2317 ultra
2538 2255 2655 2317 est

406 2472 622 2537 StuccO,
675 2471 791 2525 und
849 2471 1076 2525 wurden
1132 2471 1275 2526 auch
1334 2472 1440 2526 wie
1493 2472 1554 2526 in

407 2543 676 2612 Tempeln
724 2543 1018 2613 vergoldet
1063 2543 1178 2597 und
1223 2543 1328 2597 mit
1363 2544 1555 2598 Elfen-

405 2615 537 2669 bein
574 2632 673 2669 aus
715 2615 880 2685 elegt.
917 2613 1178 2669 Nachher
1211 2615 1555 2670 verkleidete

407 2704 540 2741 man
577 2702 683 2740 auc
757 2686 848 2740 die
868 2686 1090 2753 Felder,
1123 2685 1239 2740 und
1265 2687 1438 2741 multe
1461 2687 1556 2741 die

409 2758 646 2811 Decke.“
731 2756 801 2811 cf.
859 2757 970 2811 Cic.
1035 2757 1103 2811 de
1163 2758 1310 2828 legg.
1364 2758 1436 2826 11,
1494 2761 1553 2811 1:

411 2828 880 2899 „Magnificasqne
925 2828 1087 2883 villas
1125 2834 1184 2883 et
1229 2829 1557 2899 pavimenta

407 2917 724 2955 marmorea
769 2904 828 2955 et
869 2900 1132 2969 laqueata
1174 2904 1324 2955 tecta
1371 2906 1555 2955 conte-

407 2972 591 3026 mnof‘
656 3002 721 3012 —
784 2970 974 3058 curas]
1021 2970 1268 3043 Theogn.
1317 2974 1438 3025 729.
1489 2972 1555 3025 B.

411 3044 743 3113 ,,Φρονιίδες
785 3037 1102 3111 ἀνθρώπων
1143 3044 1346 3112 ἔλαχον
1381 3040 1557 3113 πτερὰ

407 3115 608 3168 ποικίλ’
652 3115 718 3185 ἔχ
720 3114 929 3167 ουσαι.“
988 3142 1054 3153 ·—
1111 3114 1339 3185 circum]
1395 3114 1555 3169 Tme-

407 3187 499 3240 εἰσ.
549 3186 620 3240 cf.
659 3186 792 3240 infr.
829 3186 916 3239 33.
973 3184 1152 3239 Carm.
1188 3185 1233 3253 Ι,
1270 3188 1323 3253 2,
1357 3186 1446 3239 34.
1485 3216 1551 3225 -

407 3258 608 3313 vivitur
645 3274 822 3328 parvo
868 3258 1010 3319 bene,
1059 3256 1174 3326 cui]
1228 3256 1316 3311 Ex
1361 3256 1554 3312 dativo

407 3329 498 3383 cui
550 3329 624 3384 ad
674 3330 878 3383 vivitur
927 3328 1158 3382 verbnm
1221 3328 1555 3383 eliciendum

407 3401 457 3455 ei
473 3420 486 3469 ;
523 3401 726 3455 deinde
769 3401 862 3454 cui
896 3417 1010 3453 non
1047 3400 1228 3471 magis
1273 3400 1344 3453 ad
1380 3401 1555 3469 splen-

411 3472 500 3525 det
561 3472 913 3526 referendum
975 3488 1142 3539 quam
1215 3471 1287 3525 ad
1357 3472 1555 3537 aufert.

409 3542 760 3597 Describitur
827 3548 1014 3597 autem
1083 3543 1132 3596 is
1204 3542 1300 3610 qui
1359 3543 1556 3613 paneis

411 3631 554 3682 quae
612 3615 782 3669 habet
839 3618 924 3669 est
982 3618 1292 3669 contentus.
1365 3614 1556 3669 Salina

409 3686 559 3740 enim
595 3690 652 3740 et
683 3686 835 3740 tenui
868 3702 1052 3739 mensa
1077 3702 1144 3740 ea
1167 3682 1556 3755 significantur

409 3774 551 3826 quae
600 3757 909 3811 necessaria
963 3761 1094 3811 sunt
1140 3762 1356 3810 remoto
1401 3756 1556 3811 omni

409 3829 546 3882 luxu
590 3832 894 3899 apparatus
941 3833 1000 3882 et
1051 3828 1553 3882 condimentorum.

407 3900 474 3955 cf
515 3899 628 3954 Sat.
669 3900 710 3962 1,
749 3902 800 3965 3,
840 3902 922 3952 13.
962 3899 1251 3953 claudian.
1289 3900 1348 3953 in
1367 3898 1555 3953 Rufin.

408 3972 452 4040 Ι,
477 3974 582 4024 215
606 3940 866 4041 „Vivitur
884 3972 1088 4040 exiguo
1113 3970 1362 4025 meliusf‘
1401 3970 1554 4025 Pers.

409 4047 459 4111 8,
497 4012 631 4097 24:”
649 4059 816 4111 „rure
870 4047 1107 4111 paterno
1154 4042 1260 4095 Est
1312 4042 1418 4095 tibi
1467 4042 1555 4095 far

407 4115 704 4179 modicum,
751 4130 960 4183 purum
1005 4118 1064 4167 et
1099 4113 1218 4167 sine
1263 4113 1390 4167 labe
1427 4114 1555 4167 sali-

407 4186 597 4239 num.“
673 4184 976 4239 Paternum
1031 4184 1270 4239 salinum
1317 4202 1382 4239 ea
1433 4185 1559 4253 ipsa.

409 4274 470 4311 re
523 4257 830 4326 pretiosum
889 4260 973 4309 est
1021 4256 1273 4310 modesto
1323 4256 1558 4323 homini,

411 4328 560 4396 qnod
597 4332 762 4396 pater
797 4330 854 4382 et
891 4327 1129 4381 fortasse
1167 4344 1302 4381 avus
1341 4344 1404 4381 eo
1444 4327 1559 4381 iam

411 4416 542 4451 usus
581 4402 682 4451 est.
731 4426 796 4437 ——
843 4396 1109 4467 splendet]
1151 4398 1184 4451 i.
1229 4416 1274 4452 e.
1311 4398 1559 4467 pretium

409 4467 606 4536 habet3
673 4486 804 4523 num
867 4468 1017 4537 quod
1080 4469 1328 4537 pretium
1387 4468 1561 4523 habet

415 4538 575 4607 quasi
635 4537 916 4607 splendet,
977 4543 1036 4593 et
1097 4540 1247 4608 quod
1305 4540 1561 4609 splendet

1653 2471 1798 2527 solet
1861 2472 2050 2544 magni
2110 2470 2415 2526 aestimari.
2489 2468 2560 2526 cf.
2625 2470 2819 2525 Germ.

1652 2544 1733 2612 11,
1772 2542 1823 2612 2,
1860 2546 1911 2597 4.
1972 2574 2039 2582 —
2098 2544 2233 2599 leves
2277 2541 2515 2612 somnos]
2560 2541 2691 2596 vide
2736 2542 2821 2596 ad

1658 2616 1839 2669 Carm.
1876 2615 1949 2683 H,
1990 2616 2075 2682 11,
2112 2618 2163 2671 8.
2204 2643 2265 2653 -
2308 2614 2478 2669 {timor
2521 2619 2621 2667 aut
2657 2613 2821 2683 cupi-

1656 2686 1747 2755 do]
1786 2687 1968 2741 solent
2006 2686 2143 2740 haec
2188 2687 2488 2739 coniuncta
2526 2702 2645 2739 esse
2682 2702 2819 2739 cum

1656 2760 1873 2828 mag-nis
1903 2757 2137 2825 divitiis,
2172 2757 2345 2811 timor
2376 2774 2449 2810 ne
2478 2755 2821 2811 auferantur

1656 2846 1806 2899 opes,
1864 2829 2067 2899 cupido
2114 2829 2206 2882 vel
2260 2846 2329 2883 cu
2371 2828 2541 2882 iditas
2592 2832 2659 2881 ut
2713 2846 2816 2881 au-

1694 2905 1911 2956 eantur.
1948 2930 2013 2940 —
2068 2899 2328 2955 sordidus
2392 2899 2609 2969 Cupido
2658 2899 2819 2968 apud

1711 2974 1957 3026 oratium
1993 2971 2303 3026 masculino
2330 2987 2549 3041 semper
2573 2988 2811 3042 genere:

1659 3044 1837 3098 Carm.
1873 3042 1973 3109 111,
2003 3043 2086 3106 16,
2115 3045 2200 3096 39.
2239 3042 2340 3110 111,
2376 3042 2465 3106 24,
2496 3044 2580 3095 51.
2622 3042 2741 3097 Sat.
2767 3042 2815 3109 1,

1660 3118 1708 3180 1,
1734 3116 1820 3168 61.
1856 3114 2037 3183 Epist.
2074 3114 2121 3177 Ι,
2160 3115 2208 3181 1,
2246 3116 2332 3167 33.
2382 3112 2645 3168 Ceterum
2680 3112 2817 3169 vide

1658 3186 1730 3239 ad
1767 3184 1945 3240 Carm.
1985 3186 2031 3253 I,
2068 3186 2155 3238 28.
2190 3202 2245 3254 p.
2271 3186 2362 3239 92.

1730 3257 1795 3311 V.
1836 3260 1919 3310 17.
1972 3255 2167 3327 fortes]
2224 3255 2261 3309 i.
2296 3274 2344 3310 e.
2399 3256 2551 3311 omni
2602 3256 2813 3311 virium

1657 3328 2034 3396 contentione,
2071 3344 2183 3396 qua
2219 3327 2291 3382 ad
2330 3327 2673 3398 colligendas
2720 3345 2813 3382 res

1657 3417 1797 3469 opus
1836 3418 1951 3455 esse
1986 3368 2229 3467 videtur,
2263 3416 2389 3453 cum
2426 3400 2596 3453 simun
2630 3398 2814 3454 homi-

1656 3488 1753 3525 nes
1819 3465 2184 3542 ὀλιγοχρόνια
2252 3470 2435 3540 (brevi
2497 3470 2675 3538 aevo).
2744 3500 2812 3510 —

1655 3542 1951 3681 &5²:²33
1977 3541 2284 3681 23¹⁶i115‘2
2304 3541 2484 3667 ἓἭ
2526 3542 2615 3667 ¹11
2624 3543 2712 3681 ¹9⁷:
2726 3545 2813 3668 22⁵.

2354 3632 2370 3663 ⁴
2486 3630 2559 3682 Po

1657 3652 2137 3752 Sat.i1,7,.109
2188 3654 2811 3754 '1'›Eist.1‚,736.-

1656 3758 1880 3826 patriae
1926 3756 2106 3825 exsul]
2156 3755 2317 3810 Ovid.
2369 3724 2641 3823 Me't.1’x‚
2680 3758 2813 3812 409:

1660 3828 1853 3895 „exsul
1914 3828 2229 3897 mentisque
2289 3827 2650 3896 domusque-‘⁴
2740 3828 2816 3882 cf.

1656 3868 1795 3953 ibid.
1844 3898 1939 3961 VI,
1996 3900 2122 3966 1893
2182 3916 2363 3968 neque
2423 3900 2561 3953 haec
2622 3900 2815 3954 aliena

1658 3974 1790 4023 sunt
1829 3988 1863 4024 a
1900 3970 1958 4024 vi
1994 3974 2051 4023 et
2086 3974 2293 4024 natura
2328 3971 2599 4040 genetivi,
2649 3988 2814 4054 prae-

1658 4042 1819 4111 cipue
1858 4042 2063 4111 graeei.
2105 4072 2177 4080 —
2230 4039 2306 4112 se]
2346 4059 2473 4096 cum
2508 4042 2625 4097 suin
2660 4044 2815 4097 curis

1660 4118 1717 4167 et
1753 4112 2175 4182 cupiditatibus,
2225 4130 2362 4181 quas
2402 4130 2587 4169 secum
2638 4113 2817 4169 habet

1658 4184 1883 4253 ubique.
1954 4184 2045 4239 Sic
2080 4184 2295 4239 accedit
2331 4185 2629 4252 insequens
2666 4192 2815 4239 stro·

1659 4256 1787 4326 pha.
1844 4286 1911 4295 —-
1968 4260 2190 4311 aeratas
2234 4256 2422 4326 naves]
2480 4256 2813 4311 simillimus

1660 4328 1811 4382 locus
1862 4332 1947 4381 est
1993 4326 2172 4381 Carm.
2209 4327 2307 4392 ΠΙ,
2345 4329 2395 4394 1,
2430 4330 2499 4381 37
2543 4346 2663 4398 sqq.
2740 4328 2813 4384 cs.

1662 4398 1776 4453 Sat.
1813 4398 1886 4466 11,
1915 4400 1965 4466 7,
1996 4400 2291 4452 111—115.
2328 4396 2511 4468 Epist.
2535 4398 2581 4467 1,
2612 4402 2699 4463 11.
2724 4400 2811 4453 2‘7.

1662 4471 1705 4533 Ι,
1749 4469 1835 4537 14,
1872 4438 2048 4539 '15sq.
2084 4468 2523 4539 —quoductra
2562 4470 2665 4541 est]
2706 4472 2812 4525 i..e

1662 4540 1815 4593 ultra.
1848 4557 2128 4609 praesens,
2174 4540 2445 4595 futurum.
2492 4572 2561 4581 -
2610 4542 2813 4611 oderit]
