3092 5059
446 205 572 270 350

1390 205 1894 274 SATIRARUM

549 393 647 470 Se
699 394 980 492 probet
1023 419 1110 468 ac
1158 392 1409 490 potius
1460 392 1727 469 laudet
1778 393 2081 470 diversa
2134 406 2561 492 sequentes,

445 551 520 590 110
547 518 932 616 Quodque
977 517 1232 595 aliena
1287 518 1587 618 capella
1637 531 1855 617 gerat
1903 519 2299 594 distentius
2354 518 2547 594 uber

544 642 941 738 Tabescat,
993 667 1246 742 neque
1305 669 1386 718 se
1437 644 1718 720 maiori
1768 644 2320 745 pauperiorum

545 767 853 843 Turbae
895 781 1312 866 comparet,
1355 767 1560 844 hunc
1604 781 1833 869 atque
1869 769 2075 845 hunc
2126 795 2492 869 superare
2526 769 2868 845 laboret.

545 892 675 969 Sic
725 892 1118 970 festinanti
1169 918 1472 990 semper
1515 891 1978 993 locupletior
2025 895 2294 991 obstat,

542 1018 653 1096 Ut
703 1046 875 1094 cum
930 1019 1364 1095 carceribus
1416 1019 1689 1093 missos
1743 1021 1947 1119 rapit
1998 1020 2291 1118 ungula
2340 1045 2629 1115 currus,

447 1175 522 1217 ιω
547 1144 792 1220 Instat
842 1145 1063 1244 equis
1113 1145 1387 1242 auriga
1437 1169 1615 1220 suos
1674 1145 2183 1242 vincentibus,
2237 1143 2455 1220 illum

547 1271 1057 1348 Praeteritum
1115 1283 1460 1347 temnens
1515 1285 1895 1347 extremos
1945 1271 2148 1346 inter
2200 1283 2530 1348 euntem.

543 1396 742 1474 Inde
790 1395 876 1471 fit
927 1409 1014 1470 ut
1057 1421 1233 1470 raro
1286 1396 1422 1495 qui
1477 1421 1561 1472 se
1611 1396 1891 1472 vixisse
1940 1396 2248 1471 beatum

545 1523 770 1600 Dicat
819 1533 896 1598 et
947 1533 1214 1596 exacto
1269 1532 1667 1596 contentus
1719 1534 2069 1621 tempore
2120 1523 2277 1598 vita

551 1647 798 1726 Cedat
845 1646 956 1722 uti
1001 1645 1328 1720 conviva
1379 1657 1591 1719 satur
1632 1645 1973 1743 reperire
2026 1671 2418 1746 queamus.

449 1805 522 1845 120
545 1773 714 1848 Iam
767 1772 948 1847 satis
1001 1782 1150 1846 estt
1203 1795 1302 1845 ne
1353 1795 1478 1844 me
1529 1767 1871 1870 Crispini
1924 1771 2201 1846 scrinia
2249 1769 2446 1870 lippi

549 1894 1027 1996 Compilasse
1079 1908 1321 1994 putes,
1369 1895 1695 1971 verbum
1744 1922 1903 1971 non
1954 1895 2284 1994 amplius
2337 1895 2645 1972 addam.

445 2145 506 2199 in
540 2144 736 2200 multis
761 2143 932 2200 etiam
968 2142 1369 2214 antiquissimis
1406 2159 1601 2199 nemon

447 2221 510 2270 ut
527 2257 541 2281 ‚
595 2221 783 2271 ortum
836 2213 980 2269 illud
1033 2233 1104 2269 ex
1159 2215 1352 2285 inepto
1411 2215 1598 2269 hiatus

445 2289 666 2344 timore.
738 2287 884 2342 Nam
921 2286 1296 2342 intolerabilis
1331 2286 1442 2342 hoc
1476 2287 1597 2343 loeo

447 2365 592 2414 esset
635 2358 967 2414 admirantis
1019 2361 1118 2412 aut
1173 2375 1302 2412 cum
1357 2358 1597 2412 admira-

445 2433 600 2486 tione
659 2430 1004 2500 indignantis
1061 2429 1415 2484 exclamatio.
1513 2429 1599 2484 De

445 2508 590 2573 part.
617 2508 682 2556 ut
704 2502 832 2556 vide
857 2500 929 2554 ad
949 2499 1132 2555 Carm.
1153 2501 1198 2567 Ι,
1221 2502 1271 2564 9,
1297 2504 1343 2554 1.
1369 2500 1414 2568 Ι,
1442 2501 1523 2568 14,
1545 2503 1596 2554 3.

447 2575 685 2644 Haupt,
722 2572 988 2640 Meinek.‚
1029 2571 1283 2638 Linker.,
1317 2571 1569 2627 Mueller.
1585 2612 1600 2638 ‚

447 2645 660 2710 Lehrs„
681 2645 1028 2713 scripserunt
1053 2643 1152 2711 qui
1180 2659 1353 2708 nemo,
1385 2649 1446 2697 ut
1470 2660 1599 2698 ava·

446 2733 560 2784 rus,
595 2717 662 2772 Se
690 2717 880 2785 probet
917 2733 986 2769 ex
1023 2714 1146 2768 cod.
1185 2714 1409 2781 Bland.;
1457 2715 1598 2769 Doe-

450 2787 720 2843 derlinius
767 2805 836 2842 ex
871 2786 1192 2841 coniectura
1237 2801 1492 2855 nemoque
1536 2791 1625 2840 ut·

450 2875 655 2915 avarus
695 2858 762 2914 Se
799 2859 1008 2928 probet,
1048 2857 1363 2912 Fritsohius
1399 2875 1470 2912 ex
1504 2874 1597 2912 ve-

448 2930 631 3002 stigiis
677 2930 928 2985 codicum
981 2927 1162 2998 „Quia
1205 2945 1356 2983 nemo
1394 2944 1599 2983 avarus

447 3003 515 3058 80
557 3004 760 3073 probat
804 3005 908 3056 cet.
982 2999 1068 3054 De
1101 3000 1261 3054 hiatu
1306 2999 1375 3054 cf.
1419 3000 1598 3070 Epod.

454 3076 536 3140 12,
577 3077 627 3128 3.
677 3074 858 3128 Carm.
895 3071 941 3135 Ι,
983 3073 1068 3137 28,
1105 3073 1192 3126 24.
1234 3101 1296 3112 -
1336 3071 1480 3127 hunc
1515 3078 1600 3126 at-

449 3162 552 3216 que
574 3144 734 3212 hunc]
775 3144 900 3199 Uno
937 3149 1200 3213 superato
1227 3143 1464 3197 alterum
1488 3147 1599 3198 sta·

449 3219 554 3272 tim
591 3217 748 3271 videt
791 3215 884 3270 cui
915 3215 1179 3269 invideat.
1220 3244 1286 3254 -
1322 3213 1413 3269 Sic
1445 3215 1600 3282 festi-

449 3287 640 3359 nanti]
681 3288 774 3342 Sic
797 3286 882 3350 fit,
921 3291 988 3342 ut
1023 3287 1226 3341 obstet.
1265 3286 1366 3341 Cui
1403 3287 1601 3340 verbo-

447 3377 576 3414 rum
599 3358 978 3415 coniunctioni
1015 3375 1128 3412 non
1168 3358 1500 3412 adversatur
1536 3376 1603 3413 ea

451 3449 593 3500 quae
649 3450 703 3487 v.
756 3433 858 3484 117
913 3431 1166 3497 sequitur
1222 3430 1601 3484 ratiocinatio·

449 3503 865 3559 Sententiarum
919 3501 1058 3556 ordo
1103 3505 1188 3556 est
1224 3501 1346 3556 hic:
1391 3501 1472 3556 sic
1517 3501 1600 3569 fit,

449 3581 516 3630 ut
549 3591 768 3644 semper
803 3573 1138 3643 locupletior
1160 3573 1364 3639 obstet,
1387 3577 1445 3627 et
1471 3573 1602 3626 inde

448 3647 531 3711 fit,
571 3651 636 3702 ut
669 3663 799 3700 raro
836 3646 1175 3713 inveniatur,
1213 3645 1310 3714 qui
1342 3644 1508 3698 beate
1541 3661 1603 3698 se

449 3719 604 3774 dicat
620 3718 881 3772 vixisse.“
913 3716 1188 3786 Compara
1203 3717 1276 3771 ad
1294 3734 1383 3769 vv.
1407 3718 1508 3769 113
1519 3732 1600 3784 sq.

451 3790 662 3862 Vergil.
711 3789 913 3859 Georg.
950 3787 997 3856 1,
1035 3791 1134 3842 511
1164 3805 1285 3857 sqq.
1325 3817 1392 3828 —
1428 3786 1601 3855 inum]

449 3879 563 3917 non
600 3877 830 3932 equum,
877 3859 976 3914 sed
1023 3860 1296 3930 aurigam.
1353 3887 1423 3900 —
1475 3863 1602 3912 tem·

450 3933 604 4003 nens]
650 3933 718 3987 In
763 3931 1012 4002 pedestri
1061 3931 1316 3985 oratione
1365 3930 1604 3998 simplex

450 4006 817 4070 rarissimum,
835 4007 900 4056 ut
921 4001 1050 4058 Tac.
1075 4003 1220 4056 Hist.
1246 4001 1348 4068 111,
1375 4003 1460 4055 4⁷.
1487 4000 1602 4056 Sat.

450 4077 523 4145 11,
559 4077 613 4146 2,
648 4077 737 4131 38.
788 4076 954 4145 Verg.
992 4077 1130 4128 Aen.
1168 4073 1264 4142 VI,
1301 4075 1422 4127 620.
1479 4071 1603 4138 VII,

450 4150 572 4204 236.
616 4179 678 4190 —
717 4146 991 4216 Gn'spim]
1028 4145 1143 4200 Sat.
1180 4145 1224 4214 1,
1263 4147 1314 4211 3,
1356 4144 1478 4198 139.
1537 4143 1601 4197 11.

1690 2148 1751 2210 7,
1788 2147 1875 2198 45.
1922 2144 1977 2212 Ι,
2014 2147 2075 2228 4.,
2114 2145 2201 2197 14.
2290 2143 2427 2198 Fuit
2478 2142 2856 2213 philosophus

1690 2215 1925 2284 Stoicus,
1972 2233 2070 2284 qui
2118 2214 2612 2284 quotienscumque
2657 2214 2856 2284 potuit

1692 2287 2063 2342 emendandos
2100 2304 2284 2342 mores
2304 2286 2533 2341 insulsis
2565 2285 2685 2340 suis
2722 2303 2855 2340 ver-

1690 2358 1878 2412 siculis
1916 2359 2197 2413 clamabat
2229 2375 2545 2427 nomenque
2570 2358 2857 2428 aretalogi

1690 2431 1761 2485 ab
1801 2430 2127 2499 aequalibus
2168 2434 2475 2499 acceperat.
2534 2429 2851 2499 Lippitudo

1690 2502 1807 2556 eius
1865 2519 1978 2556 non
2033 2501 2219 2555 minus
2276 2501 2348 2555 ad
2408 2505 2655 2554 mentem
2704 2501 2853 2554 refe-

1690 2572 1865 2628 renda
1936 2573 2163 2628 videtur
2235 2590 2403 2641 quam
2480 2572 2554 2626 ad
2624 2572 2846 2641 oculos3

1692 2661 2009 2714 quanquam
2035 2645 2122 2698 his
2150 2661 2373 2713 quoque
2410 2643 2695 2698 laborasse
2720 2661 2855 2698 eum

1689 2733 1913 2771 necesse
1960 2721 2061 2770 est.
2134 2715 2223 2770 Ex
2280 2715 2566 2785 frequenti
2614 2714 2855 2785 lippitu-

1691 2787 1838 2842 dinis
1878 2788 2158 2842 mentione
2204 2787 2356 2857 apud
2392 2787 2657 2856 antiquos
2692 2793 2855 2841 recte

1690 2859 1915 2914 videtur
1970 2859 2225 2914 concludi
2284 2875 2463 2929 posse,
2522 2857 2695 2912 fuisse
2749 2858 2857 2912 ali·

1692 2931 1829 3000 quid
1862 2930 2087 2986 ridiculi
2124 2931 2184 2984 in
2208 2947 2275 2985 eo
2312 2930 2601 2985 oculorum
2628 2929 2854 2984 mou-be.

1693 3003 1775 3058 De
1812 3019 1913 3057 sua
1960 3008 2145 3057 autem
2202 3000 2543 3072 lippitudine
2580 3001 2859 3055 Horatius

1690 3091 1805 3128 non
1860 3075 2135 3144 cogitavit
2194 3091 2296 3128 nec
2347 3072 2691 3142 impudentis
2748 3077 2855 3137 est,

1694 3145 1863 3214 quod,
1900 3163 2027 3200 cum
2062 3145 2181 3214 ipse
2220 3140 2507 3200 interdum
2554 3144 2731 3198 oculis
2769 3145 2852 3197 la-

1692 3217 1938 3284 boraret,
1986 3216 2107 3270 Cris
2149 3216 2305 3270 inum
2343 3215 2419 3270 ob
2456 3216 2605 3271 idem
2643 3215 2855 3269 vitium

1692 3287 1999 3343 deridebat.
2134 3290 2279 3342 tiosa
2320 3287 2503 3358 igitur
2548 3291 2634 3342 est
2680 3287 2855 3342 Bent-

1693 3361 1767 3414 lei
1838 3361 2160 3414 coniectura
2230 3361 2459 3428 lippum.
2590 3359 2858 3413 Ceterum

1694 3449 1862 3500 quam
1898 3431 2160 3500 frequens
2197 3431 2245 3484 is
2282 3431 2513 3485 morbus
2548 3429 2702 3498 apud
2736 3429 2855 3483 Ro-

1692 3519 1886 3557 manos
1922 3503 2113 3570 fuerit,
2151 3503 2343 3557 videre
2379 3502 2513 3556 licet
2549 3519 2618 3555 ex
2658 3501 2857 3555 multis

1693 3573 1977 3641 remediis,
2045 3591 2187 3644 quae
2249 3573 2399 3643 apud
2475 3573 2724 3627 Plinium
2794 3572 2855 3626 in

1692 3645 1820 3700 Nat.
1862 3645 2005 3699 Hist.
2046 3646 2432 3700 nominantur.
2480 3643 2853 3698 Admirabilis

1696 3721 1881 3770 autem
1936 3716 2203 3772 Horatius
2260 3721 2345 3772 est
2398 3720 2635 3786 propter
2688 3731 2847 3786 egre·

1694 3788 1845 3859 giam
1886 3787 2204 3843 inveniendi
2250 3788 2433 3844 exitus
2486 3792 2685 3850 artem,
2738 3803 2854 3855 qua

1696 3859 1885 3913 satiris
1923 3863 1981 3914 et
2016 3877 2047 3914 e
2086 3860 2271 3914 istulis
2298 3860 2684 3930 inexspectato
2714 3875 2849 3927 quo·

1696 3931 1825 3985 dam
1859 3931 1981 3984 ioco
2032 3877 2201 3986 libem
2246 3948 2411 4001 saepe
2452 3931 2723 4000 imposuit
2772 3931 2847 3984 le-

1695 4003 2058 4074 gentiumque
2094 4003 2307 4057 animos
2332 4006 2497 4073 grata
2523 4001 2735 4057 adfecit
2768 4001 2852 4054 hi·

1698 4074 1942 4128 laritate.

1449 4385 1848 4396 ———.————.
