3092 5059
1022 223 1183 289 LIB.
1225 222 1278 288 1.
1323 221 1594 289 EPIST.
1636 221 1823 289 XIX.

322 408 705 485 Prosiluit
755 407 1109 485 dicenda.

2510 221 2635 288 569

1216 408 1553 507 „Forum
1605 410 2023 510 putealque
2074 409 2395 486 Libonis

319 533 724 611 Mandabo
776 534 1017 630 siccis,
1074 533 1413 610 adimam
1467 546 1778 610 cantare
1828 536 2114 612 severis
2134 531 2205 610 :“

233 695 287 734 ιο
325 657 516 734 Hoc
566 658 794 735 simul
847 657 1075 754 edixi,
1129 685 1288 735 non
1339 683 1736 736 cessavere
1779 674 2055 758 poetae

325 783 730 858 Nocturno
783 795 1078 860 certare
1126 810 1367 880 mero,
1420 795 1691 885 putere
1743 783 2045 860 diurno.

326 907 568 1002 Quid,
627 909 696 986 si
747 909 918 1009 quis
960 909 1184 986 vultu
1231 923 1456 985 torvo
1511 911 1723 986 ferus
1776 921 1851 986 et
1898 909 2101 1010 pede
2151 911 2363 988 nudo

321 1033 838 1134 Exiguaeque
890 1047 1120 1134 togae
1170 1036 1478 1112 simulet
1524 1048 1821 1113 textore
1874 1035 2273 1134 Catonem,

325 1159 820 1238 Virtutemne
872 1175 1402 1261 repraesentet
1448 1187 1861 1262 moresque
1908 1162 2269 1240 Catonis?

232 1322 285 1364 ιε
323 1286 570 1384 Rupit
615 1285 985 1362 Iarbitam
1039 1287 1481 1384 Timagenis
1533 1286 1839 1363 aemula
1888 1286 2176 1384 lingua,

324 1415 532 1489 Dum
589 1411 846 1488 studet
895 1414 1233 1489 urbanus
1277 1413 1683 1512 tenditque
1734 1411 2060 1488 disertus
2112 1411 2404 1489 haberi.

220 1655 342 1693 cae.
401 1636 662 1705 Propert.
712 1635 807 1704 IV,
852 1635 904 1704 2,
947 1638 1008 1691 5:
1065 1635 1394 1707 „Parvaque

222 1715 345 1764 tam
383 1707 609 1778 magnis
646 1707 936 1763 admoram
983 1707 1232 1763 fontibus
1273 1727 1390 1780 ora,

223 1781 393 1837 Unde
430 1783 597 1850 pater
641 1780 836 1834 sitiens
873 1780 1090 1834 Ennius
1141 1785 1274 1836 ante
1309 1781 1392 1835 bi-

221 1852 369 1907 bit.“
411 1879 484 1892 --
523 1850 776 1922 Libonis]
812 1851 956 1906 vide'
979 1853 1053 1906 ad
1089 1851 1204 1906 Sat.
1232 1853 1304 1919 11,
1341 1855 1392 1920 6,

225 1927 316 1979 36.
377 1953 448 1962 —
506 1923 696 1992 siccis]
753 1921 934 1980 Oarm.
986 1924 1031 1992 Ι,
1083 1925 1168 1992 18,
1218 1927 1267 1979 8.
1325 1953 1390 1964 -

225 1995 412 2065 edixi]
451 1997 518 2047 ut
552 1999 799 2064 praetor.
841 1995 911 2050 cf.
951 1995 1064 2050 Sat.
1107 1995 1180 2058 ΙΙ,
1216 1999 1269 2064 2,
1307 1996 1393 2050 51.

226 2067 324 2122 Sic
377 2071 536 2121 recte
587 2067 858 2121 scribitur
913 2084 981 2121 ex
1041 2067 1220 2136 codd.,
1281 2083 1393 2122 nou

226 2138 425 2204 edixit,
473 2138 567 2192 vel
615 2139 766 2207 quod
815 2155 958 2193 unus
1007 2139 1182 2194 codex
1223 2139 1395 2194 habet

229 2209 426 2265 edisti.
502 2208 649 2264 Nam
695 2210 846 2279 quod
894 2227 1026 2266 casu
1063 2212 1254 2280 aliquo
1302 2211 1394 2264 vel

229 2281 368 2336 data
422 2282 716 2337 occasione
764 2282 1034 2338 Horatius
1089 2282 1391 2352 aliquando

228 2353 480 2414 dixerat,
527 2353 589 2407 id
623 2354 868 2410 edictum
915 2355 1075 2423 quasi
1111 2355 1392 2423 quoddam

230 2425 518 2494 praetoris
565 2429 652 2479 est
694 2426 1046 2480 imitatorum
1095 2443 1255 2481 servo
1297 2443 1392 2496 pe-

229 2497 367 2551 cori.
470 2495 801 2567 Comparari
851 2503 1002 2552 certe
1049 2502 1283 2568 possunt
1328 2515 1395 2552 ea

231 2585 378 2638 quae
435 2568 592 2623 dicta
645 2575 810 2623 erant
855 2570 1034 2624 earm.
1083 2570 1135 2637 1,
1186 2571 1271 2623 18.
1325 2599 1391 2609 —

225 2640 448 2710 putere]
499 2639 746 2695 Martial.
792 2640 846 2709 Ι,
895 2643 986 2695 29:
1083 2641 1392 2711 „Hesterno

231 2711 414 2766 fetere
483 2729 640 2766 mero
699 2713 796 2781 qui
855 2713 1038 2767 credit
1092 2716 1362 2768 Acerram
1378 2752 1393 2781 ,

233 2783 510 2852 Fallitur3
547 2784 608 2836 in
634 2784 814 2839 lucem
837 2801 1058 2854 semper
1078 2788 1291 2840 Acerra
1310 2785 1394 2838 bi-

229 2854 371 2908 bit.“
403 2885 474 2894 —
498 2855 728 2925 textore]
767 2857 970 2911 festive
995 2857 1227 2924 dictum,
1260 2873 1393 2910 nam

231 2931 443 2982 textore
479 2925 760 2982 ablativus
799 2927 994 2983 eadem
1040 2929 1260 2983 ratione
1295 2945 1393 2997 po-

235 2997 380 3052 situs
420 3002 508 3052 est
555 3015 666 3066 qua
715 2999 918 3069 reliqui
954 3001 1114 3055 vultu
1149 3005 1300 3055 torvo
1336 3005 1396 3054 et

276 3069 372 3124 eds
405 3068 589 3138 nud03
634 3075 700 3123 ut
735 3071 783 3124 si
819 3089 918 3126 nos
954 3073 1204 3127 dicamus
1243 3071 1394 3139 „und

289 3141 402 3194 ank
465 3140 594 3196 dem
653 3140 860 3196 Weber
929 3144 1114 3198 seiner
1183 3143 1395 3197 kurzen

235 3210 450 3284 Toga.“
527 3212 612 3266 De
648 3213 858 3268 Catone
895 3215 1147 3270 Uticensi
1182 3213 1394 3268 Lucan.

235 3282 308 3352 Π,
355 3286 491 3338 384:
576 3283 760 3353 „Huic
803 3287 1016 3356 epulae,
1061 3285 1262 3341 vicisse
1313 3285 1395 3340 fa-

235 3371 412 3424 mem3
489 3357 794 3428 magnique
853 3358 1089 3413 Penates
1159 3357 1396 3412 Submo-

237 3426 384 3481 visse
420 3427 664 3482 hiemem
707 3433 875 3497 tect0,
911 3430 1270 3499 pretiosaque
1302 3445 1394 3484 ve-

238 3497 340 3552 stis
377 3497 606 3553 Hirtam
649 3501 906 3555 membra
953 3518 1121 3572 super
1156 3500 1396 3557 Romani

239 3585 396 3624 more
473 3569 710 3638 Quiritis
787 3573 1078 3628 Induxisse
1147 3574 1394 3644 togam.“

240 3639 318 3693 Et
343 3641 556 3697 comm.
585 3643 774 3712 oruq.=
816 3644 988 3714 „Cato
1025 3649 1250 3700 senator
1283 3644 1395 3698 Ro-

239 3728 468 3776 manus,
527 3720 594 3769 ut
645 3717 891 3771 severior
937 3721 1262 3787 appareret,
1311 3718 1394 3770 in·

239 3787 404 3840 tonsa
440 3785 622 3840 barba
663 3788 990 3857 capillisque
1035 3789 1302 3860 prodibat
1335 3789 1396 3841 in

241 3855 534 3922 publicum
590 3858 842 3927 duroque
897 3862 1273 3915 calceamento
1337 3865 1398 3914 et

241 3941 408 3996 saepe
463 3930 622 3984 nullo
679 3935 925 4002 togaque
979 3933 1232 4002 exig-ua.“
1325 3930 1394 3985 cf.

241 3995 425 4080 Epist.
465 4001 510 4070 Ι,
551 4002 634 4069 18,
670 4001 754 4056 30.
793 4033 859 4042 -
898 4003 1076 4073 Rupit
1099 4002 1393 4073 Iarbitam]

242 4067 574 4143 Timagenes
623 4075 1052 4144 Alexandrinus,
1095 4076 1292 4130 rhetor
1338 4079 1397 4129 et

244 4137 564 4221 historicus,
612 4147 868 4215 captivus
915 4147 1153 4201 Romam
1199 4146 1398 4201 ductus

245 4227 305 4263 m
331 4212 582 4270 Caesaris
605 4217 900 4272 Octaviani
936 4219 1177 4288 gratiam
1215 4218 1398 4272 venit:

248 4297 369 4366 eam
437 4293 626 4343 autem
689 4306 814 4345 cum
873 4290 1104 4344 licentia
1176 4289 1398 4344 dicendi

251 4356 546 4426 amisisset,
613 4361 686 4415 ab
745 4361 942 4415 Asinio
997 4361 1249 4416 Pollione
1313 4378 1399 4415 re·

250 4430 442 4508 ceptus
501 4436 602 4486 est.
695 4432 803 4500 Qui
867 4449 996 4487 cum
1057 4433 1193 4486 olim
1248 4433 1400 4487 inter

251 4511 402 4552 vlros
441 4501 636 4558 doctos
671 4521 798 4560 cum
836 4505 1088 4559 omnium
1124 4505 1398 4574 applausu

237 4567 628 4646 declamasset,
661 4577 1092 4632 aemulationem
1128 4577 1400 4633 excitavit

1487 1637 1755 1700 Iarbitam
1794 1637 1885 1692 cui
1920 1635 2136 1692 homini
2178 1635 2316 1690 item
2360 1635 2529 1692 docto
2577 1653 2645 1690 ac

1488 1709 1730 1778 rhetori,
1789 1712 1854 1762 ut
1911 1707 2164 1776 videtur,
2218 1707 2437 1778 ingenti
2488 1707 2641 1761 vocis

1489 1799 1557 1836 ac
1615 1781 1853 1836 laterum
1910 1779 2221 1834 intentione
2278 1778 2508 1841 accidit,
2576 1782 2643 1832 ut

1489 1858 1654 1921 rapto
1705 1851 1943 1921 diapbra
2042 1855 2134 1905 ate
2178 1850 2365 1905 subito
2413 1850 2643 1919 periret.

1487 1924 1704 1978 Iarbita
1751 1925 1903 1978 enim
2000 1924 2314 1994 imagenem
2360 1921 2642 1994 magnitu-

1489 1995 1621 2051 dine
1658 1996 1807 2050 voois
1857 1994 2070 2050 imitari
2107 1999 2339 2049 conatus
2377 1997 2480 2062 est,
2518 2011 2643 2048 cum

1489 2067 1774 2138 gravitate
1811 2067 2083 2122 orationis
2119 2066 2337 2135 assequi
2372 2083 2499 2120 eum
2527 2081 2641 2118 non

1489 2143 1705 2209 posset3
1744 2139 2122 2208 eloquentiam
2158 2138 2335 2208 igitur
2373 2137 2432 2191 in
2465 2135 2640 2191 firmi-

1489 2215 1609 2265 tate
1634 2212 1875 2265 laterum
1896 2214 1955 2265 et
1974 2210 2287 2264 intentione
2303 2209 2458 2263 vocis
2478 2225 2643 2278 quae-

1488 2283 1640 2337 sivit.
1678 2282 1910 2348 Iarbita,
1946 2281 2017 2336 de
2052 2298 2164 2349 quo
2196 2280 2340 2334 nihil
2365 2280 2521 2338 aliud
2544 2297 2667 2334 no-·

1489 2359 1613 2408 tum
1650 2357 1751 2422 est,
1788 2353 2019 2407 Maurus
2056 2352 2227 2407 fuisse
2263 2353 2489 2406 dicitur.
2561 2351 2643 2406 Cf.

1479 2425 1607 2480 Sat.
1644 2426 1687 2493 Ι,
1726 2427 1777 2488 3,
1820 2425 1939 2480 186.
1977 2424 2087 2478 Cic.
2127 2425 2199 2478 ad
2235 2424 2392 2478 Fam.
2430 2423 2556 2490 V11,
2598 2426 2645 2492 1,

1493 2500 1584 2551 14:
1679 2496 1925 2566 „Dis-api
1970 2513 2147 2567 paene
2196 2513 2287 2550 me
2331 2496 2391 2548 in
2436 2495 2643 2550 iudicio

1489 2569 1691 2624 Galli.“
1770 2569 2027 2623 Ceterum
2081 2570 2231 2622 Acro
2287 2566 2357 2621 de
2404 2566 2641 2621 Iarbita:

1489 2641 1623 2710 „qui
1670 2658 1797 2695 cum
1840 2639 2201 2712 Timagenem
2248 2638 2642 2709 philosophum

1486 2718 1617 2782 post
1652 2713 1812 2768 couvi
1820 2713 1971 2765 vium
2023 2717 2081 2766 et
2126 2712 2275 2766 inter
2310 2711 2514 2780 pocula
2552 2710 2645 2763 de-

1487 2785 1821 2839 clamantem
1888 2784 2063 2837 vellet
2125 2783 2341 2837 imitari
2408 2787 2467 2837 et
2528 2799 2643 2836 non

1485 2861 1691 2926 posset,
1726 2854 1943 2910 invidia
1990 2853 2401 2923 quodammodo
2438 2854 2642 2909 discer-

1485 2932 1619 2998 ptus
1656 2926 1801 2995 est;“
1840 2927 2178 2996 Porphyrio:
2220 2926 2352 2995 „qui
2390 2926 2521 2980 dum
2550 2924 2643 2980 Ti-

1486 2997 2645 3140 ffitffssnssffiti‘tffigsssfisstsssss

2346 3110 2360 3137 5

1488 3143 1844 3196 insolentiam
1868 3141 2111 3197 faciendi
2138 3141 2292 3212 quod
2318 3141 2642 3209 conabatur,

1488 3231 1665 3284 paene
1694 3215 1981 3283 disruptus
2003 3217 2105 3268 est.
2142 3213 2474 3283 Timagenes
2494 3213 2644 3267 enim

1489 3287 1697 3340 multos
1756 3285 2066 3340 conabatur
2121 3284 2389 3339 adhibere
2444 3289 2502 3338 et
2558 3301 2643 3339 ce-

1487 3375 1595 3412 nae
1650 3367 1707 3412 et
1754 3356 2149 3412 declamationi
2194 3373 2325 3411 suae
2341 3397 2355 3426 ,
2402 3356 2647 3424 dumque

1489 3431 1567 3484 ab·
1599 3429 1687 3483 his
1735 3429 1973 3484 multum
2026 3428 2305 3494 laudatur,
2352 3428 2425 3481 ad
2459 3429 2644 3482 imita·

1489 3502 1701 3556 tionem
1791 3501 1879 3554 sui
1959 3517 2293 3570 provocasse
2372 3499 2645 3554 Iarbitam

1489 3573 1716 3640 dicitur,
1758 3573 1856 3642 qui
1891 3589 1950 3627 se
1987 3576 2045 3626 et
2092 3571 2441 3626 stomachum
2479 3571 2644 3624 abru-

1488 3646 1602 3715 pit,
1669 3645 1804 3699 dum
1866 3643 2229 3714 Timagenem
2292 3647 2350 3698 et
2409 3642 2645 3696 dicendo

1491 3723 1549 3771 et
1584 3717 1861 3785 pascendo
1907 3716 2115 3770 amicos
2161 3717 2398 3769 conatur
2442 3729 2643 3781 acqua-

1489 3789 1605 3842 re.“
1671 3787 1733 3840 ln
1770 3787 1973 3857 quibus
2008 3787 2232 3842 scholiis
2270 3785 2428 3839 vides
2467 3785 2647 3839 latere

1490 3877 1615 3915 eam
1654 3861 2008 3928 scripturam,
2054 3876 2225 3927 quam
2262 3857 2538 3925 Cruquius
2585 3857 2646 3909 in

1490 3931 1709 3985 duobus
1780 3931 2121 3998 Blandiniis,
2184 3929 2512 3984 Torrentius
2586 3927 2645 3980 in

1490 4003 1711 4072 aliquot
1746 4002 1907 4057 codd.
1945 4001 2215 4072 repperit,
2250 4001 2462 4055 aemula
2484 4015 2645 4068 cena3

1489 4092 1595 4130 nec
1650 4091 1772 4129 eam
1830 4074 2055 4128 omnino
2112 4072 2483 4142 spernendam
2527 4088 2645 4126 esse

1491 4146 1791 4201 Horkelius
1846 4145 2033 4214 (Anal.
2077 4145 2275 4199 Horat.
2323 4163 2379 4214 p.
2427 4145 2497 4196 25
2540 4143 2645 4212 sq.)

1492 4219 1756 4272 ostendit.
1875 4217 2267 4272 Doederlinius
2324 4214 2647 4284 adfirmavit

1489 4291 1647 4359 rupit
1681 4291 1735 4344 h.
1773 4291 1809 4343 1.
1845 4289 1993 4343 idem
2042 4305 2159 4343 esse
2197 4287 2347 4358 quod
2382 4285 2647 4356 corrupit,

1491 4366 1558 4414 ut
1592 4361 1873 4417 sententia
1908 4366 2073 4416 esset:
2114 4360 2369 4428 corrupit
2398 4357 2648 4413 Iarbitae

1491 4439 1671 4488 artem
1710 4434 1961 4488 studium
1993 4432 2300 4487 imitandae
2324 4430 2645 4501 Timagenis

1489 4505 1933 4560 maledicentiae.
1975 4504 2287 4574 flumenis
2318 4503 2643 4574 genetivum

1491 4577 1769 4649 coniunge
1812 4594 1938 4632 cum
1984 4577 2213 4632 aemula.
2260 4603 2329 4616 -
2373 4575 2642 4645 urbam]
