3092 5059
1029 251 1190 320 LIB.
1237 255 1287 320 1.
1333 253 1603 320 EPIST.
1646 253 1824 322 XVI.

2505 255 2629 322 553

336 440 607 518 Set-vet
655 441 735 518 in
787 443 1176 542 ambiguO,
1233 443 1364 542 qui
1419 444 1751 520 consulit
1796 458 1871 521 et
1924 445 2062 521 tibi
2112 459 2191 523 et
2239 444 2431 524 Urbi

333 564 760 664 Iuppiter‚“
811 566 1142 665 Augusti
1189 567 1456 644 laudes
1512 595 1931 667 agnoscere
1980 573 2261 670 possis:

249 720 303 760 so
340 688 536 767 Cum
579 692 863 791 pateris
915 693 1217 791 sapiens
1269 693 1872 794 emendatusque
1922 696 2202 792 vocari,

333 815 876 914 Respondesne
919 829 1074 912 tuo,
1132 816 1253 894 dic
1307 817 1553 914 sodes,
1603 820 1969 896 nomine?

2072 821 2415 919 „Nempe

339 938 484 1016 Vir
534 941 782 1017 bonus
835 954 912 1018 et
959 941 1300 1039 prudens
1351 941 1506 1018 dici
1561 942 1905 1018 delector
1954 967 2099 1041 ego
2152 971 2242 1021 ac
2291 941 2449 1021 tu.“

339 1064 494 1157 Qui
538 1065 754 1143 dedit
802 1066 952 1142 hoe
1003 1067 1258 1164 hodie,
1315 1091 1503 1161 cras,
1557 1068 1623 1142 si
1668 1067 1901 1163 volet,
1956 1070 2293 1165 auferet3
2344 1083 2431 1146 ut
2480 1073 2546 1147 si

334 1189 716 1268 Detulerit
765 1192 1012 1268 fasces
1062 1192 1405 1292 indigno,
1457 1191 1807 1270 detrahet
1854 1192 2086 1270 idem.

249 1347 310 1389 ευ
346 1315 630 1415 „Pone,
686 1343 944 1394 meum
995 1314 1184 1414 est,“
1235 1319 1518 1417 inquit:
1575 1343 1781 1415 pono
1826 1319 2217 1418 tristisque
2260 1319 2563 1396 recedo.

337 1442 561 1518 Idem
612 1443 678 1518 si
729 1443 1007 1520 clamet
1056 1444 1330 1536 furem,
1384 1456 1619 1541 neget
1669 1469 1833 1520 esse
1881 1444 2272 1544 pudicum,

338 1555 776 1644 Contendat
817 1567 1095 1669 laqueo
1149 1569 1432 1644 collum
1483 1569 1852 1668 pressisse
1904 1583 2345 1670 paternum3

341 1693 708 1770 Mordear
759 1694 1196 1794 opprobriis
1241 1692 1458 1769 falsis
1509 1707 1957 1794 mutemque
2010 1697 2360 1775 colores?

339 1819 610 1896 Falsus
659 1819 908 1894 honor
955 1820 1170 1896 iuvat
1217 1831 1296 1895 et
1343 1819 1681 1895 mendax
1727 1821 2046 1898 infamia
2096 1834 2333 1898 terret

242 1983 302 2022 40
340 1945 588 2038 Quem
610 1945 755 2020 nisi
774 1944 1223 2020 mendosum
1243 1957 1318 2020 et
1341 1944 1929 2022 medicandum?
1948 1947 2092 2022 Vir
2112 1948 2361 2023 bonus
2381 1959 2492 2024 est
2514 1950 2733 2048 quis?

340 2072 542 2168 „Qui
595 2070 940 2148 consulta
990 2085 1316 2169 patrum,
1373 2072 1508 2171 qui
1558 2071 1769 2170 leges
1822 2073 2145 2172 iuraque
2198 2087 2475 2169 servat,

341 2196 512 2289 Quo
567 2195 852 2272 multae
902 2221 1387 2296 magnaeque
1437 2209 1793 2272 secantur
1838 2196 2092 2274 iudice
2137 2199 2331 2294 lites,

343 2322 516 2415 Quo
567 2348 694 2396 res
745 2345 1114 2417 sponsore
1166 2335 1242 2397 et
1299 2347 1452 2420 quo
1505 2347 1779 2398 causae
1828 2334 2021 2396 teste
2069 2321 2497 2400 tenentur.“

343 2446 496 2524 Sed
550 2446 762 2522 videt
802 2446 1006 2522 hunc
1059 2449 1302 2523 omnis
1358 2447 1631 2525 domus
1678 2461 1755 2524 et
1806 2447 2088 2523 vicinia
2139 2461 2297 2523 tota

227 2673 442 2745 magis]
481 2673 592 2742 „Hi
628 2690 822 2728 versus
859 2673 1028 2740 (Tene
1059 2673 1236 2744 mois
1272 2714 1284 2727 .
1324 2710 1338 2724 .
1378 2716 1390 2728 .

232 2743 516 2815 Iuppiter)
569 2751 701 2800 sunt
736 2744 895 2800 Varii
939 2747 999 2799 in
1045 2745 1391 2816 Panegyrico

229 2817 536 2888 Augusti.“
575 2821 742 2871 Acro.
770 2845 839 2857 —
863 2817 1248 2886 respondesne]
1266 2835 1393 2887 gra·

228 2891 348 2945 tias
385 2893 627 2942 acturus.
659 2887 731 2946 cf.
760 2889 875 2944 Cic.
898 2889 1041 2942 Phil.
1065 2887 1106 2950 1,
1130 2889 1196 2942 12
1217 2889 1390 2944 med.=

231 2960 420 3032 „Mihi
466 2959 656 3029 etiam,
703 2978 812 3029 quo
859 2965 1088 3014 auctore
1133 2965 1190 3014 te
1227 2962 1288 3014 in
1322 2961 1393 3015 iis

229 3034 408 3088 rebus
453 3033 541 3086 uti
589 3031 1028 3094 arbitrabantur,
1077 3036 1136 3086 et
1179 3033 1394 3102 gratias

227 3105 374 3160 boni
429 3105 542 3158 viri
599 3103 864 3174 agebant,
924 3109 984 3158 et
1035 3107 1130 3158 tuo
1178 3105 1396 3159 nomine

343 3175 726 3230 tulabantur.“
755 3174 908 3228 Caes.
930 3174 992 3228 B.
1015 3174 1078 3229 G.
1096 3176 1142 3238 Ι,
1170 3177 1254 3229 18.
1282 3175 1402 3230 Cic.

297 3263 391 3301 ur.
416 3249 502 3302 38.
531 3275 596 3287 --
623 3246 834 3315 Nempe
874 3246 962 3301 vir
997 3246 1190 3316 bonus]
1231 3247 1393 3316 „Scio

233 3319 503 3389 equidem
538 3319 680 3372 bene
717 3334 907 3372 omnes
944 3318 1194 3373 homines
1218 3320 1394 3373 bonos

193 3401 196 3408 '
232 3397 296 3446 et
348 3390 552 3460 probos
601 3387 784 3443 videri
839 3389 1008 3457 velle3
1058 3390 1157 3443 sed
1208 3391 1394 3445 cautio

236 3461 566 3517 adhibenda
602 3465 690 3514 est
721 3461 986 3524 maxima,
1019 3478 1090 3515 ne
1117 3479 1241 3515 cum
1277 3461 1393 3516 lau-

199 3534 372 3590 ·dem
419 3551 452 3586 a
498 3533 708 3602 populo
753 3533 998 3587 libenter
1042 3533 1396 3601 accipiamus,

233 3607 438 3674 postea
475 3603 548 3658 ab
585 3603 780 3659 eodem
805 3607 1090 3674 acceptam
1130 3621 1396 3674 cogamur

232 3675 580 3744 relinquere.
605 3675 780 3730 Recte
805 3676 1020 3745 cogitat
1043 3677 1090 3730 is
1117 3678 1212 3745 qui
1237 3677 1396 3746 vulgi

234 3747 453 3802 iudicia
487 3749 706 3818 spernit
742 3751 800 3802 et
821 3747 970 3801 bona
996 3753 1053 3802 et
1076 3749 1240 3816 mala,
1265 3765 1397 3802 nam

233 3820 421 3886 falsus
458 3819 636 3874 honor
671 3820 826 3874 iuvat
868 3820 1010 3874 cet.“
1086 3819 1289 3874 Versus
1327 3821 1396 3874 39

237 3891 558 3961 generalem
615 3891 951 3945 sententiam
1011 3891 1184 3946 habet
1239 3909 1396 3960 supe·

237 3964 397 4017 riora
442 3962 699 4031 exempla
742 3963 1112 4032 excipientem
1151 3966 1210 4017 et
1249 3981 1398 4018 com·

239 4033 698 4103 prehendentem.
721 4061 784 4072 —
799 4035 962 4105 pone]
1003 4035 1072 4090 cf.
1093 4035 1273 4089 Carm.
1294 4035 1395 4098 111,

241 4107 296 4172 2,
347 4105 428 4158 19.
487 4135 553 4145 -
606 4103 805 4174 furem]
861 4122 936 4160 sc.
993 4122 1083 4161 me
1135 4123 1268 4162 esse.
1329 4135 1396 4146 -—

239 4181 543 4246 mutemque
586 4175 812 4246 colores]
865 4182 930 4230 ut
972 4178 1158 4247 pallor
1199 4179 1398 4233 rubori

243 4251 304 4301 et
340 4249 516 4302 rubor
550 4247 754 4316 pallori
791 4249 1066 4302 succedat.

315 4318 380 4372 V.
405 4319 494 4373 40.
530 4317 928 4388 medicandum]
964 4319 1217 4374 Plurima
1253 4319 1396 4374 anti-

243 4405 486 4458 quorum
533 4389 790 4444 codicum
840 4407 971 4459 pars
1016 4392 1161 4445 hanc
1205 4391 1396 4446 lectio-

241 4479 371 4516 nem
405 4466 644 4526 tutatur‚
697 4460 798 4515 alii
831 4461 1135 4518 mendacem
1169 4479 1237 4517 ex
1276 4479 1397 4517 cor-

243 4534 506 4658 zptione
540 4537 728 4660 cin-{rum
743 4534 1055 4661 hssmqbfm‘
1111 4534 1397 4589 Medimn-

325 4620 354 4662 ε
387 4621 598 4678 opponi
627 4621 696 4662 ur
819 4623 958 4660 mim
993 4623 1130 4666 sano
1164 4623 1234 4666 ao
1265 4621 1397 4684 pru-

1485 2673 1660 2742 denti,
1696 2675 1731 2728 i.
1770 2691 1816 2728 e.
1854 2674 2126 2744 sapienti3
2176 2691 2309 2728 nam
2356 2673 2639 2728 mendosus

1483 2746 1711 2800 insanus
1771 2750 1882 2814 est,
1938 2744 2220 2801 sanandus
2270 2739 2367 2800 ille
2413 2745 2639 2814 quidem

1485 2819 1792 2886 sapientiae
1839 2818 2168 2888 praeceptis.
2220 2847 2285 2856 —
2340 2816 2429 2871 vir
2464 2817 2639 2871 bonus

1485 2894 1565 2943 est
1619 2888 1805 2958 ςαίεὲ]
1853 2905 1926 2943 sc.
1977 2907 2045 2942 ex
2096 2888 2304 2944 iudicio
2347 2888 2523 2958 vulgi.
2568 2917 2638 2927 —

1486 2961 1739 3015 consulta
1773 2961 2019 3030 patrum]
2071 2961 2172 3015 cfr.
2221 2961 2333 3014 Cic.
2387 2959 2524 3028 Top.
2575 2960 2637 3012 5:

1487 3032 1611 3102 „ius
1658 3031 1821 3086 civile
1871 3032 1929 3085 in
1972 3032 2210 3102 legibus,
2257 3037 2482 3086 senatus
2518 3047 2640 3085 con·

1486 3105 1667 3164 sultis,
1724 3103 1906 3158 rebus
1985 3103 2247 3158 iudicatis
2329 3102 2639 3157 consistit.“

1487 3175 1721 3229 Senatus
1759 3175 1907 3229 enim
1933 3175 2183 3229 consulta
2220 3175 2332 3228 iam
2368 3177 2490 3228 tum
2525 3173 2641 3244 legi

1488 3247 1643 3300 civili
1698 3247 2056 3300 adnumerari
2110 3251 2307 3316 coepta
2362 3249 2509 3299 sunt.
2569 3273 2639 3286 -

1487 3318 1757 3388 secantur]
1794 3318 1868 3371 cf.
1904 3318 2084 3388 Epist.
2120 3317 2164 3384 1,
2190 3319 2240 3385 7,
2278 3317 2362 3370 59.
2390 3346 2455 3356 —·
2482 3331 2642 3385 spon-

1488 3389 1628 3460 sore]
1668 3389 1736 3443 cf.
1778 3389 1892 3444 Sat.
1929 3389 2002 3452 ΙΙ,
2040 3391 2093 3456 6,
2131 3391 2217 3444 23.
2288 3389 2443 3442 Haec
2479 3387 2643 3443 unice
2758 3409 2767 3420 ·

1488 3478 1625 3515 vera
1684 3460 1852 3516 lectio
1913 3461 2189 3530 probatur
2252 3459 2641 3528 antiquissimo

1491 3532 1715 3602 Bland.;
1754 3533 1903 3602 quod
1940 3533 2000 3586 in
2036 3533 2267 3600 reliquis
2302 3536 2387 3586 est
2424 3547 2527 3599 quo
2561 3546 2641 3584 re·

1490 3619 1767 3674 sponsore,
1814 3604 1874 3658 id
1921 3603 2282 3672 interpretati
2326 3605 2457 3656 sunt
2502 3603 2646 3654 iure-

1489 3678 1756 3744 comulto,
1796 3681 1993 3731 contra
2038 3675 2399 3742 latinitatem,
2446 3675 2510 3726 ut
2544 3671 2641 3725 ob-

1491 3747 1741 3802 servavit
1776 3741 1891 3802 iam
1928 3747 2222 3816 Cruquius.
2260 3745 2418 3798 Inter
2454 3759 2641 3798 recen·

1490 3819 1735 3874 tissimos
1787 3820 2029 3874 editores
2081 3835 2223 3872 unus
2266 3815 2520 3870 Ritterus
2557 3831 2643 3870 re-

1491 3891 1718 3945 vocavit
1791 3891 1990 3945 falsam
2062 3890 2400 3958 scripturam
2414 3928 2427 3955 ,
2502 3904 2645 3955 quae

1493 3979 1663 4030 quam
1700 3963 1865 4017 facile
1900 3963 2153 4031 potuerit
2176 3960 2332 4028 oriri,
2374 3959 2432 4012 in
2456 3975 2643 4027 prom-

1490 4038 1595 4103 ptu
1631 4039 1731 4088 est.
1769 4033 2141 4104 —-tenentur]
2170 4031 2526 4086 Contrarium
2559 4035 2645 4084 est

1490 4121 1660 4160 causa
1719 4105 1925 4161 eadere.
2029 4104 2139 4159 Cic.
2195 4120 2296 4173 pro
2344 4101 2501 4156 Caec.
2559 4101 2644 4160 24,

1491 4178 1586 4230 6⁷:
1626 4175 1984 4243 „Scaevolam
2009 4175 2205 4229 dixisti
2231 4189 2455 4228 causam
2494 4172 2646 4240 apud

1492 4249 1870 4302 centumviros
1908 4265 2021 4300 non
2058 4245 2341 4300 tenuisse!
2417 4245 2489 4298 cf.
2530 4243 2642 4296 Cic.

1492 4319 1563 4374 de
1618 4318 1723 4373 Off.
1780 4318 1852 4380 11,
1908 4320 1996 4386 23,
2051 4319 2137 4372 81.
2194 4315 2644 4386 ,ΙιιῒθῙΙοςθιιᾶιιε

1491 4390 1669 4462 igitur
1710 4395 1795 4445 est
1842 4391 2011 4454 testie,
2065 4390 2163 4459 qui
2210 4406 2398 4443 coram
2434 4385 2643 4441 iudicio

1491 4463 1628 4517 satis
1665 4462 1911 4532 locuples
1944 4465 2029 4516 est
2064 4465 2123 4515 et
2144 4459 2305 4514 fidus.
2343 4459 2487 4513 Nam
2511 4457 2639 4530 Dig.

1490 4533 1673 4601 XXII,
1711 4535 1762 4601 5,
1800 4537 1863 4588 3:
1914 4531 2197 4601 „Testium
2234 4531 2371 4586 fides
2408 4530 2644 4601 diligen-

1491 4611 1583 4660 ter
1632 4604 2003 4662 examinanda
2046 4605 2185 4661 cet.“
2231 4633 2294 4646 --
2342 4605 2646 4660 intr-orm
