3092 5059
532 211 657 278 590

1424 211 2039 280 EPISTULARUM

633 397 861 489 Quod
916 426 1237 478 numero
1292 400 1576 497 plures,
1633 401 1918 476 virtute
1957 411 2033 475 et
2083 399 2378 476 honore
2430 401 2783 496 minores,

630 523 941 600 Indocti
989 526 1407 625 stolidique
1462 540 1541 600 et
1593 505 2044 622 depugnare
2088 526 2364 620 parati,

534 678 605 718 185
633 645 713 722 Si
768 648 1159 726 discordet
1210 677 1469 750 eques,
1524 650 1780 726 media
1828 651 2031 726 inter
2083 653 2428 726 carmina
2475 665 2799 749 poscunt

635 773 796 848 Aut
848 802 1110 851 ursum
1162 791 1296 852 aut
1346 777 1690 874 pugiles:
1761 777 1882 850 his
1931 803 2106 851 nam
2166 775 2574 874 plebecula
2628 775 2906 873 gaudet.

633 900 923 976 Verum
954 903 1233 1001 equitis
1270 928 1582 1002 quoque
1615 903 1772 977 iam
1811 902 2176 999 migravit
2217 903 2314 977 ab
2353 927 2542 977 aure
2576 901 2906 1000 voluptas

632 1022 904 1103 Omnis
954 1026 1056 1101 ad
1100 1029 1434 1102 incertos
1488 1027 1752 1102 oculos
1811 1041 1888 1104 et
1939 1028 2224 1122 gaudia
2277 1053 2496 1102 vana.

632 1149 1013 1242 Quattuor
1064 1165 1197 1228 aut
1244 1151 1507 1249 plures
1559 1153 1833 1229 aulaea
1881 1165 2336 1251 premuntur
2379 1153 2459 1227 in
2512 1151 2768 1248 horas,

531 1314 607 1354 190
628 1276 832 1352 Dum
886 1279 1199 1374 fugiunt
1242 1279 1585 1378 equitum
1633 1292 1934 1354 turmae
1987 1277 2490 1376 peditumque
2543 1291 2909 1368 catervam

631 1405 813 1479 Mox
863 1404 1191 1479 trahitur
1242 1405 1598 1480 manibus
1651 1429 1922 1500 regum
1977 1403 2294 1478 fortuna
2333 1404 2672 1500 retortis,

630 1528 920 1604 Esseda
970 1529 1357 1625 festinant,
1408 1529 1722 1626 pilenta,
1777 1529 2173 1627 petorrita,
2229 1555 2492 1626 naves,

632 1655 1043 1754 Captivum
1092 1667 1444 1748 portatur
1494 1654 1711 1752 ebur,
1769 1654 2071 1752 captiva
2121 1651 2561 1729 Corinthus.

632 1777 717 1854 Si
765 1780 970 1854 foret
1018 1781 1099 1853 in
1154 1779 1398 1873 terris,
1454 1779 1746 1856 rideret
1791 1779 2296 1874 Democritus,
2350 1803 2484 1853 seu

532 1937 606 1978 195
628 1907 1037 1982 Diversum
1092 1906 1415 1980 confusa
1462 1930 1708 2001 genus
1762 1903 2140 2004 panthera
2190 1903 2484 1979 camelo

630 2030 809 2107 Sive
868 2030 1181 2130 elephas
1230 2030 1453 2106 albus
1514 2030 1729 2127 vulgi
1783 2042 2264 2107 converteret
2309 2056 2480 2124 στας

628 2154 1023 2252 Spectaret
1076 2154 1446 2256 populum
1502 2154 1709 2248 ludis
1762 2156 2122 2229 attentius
2173 2156 2362 2251 ipsis

628 2280 737 2357 Ut
780 2282 927 2357 sibi
974 2282 1475 2380 praebentem
1528 2279 1768 2355 nimio
1823 2278 2259 2377 spectacula
2307 2280 2555 2378 plura,

628 2408 1060 2508 Scriptores
1118 2420 1374 2483 autem
1426 2432 1742 2481 narrare
1793 2419 2104 2505 putaret
2152 2405 2394 2482 asello

532 2633 747 2686 Commt
787 2633 954 2702 Cruq.
1005 2661 1067 2672 -
1116 2632 1355 2700 reducit]
1392 2631 1460 2687 cf.
1502 2631 1684 2686 Carm-

528 2704 635 2768 IV,
674 2706 734 2771 2,
774 2707 855 2759 17.
902 2735 974 2744 —
1019 2705 1190 2772 Saepe
1237 2703 1424 2773 etiam]
1478 2704 1684 2774 Magna

528 2793 660 2829 sane
716 2777 947 2831 audacia
1004 2791 1143 2844 opus
1200 2781 1287 2829 est
1338 2781 1556 2844 poetae,
1621 2779 1684 2828 ut

530 2847 749 2901 fabulas
803 2848 862 2902 in
918 2865 1173 2902 scaenam
1220 2847 1446 2902 mittere
1501 2864 1683 2900 suam—

532 2935 642 2986 que
686 2924 867 2974 artem
914 2919 1122 2974 iudicio
1161 2919 1303 2972 levis
1338 2919 1534 2988 populi
1571 2923 1685 2972 tra-

533 2989 666 3044 dere
714 2991 875 3059 velit;
931 2992 1027 3045 sed
1082 2990 1236 3044 aliud
1289 2995 1373 3044 est
1428 2990 1684 3044 obstacu-

532 3061 676 3129 lum,
734 3063 884 3130 quod
944 3063 1180 3117 audaces
1242 3063 1409 3116 etiam
1472 3067 1686 3116 terreat

532 3103 821 3202 arteinque
856 3135 1165 3188 scaenicam
1192 3151 1534 3258 πιαῗῃορετθ
1558 3151 1683 3202 pre·

532 3210 679 3268 mat;
738 3223 867 3260 nam
913 3207 1091 3260 maior
1136 3222 1289 3288 popu
1314 3223 1333 3258 1
1376 3223 1507 3274 pars
1544 3206 1684 3260 alios

533 3275 693 3330 ludos
744 3278 984 3345 quaerit,
1033 3279 1311 3332 scaenicos
1358 3278 1682 3332 contemnit.

535 3377 601 3386 —-
641 3348 910 3402 discordet
942 3350 1120 3419 eques]
1158 3349 1369 3418 equites
1406 3350 1555 3403 enim
1588 3349 1683 3402 do—

534 3420 737 3473 ctiores
784 3437 903 3474 esse
950 3421 1205 3475 solebant
1254 3420 1324 3474 cf.
1362 3419 1477 3474 Sat.
1513 3421 1560 3488 Ι,
1600 3423 1684 3483 10,

535 3495 605 3544 76
642 3508 723 3559 sq.
768 3494 867 3546 ·A.
913 3491 972 3545 P.
1023 3496 1140 3546 113.
1182 3495 1305 3545 248.
1350 3521 1415 3530 -
1468 3493 1683 3560 ursum]

534 3561 606 3616 cf.
654 3563 779 3616 Liv.
818 3563 1017 3630 XLIV,
1059 3567 1137 3618 18.
1189 3593 1255 3602 —
1310 3563 1531 3631 qaudet]
1593 3563 1684 3617 Sic

533 3635 825 3702 antiquiss.
882 3635 1077 3690 Bland.
1135 3652 1263 3689 cum
1320 3635 1501 3688 tribus
1555 3635 1683 3689 aliis

535 3705 781 3774 Oruquii,
842 3707 1073 3775 plurimi
1130 3705 1409 3773 Pottierii,
1464 3705 1681 3760 Monte·

530 3777 735 3845 pessul.
782 3778 991 3848 aliique
1038 3777 1261 3846 Orellii3
1316 3778 1415 3831 alii
1471 3778 1530 3830 in
1588 3779 1681 3831 iis-

534 3865 641 3916 que
667 3855 783 3902 tres
803 3850 1090 3904 Blandinii
1119 3849 1364 3918 plaudet,
1400 3849 1499 3903 alii
1565 3850 1681 3904 lau—

530 3919 627 3973 dit.
648 3949 717 3960 —-
756 3921 975 3991 equitis]
1014 3921 1105 3975 Sic
1140 3938 1329 3975 omnes
1364 3921 1499 3974 libri
1589 3921 1681 3974 SS.

532 3991 753 4046 Bentlei
814 3993 1192 4047 coniecturam
1251 3993 1421 4061 equiti
1478 3993 1680 4062 proba-

531 4069 667 4117 runt
702 4064 941 4118 Meinek.
980 4069 1035 4118 et
1072 4064 1298 4119 Linker.
1340 4091 1402 4102 —
1442 4065 1683 4120 incertos

530 4135 726 4203 oculos]
774 4137 869 4204 qui
907 4153 1032 4190 cum
1070 4136 1303 4190 diversis
1348 4136 1680 4204 splendidis-

531 4224 640 4275 que
692 4207 860 4261 rebus
906 4208 1218 4277 capiantur,
1278 4207 1350 4260 ab
1396 4208 1574 4262 altera
1619 4225 1680 4262 re

530 4278 605 4331 ad
639 4279 877 4334 alteram
914 4284 1107 4334 errant
1151 4279 1213 4332 in
1250 4279 1513 4346 nullaque
1553 4297 1680 4334 con-

530 4350 738 4404 sistunt
804 4351 1071 4419 nullaque
1143 4350 1241 4404 diu
1310 4349 1678 4404 delectantur.

533 4448 601 4457 —
631 4422 979 4492 premuntur]
1018 4422 1235 4476 Aulaea
1270 4427 1401 4476 ante
1426 4439 1680 4490 proscae-

532 4491 687 4542 nium
736 4492 1177 4546 demittebantur
1220 4511 1288 4546 ex
1334 4494 1451 4547 alto
1500 4493 1679 4547 humi—

534 4575 643 4626 que
670 4562 928 4617 iacebant
952 4565 1219 4632 quamdiu
1242 4565 1303 4618 in
1327 4581 1526 4618 scaena
1551 4583 1678 4634 age—

1778 2631 1974 2696 batur;
2008 2628 2173 2684 finita
2208 2629 2404 2684 fabula
2439 2630 2502 2684 in
2539 2631 2722 2687 altum
2753 2630 2906 2686 trahe-

1776 2670 2722 2769 bantu}.A.P.154.Qu01-itur
2761 2705 2906 2774 igitur

1777 2773 2065 2839 Horatius,
2103 2772 2254 2840 quod
2291 2777 2563 2842 quattuor
2599 2777 2796 2846 longas
2833 2773 2903 2826 ho·

1779 2863 1869 2899 ras
1907 2812 2146 2913 popiilus
2183 2845 2374 2913 potuit
2411 2845 2686 2902 delectari
2725 2845 2906 2916 magni·
2992 2899 2993 2902 ,

1776 2915 1896 2970 ficis
1963 2916 2198 2984 pompis,
2259 2916 2552 2984 splendida
2615 2933 2906 2990 pugnarum
2992 2943 2993 2956 π

1777 2990 1838 3040 in
1881 2987 2119 3042 theatris
2175 2987 2510 3058 imitatione,
2565 2991 2904 3056 omnibusque

1777 3060 1848 3113 iis
1889 3059 2054 3112 rebus
2094 3075 2233 3126 quae
2257 3075 2451 3114 veram
2481 3067 2666 3116 artem
2691 3061 2906 3132 perdunt
2992 3119 2993 3134 χ

1777 3132 2074 3198 oculosque
2134 3128 2278 3184 falsa
2341 3132 2722 3188 oblectatione
2789 3133 2905 3186 dele-

1777 3203 1958 3258 niunt.
1987 3231 2053 3240 --
2093 3201 2358 3272 trahit-ur]
2397 3205 2724 3276 triumphus
2745 3206 2904 3274 agitur

1777 3278 1836 3330 in
1861 3291 2076 3330 scaena.
2107 3303 2172 3312 —-
2199 3273 2347 3343 ebur]
2383 3275 2508 3330 Liv.
2537 3276 2817 3339 XXXVII,
2839 3276 2904 3328 59.
2992 3277 2993 3282 ’

1777 3347 1960 3403 Possis
1997 3351 2189 3400 tamen
2223 3345 2392 3400 etiam
2417 3349 2696 3404 eburneas
2721 3353 2902 3404 statuas

1777 3419 2123 3487 intellegere,
2185 3435 2317 3470 nam
2370 3421 2592 3489 captiva
2641 3419 2904 3476 Corinthu-s
2992 3467 2993 3476 ,

1777 3489 2060 3563 significat
2119 3505 2252 3544 vasa
2309 3507 2380 3543 ex
2439 3509 2568 3546 aere
2643 3490 2902 3546 Corinthio

1777 3564 2045 3618 confecta·
2109 3588 2180 3600 -
2243 3560 2610 3632 Democritus]
2671 3563 2798 3618 vide
2849 3559 2904 3614 sd
2992 3581 2993 3636 j

1775 3635 1957 3705 Epist.
1994 3632 2267 3699 Ι,12,12.
2315 3663 2378 3672 -
2411 3635 2713 3704 panthera]
2749 3632 2902 3703 Signi-

1775 3705 1909 3762 ficat
1955 3704 2428 3771 camelopardalin
2465 3705 2744 3774 (Giraffe),
2787 3719 2902 3774 quae

1779 3775 2028 3844 Caesaris
2065 3775 2358 3830 dictatoris
2393 3777 2540 3832 ludis
2579 3777 2902 3834 Circensibus

1776 3849 1988 3904 Romae
2019 3847 2266 3916 primum
2309 3850 2428 3903 visa
2463 3853 2564 3904 est.
2607 3849 2795 3905 Genus
2825 3865 2900 3914 ap-
2992 3869 2993 3910 ς

1775 3921 1982 3991 positio
2041 3923 2143 3972 est.
2217 3917 2362 3974 Plin.
2410 3920 2477 3974 N.
2514 3919 2584 3974 H.
2633 3921 2784 3982 VIII,
2827 3921 2898 3971 18:

1777 3993 2000 4061 „Nabin
2043 3989 2352 4060 Aethiopes
2397 3997 2621 4060 vocant,
2667 3993 2806 4048 eollo
2847 3991 2900 4042 si-

1775 4034 1960 4120 inilem
2023 4078 2184 4130 equ0,
2247 4063 2487 4133 pedibus
2547 4069 2608 4118 et
2673 4063 2897 4120 eruribus

1775 4136 1924 4201 bovi,
1977 4133 2188 4189 camelo
2241 4135 2444 4204 capite,
2496 4137 2638 4192 albis
2697 4133 2896 4190 maeuii.
2992 4181 2993 4188 ,

1775 4179 2008 4262 rutiliim
2041 4206 2282 4260 colorem
2306 4207 2794 4278 distinguentibus,
2817 4221 2894 4256 un·
2992 4227 2993 4236 κ

1775 4279 1845 4334 de
1891 4278 2173 4360 appellata
2219 4279 2696 4348 camelopardalis,
2747 4277 2894 4332 dieta·
2992 4305 2993 4310 κ

1773 4351 1916 4406 toris
1953 4347 2203 4405 Caesaris
2241 4349 2592 4406 Circensibus
2631 4350 2772 4404 ludis
2803 4346 2892 4416 pri-

1773 4441 1928 4478 mum
1963 4423 2084 4476 visa
2104 4419 2370 4476 Romae“
2400 4451 2462 4462 -—
2502 4423 2616 4492 clep
2617 4422 2716 4476 has
2749 4415 2892 4482 albus]
2992 4423 2993 4432 ³

1775 4496 1908 4562 quia
1941 4494 2000 4550 hi
2025 4492 2284 4548 rariores.
2309 4493 2552 4550 —ludia
2571 4493 2736 4565 ips-30]
2753 4505 2888 4558 quam

1773 4566 1923 4634 ipsos
1960 4565 2138 4620 ludos.
2175 4563 2250 4619 cf.
2288 4566 2361 4621 ad
2397 4562 2886 4632 Carm.IV‚14,13.
