3092 5059
443 208 570 273 442

1403 209 1907 278 SATIRARUM

447 430 520 471 wo
542 395 926 471 Nimirum
973 398 1283 476 insanus
1332 400 1597 499 paucis
1647 402 2027 500 videatur,
2083 428 2175 479 eo
2228 403 2441 503 quod

541 521 882 599 Maxima
930 549 1110 629 pars
1159 525 1563 602 hominum
1590 508 1885 603 'morbo
1930 528 2263 606 iactatur
2316 529 2619 606 eodem.

541 646 782 723 Filius
831 660 964 723 aut
1013 649 1242 727 etiam
1296 651 1486 729 haec
1533 650 1859 729 libertus
1900 665 1986 727 ut
2030 654 2295 731 ebibat
2344 654 2598 751 heres,

546 773 680 849 Dis
730 773 1042 849 inimice
1093 799 1352 873 senex,
1395 775 1780 853 custodis?
1880 778 1998 854 Ne
2044 778 2190 854 tibi
2239 778 2489 856 desit?

547 897 1023 989 Quantulum
1075 902 1280 977 enim
1332 926 1677 978 summae
1730 904 2065 979 curtabit
2117 904 2443 1004 quisque
2496 904 2827 1000 dierum,

445 1058 519 1099 ns
542 1022 910 1121 Unguere
958 1024 1026 1101 si
1069 1024 1324 1103 caules
1377 1026 1550 1103 oleo
1602 1025 1926 1103 meliore
1974 1040 2361 1130 caputque

546 1148 916 1248 Coeperis
966 1151 1278 1250 impexa
1329 1150 1654 1229 foedum
1700 1152 2145 1251 porrigine?
2248 1154 2533 1251 Quare,

545 1274 630 1351 Si
680 1274 986 1375 quidvis
1035 1279 1218 1353 satis
1266 1288 1404 1367 est,
1454 1278 1827 1373 periuras,
1882 1279 2227 1375 surripis,
2280 1279 2541 1357 aufers

541 1400 944 1501 Undique?
1046 1378 1218 1479 Tun
1269 1404 1544 1479 sanus?
1647 1403 2033 1501 Populum
2086 1404 2152 1481 si
2203 1404 2529 1481 caedere
2568 1404 2777 1480 saxis

541 1525 882 1626 Incipias
932 1550 1294 1603 servosve
1344 1538 1538 1624 tuos,
1596 1552 1789 1626 quos
1842 1554 2022 1606 aere
2070 1530 2393 1628 pararis,

443 1687 518 1727 ιω
541 1652 908 1728 Insanum
961 1664 1036 1729 te
1089 1678 1358 1729 omnes
1408 1652 1634 1752 pueri
1686 1652 2173 1753 clamentque
2224 1653 2569 1754 puellaez

543 1775 740 1853 Cum
791 1777 1072 1877 laqueo
1122 1803 1445 1855 uxorem
1497 1778 1879 1856 interimis
1928 1794 2411 1879 matremque
2458 1803 2790 1871 venene,

540 1901 920 1980 Incolumi
939 1904 1188 1999 capite
1205 1929 1310 1980 es.
1333 1903 1541 1997 Quid
1554 1904 1761 1981 enim
1775 1904 1812 1980 ‘2
1826 1904 2099 2004 Neque
2108 1918 2195 1980 tu
2212 1905 2361 1981 hoc
2376 1904 2569 1982 facis
2581 1905 2849 2002 Argis,

539 2027 703 2105 Nec
753 2029 969 2105 ferro
1020 2042 1106 2105 ut
1156 2029 1474 2106 demens
1525 2029 2005 2128 geneis-icem
2053 2029 2338 2108 occidis
2391 2028 2729 2109 Orestes.

540 2154 670 2230 An
721 2167 803 2229 tu
850 2155 1040 2231 reris
1095 2180 1270 2231 eum
1325 2156 1574 2232 oecisa
1621 2156 1997 2231 insanisse
2047 2168 2393 2252 parente,

441 2314 514 2355 1³5
538 2279 658 2355 Ac
709 2305 867 2357 non
913 2293 1092 2358 ante
1137 2280 1362 2357 malis
1408 2280 1845 2357 dementem
1892 2293 2149 2356 actum
2205 2280 2480 2378 Furiis,
2534 2305 2769 2380 quam

539 2405 636 2483 In
685 2406 945 2483 matris
997 2404 1267 2505 iugulo
1319 2407 1614 2483 ferrum
1658 2407 2027 2506 tepefecit
2074 2410 2442 2484 acutum?

437 2638 497 2688 et
564 2632 778 2687 scholia
848 2632 1204 2687 scribendum
1281 2649 1398 2687 esse
1462 2632 1595 2687 udis

439 2704 754 2774 Οσιορίπιας
809 2704 898 2758 cui
959 2703 1370 2773 obtemperavit
1415 2702 1590 2759 Lehr-

439 2776 569 2830 sius.
607 2775 848 2830 Meinek.
887 2776 1198 2846 elegantius
1236 2776 1378 2830 coni.
1416 2778 1592 2845 ulvae,

438 2848 588 2917 quod
637 2847 941 2902 Muellerus
986 2848 1216 2918 recepit.
1269 2848 1591 2903 Doederlin.

441 2920 674 2975 Holder.
723 2920 784 2972 in
837 2919 1072 2989 vulgata
1121 2918 1593 2989 conquieverunt3

437 2991 815 3059 Peerlkampii
879 2991 1201 3047 coniectura
1273 2992 1422 3046 ultra
1485 3008 1591 3061 pro

437 3062 579 3117 unde
625 3063 696 3117 ab
731 3062 1058 3117 Ecksteinio
1103 3067 1330 3133 recepta
1379 3068 1482 3119 est.
1522 3093 1589 3103 —

437 3134 760 3204 stramenta]
811 3134 1094 3189 contraria
1137 3139 1269 3189 sunt
1313 3135 1592 3205 straqtdac

436 3207 581 3261 vesti
619 3206 654 3260 i.
676 3224 724 3260 e.
756 3206 1042 3275 tapetibus
1067 3206 1327 3276 pretiosis
1353 3224 1420 3261 ac
1454 3206 1591 3261 mol·

435 3279 600 3333 libus.
658 3307 725 3317 -
780 3283 884 3333 tun
931 3276 1128 3347 sanus]
1178 3276 1298 3345 „Tu
1335 3278 1593 3347 profecto

437 3368 604 3404 sanus
639 3367 754 3404 non
799 3367 883 3417 es;
933 3366 1252 3418 quanquam
1297 3350 1438 3404 bene
1475 3348 1591 3404 scio

438 3422 648 3491 populo
686 3438 779 3475 eos
817 3423 964 3476 80108
1007 3422 1230 3476 insanos
1273 3421 1456 3475 videri
1493 3420 1593 3490 qui

437 3494 599 3555 raris,
629 3510 738 3547 non
765 3492 1096 3564 vulgaribus
1121 3493 1276 3547 vitiis
1303 3493 1589 3560 laborent3

434 3565 613 3619 veluti
647 3566 695 3617 si
733 3564 858 3633 quis
894 3565 1165 3633 populum
1207 3564 1355 3619 saxis
1393 3564 1592 3619 caedat

436 3637 528 3693 vel
600 3654 804 3706 magno
869 3636 1054 3705 pretio
1125 3641 1339 3705 emptos
1399 3653 1592 3690 servos

434 3708 712 3777 vulneret,
767 3726 893 3763 eum
941 3726 1131 3762 omnes
1179 3709 1436 3762 insanum
1492 3708 1591 3761 ha·

435 3779 666 3846 bebunt,
704 3794 897 3834 verum
944 3780 992 3833 si
1030 3780 1156 3848 quis
1205 3797 1440 3835 uxorem
1473 3796 1590 3833 ma-

435 3856 653 3907 tremve
689 3852 890 3919 laqueo
925 3851 1016 3905 vel
1051 3869 1263 3907 veneno
1299 3852 1445 3906 clam
1481 3850 1588 3904 tol-

435 3924 536 3987 lat,
573 3924 620 3977 is
657 3924 920 3992 queniam
944 3922 1006 3976 in
1029 3920 1214 3977 media
1249 3923 1388 3979 urbe
1405 3921 1591 3975 Roma

435 3995 694 4051 veneficis
717 3994 930 4049 referta
953 3995 1189 4064 vulgare
1207 3994 1423 4049 facinus
1443 4010 1589 4047 com-

437 4067 594 4123 misit
663 4084 842 4135 neque
915 4070 1170 4135 apertam
1242 4070 1307 4121 ut
1367 4064 1591 4120 Orestes

435 4140 553 4193 vim
589 4138 761 4193 matri
793 4138 1008 4199 intulit,
1053 4138 1312 4207 plurimis
1361 4137 1591 4191 insanus

433 4228 549 4265 non
573 4209 907 4264 videbitur.“
947 4209 1017 4263 ef.
1039 4208 1218 4278 Epist.
1241 4208 1286 4278 1,
1309 4212 1358 4275 1,
1381 4209 1501 4261 101.
1521 4237 1587 4246 --

429 4282 714 4352 periuras]
751 4281 844 4335 Sic
873 4280 1064 4335 Orelli.
1089 4280 1309 4335 Miiller.
1347 4280 1589 4350 Kriiger.

438 4353 672 4420 Keller.;
705 4353 800 4407 alii
821 4358 886 4407 ut
914 4352 1143 4407 Holder.
1171 4350 1410 4406 Fritsch.
1433 4350 1591 4421 peiu-

436 4440 558 4492 ra83
618 4424 903 4479 Eckstein.
945 4423 1174 4492 peieras.
1245 4424 1318 4477 cf.
1366 4440 1420 4475 v.
1467 4422 1589 4475 164.

440 4495 556 4549 Sat.
588 4495 664 4562 ΙΙ,
699 4498 752 4563 5,
791 4498 872 4549 15.
923 4524 991 4537 --
1041 4510 1276 4549 semaco
1309 4492 1458 4562 tuos]
1498 4492 1591 4547 Sic

439 4566 598 4623 oodd.
624 4567 791 4637 longe
815 4566 1046 4638 plurimi
1069 4571 1128 4621 et
1161 4565 1384 4639 optimi,
1418 4564 1591 4621 etiam

1686 2635 1903 2687 veteres
1940 2630 2231 2686 editiones.
2270 2630 2379 2686 Sed
2448 2632 2497 2685 si
2534 2631 2727 2700 semel,
2760 2631 2847 2685 in-

1686 2702 1811 2773 quit
1866 2702 2172 2771 Bentleius,
2230 2706 2359 2758 tuos
2408 2672 2639 2772 dixeris,
2700 2702 2847 2756 nihil

1686 2775 1893 2831 attinet
1916 2776 2018 2830 illa
2041 2774 2261 2829 adicere
2286 2790 2421 2844 quos
2450 2791 2574 2829 aere
2593 2775 2847 2845 pararis,

1684 2852 1751 2902 ut
1786 2864 1857 2901 ne
1892 2846 2096 2901 addam
2132 2862 2311 2901 servos
2345 2851 2466 2901 tuos
2680 2864 2845 2898 κακο-

1686 2924 1870 2991 φωνίᾳ
1904 2936 2005 2973 sua
2040 2935 2202 2972 aures
2238 2917 2521 2972 offendere
2557 2922 2617 2971 et
2651 2917 2849 2972 vulne-

1683 2992 1863 3045 rare.“
1899 2990 2100 3059 Itaque
2124 2989 2363 3045 coniecit
2386 2988 2688 3059 legendum
2722 3006 2845 3045 esse

1684 3078 1947 3128 servosne,
1977 3068 2069 3115 tuo
2088 3077 2255 3130 quom
2281 3060 2567 3131 ingeniose
2592 3060 2843 3130 quidem,

1684 3134 1783 3189 sed
1836 3132 1995 3187 falsis
2048 3132 2362 3188 rationibus
2416 3136 2621 3187 motus.
2694 3132 2845 3187 Nam

1685 3205 1785 3260 illa
1837 3220 1971 3274 quos
2022 3220 2147 3259 aere
2189 3202 2415 3273 pararis
2462 3220 2689 3259 causam
2742 3203 2841 3259 ha-

1684 3278 1839 3339 bent,
1874 3276 2022 3330 unde
2070 3292 2278 3346 magns
2328 3275 2389 3329 in
2436 3274 2612 3329 servis
2648 3275 2843 3329 vulne-

1684 3348 1875 3403 randis
1933 3347 2153 3401 insania
2214 3347 2605 3417 intellegatur:
2666 3364 2841 3415 quan-

1684 3437 1869 3489 quam,
1894 3418 2097 3487 inquit,
2124 3435 2311 3473 servos
2338 3423 2469 3473 tuos
2504 3436 2710 3488 magno
2734 3418 2845 3473 tibi

1682 3492 1868 3560 pretio
1904 3489 2139 3561 parasti,
2173 3494 2363 3546 tamen
2395 3506 2547 3544 nunc
2576 3489 2843 3544 vulneras

1683 3564 1901 3631 tibique
1924 3563 2045 3632 ipse
2062 3562 2329 3616 damnum
2350 3578 2535 3631 paras.
2574 3560 2662 3615 De
2680 3558 2843 3614 καὲεο-

1684 3640 1869 3707 φωνίᾳ
1892 3636 1991 3688 vix
2018 3633 2317 3687 dicendum
2344 3638 2483 3688 erat.
2522 3632 2840 3687 Bentleium

1683 3708 1860 3761 secuti
1892 3710 2023 3760 sunt
2048 3704 2275 3773 Haupt„
2298 3704 2558 3769 Meinek.,
2590 3704 2843 3773 Linker„

1682 3778 1975 3847 Krueger..
2013 3776 2327 3843 Kirchner.,
2372 3776 2589 3842 Lehrs.,
2628 3775 2841 3830 Keller.

1682 3850 1925 3919 (Epileg.
1962 3849 2023 3901 in
2060 3852 2312 3902 extrema
2347 3848 2606 3918 pagina);
2643 3847 2843 3917 vulga-

1682 3926 1801 3975 tam
1858 3920 2175 3989 probarunt
2221 3918 2561 3979 Doederlin..
2617 3917 2843 3987 Ritter„

1682 3992 1957 4058 Mueller„
1982 3990 2231 4059 Holder.‚
2266 3990 2528 4059 Fritsch.,
2550 3990 2841 4045 Eckstein.

1684 4092 1752 4105 -
1796 4063 1985 4133 pueri]
2031 4062 2162 4117 vide
2206 4062 2280 4117 sd
2318 4062 2433 4117 Sat.
2467 4062 2511 4127 1,
2553 4065 2601 4125 1,
2638 4064 2728 4115 86.
2768 4088 2841 4103 —

1680 4133 2039 4204 clamentque]
2069 4133 2153 4189 De
2177 4135 2523 4203 transposita
2556 4133 2843 4202 particula

1681 4222 1785 4276 quc
1825 4206 1955 4261 vide
1991 4206 2065 4260 ad
2103 4205 2283 4260 Carm.
2324 4205 2391 4269 11,
2431 4206 2481 4273 7,
2518 4208 2620 4273 25;
2656 4222 2841 4259 exem·

1680 4278 1790 4347 plis
1839 4278 1920 4332 ibi
1967 4277 2187 4331 collatis
2236 4276 2381 4333 adde
2428 4282 2656 4345 praeter
2691 4275 2844 4329 hune

1682 4349 1866 4403 locum
1928 4366 2123 4403 versus
2191 4350 2308 4402 157.
2360 4350 2477 4402 180.
2538 4349 2659 4401 182.
2716 4349 2840 4401 242.

1683 4420 1797 4475 Sat.
1834 4421 1907 4489 ΙΙ,
1947 4422 1999 4482 7,
2036 4423 2123 4475 64.
2152 4450 2217 4459 --
2254 4418 2509 4476 incolumi
2540 4419 2724 4489 capite
2758 4418 2839 4489 es]

1684 4510 1753 4547 ex
1808 4493 2071 4561 opinione
2130 4492 2305 4562 vulgi.
2369 4520 2438 4531 -
2500 4490 2639 4547 male
2688 4496 2843 4547 tutae

1682 4564 1897 4635 mentis]
1938 4564 1975 4619 i.
2012 4582 2061 4621 e.
2094 4564 2339 4619 insanus.
