3092 5059
1079 223 1234 289 Lm.
1269 177 1364 287 ¹11.
1409 220 1679 286 nrls‘r.
1722 219 1808 283 11.

2512 217 2637 282 603

341 413 582 488 Multa
635 412 826 506 fem,
879 425 966 487 ut
1013 412 1314 510 placem
1371 435 1613 508 genus
1666 407 2037 483 irritabile
2092 419 2377 502 vatum,

343 537 540 615 Cum
591 539 846 614 scribo
899 549 975 613 et
1027 537 1348 636 supplex
1402 533 1677 635 populi
1732 533 2101 629 suffragia
2150 546 2411 628 capto3

339 661 562 736 Idem
613 662 846 738 finitis
899 660 1170 736 studiis
1225 674 1303 736 et
1349 673 1606 736 mente
1654 670 1961 756 recepta

239 821 317 859 105
348 785 718 862 Obturem
768 785 1072 883 patulas
1115 786 1434 880 impune
1485 782 1917 880 legentibus
1970 807 2213 858 aures.

344 909 722 986 Ridentur
774 909 980 984 mala
1033 910 1163 1008 qui
1217 919 1691 1007 componunt
1738 907 2119 994 osu-mium
2174 932 2433 983 verum

343 1035 708 1112 Gaudent
756 1035 1168 1111 scribentes
1220 1045 1296 1108 et
1345 1059 1427 1109 se
1479 1044 1942 1107 venerantur
1986 1045 2063 1107 et
2110 1031 2337 1126 ultro,

345 1159 424 1236 Si
476 1174 752 1256 taceas,
804 1160 1126 1236 laudant
1175 1157 1545 1258 quicquid
1594 1157 1967 1254 scripsere
2018 1156 2243 1231 beati.

345 1283 452 1359 At
504 1287 637 1386 qui
690 1285 1108 1384 legitimum
1161 1283 1416 1381 cupiet
1461 1283 1739 1358 fecisse
1792 1306 2090 1382 poema,

247 1446 323 1484 110
349 1409 540 1486 Cum
593 1411 873 1486 tabulis
925 1410 1268 1485 animum
1319 1409 1656 1484 censoris
1708 1419 1958 1484 sumet
2007 1406 2347 1502 honesti3

351 1535 711 1633 Audebit,
769 1561 1303 1635 quaecumque
1355 1561 1627 1634 parum
1674 1532 2111 1633 splendoris
2158 1531 2551 1608 habebunt

347 1663 441 1736 Et
491 1661 654 1737 sine
706 1661 1051 1760 pondere
1104 1673 1328 1736 erunt
1377 1673 1454 1735 et
1507 1659 1807 1734 honore
1856 1657 2179 1756 indigna
2228 1655 2595 1751 ferentur,

349 1787 614 1863 Verba
663 1812 978 1863 movere
1029 1787 1226 1883 locO,
1285 1787 1637 1886 quamvis
1688 1785 1931 1860 invita
1980 1781 2349 1859 recedant

347 1913 448 1988 Et
497 1925 894 1989 versentur
945 1913 1198 1989 adhuc
1246 1913 1449 1988 intra
1503 1910 1930 2009 penetralia
1982 1908 2291 2002 Vestae3

253 2036 786 2114 11⁵Obscurata
840 2038 972 2114 diu
1023 2038 1318 2139 populo
1370 2040 1619 2114 bonus
1672 2051 1891 2112 eruet
1938 2047 2169 2132 atque

251 2303 385 2342 sane
421 2290 508 2341 est
555 2286 745 2355 opinio
787 2287 1186 2342 nonnullorum
1232 2287 1404 2340 inter-

248 2363 478 2428 pratum
501 2358 756 2412 vellicari
781 2359 1034 2414 hocloco
1059 2359 1243 2428 ipsum
1272 2357 1404 2412 Pro-

250 2430 520 2500 pertium,
547 2447 712 2498 quem
737 2446 868 2484 sane
889 2431 1098 2485 mirum
1119 2436 1205 2484 est
1228 2447 1408 2499 neque

253 2517 693 2556 commemorare
716 2501 1016 2557 Horatium
1053 2519 1287 2570 usquam
1312 2519 1407 2556 ne-

254 2589 364 2642 que
389 2573 461 2627 ab
479 2571 717 2628 Horatio
749 2575 1191 2630 commemorari.
1209 2603 1272 2614 -
1289 2589 1408 2627 oum

251 2643 452 2713 scribo]
505 2645 771 2713 quamdiu
815 2645 936 2714 ipse
973 2645 1221 2699 carmina
1261 2661 1406 2699 com·

251 2733 418 2786 pono.
472 2743 537 2754 —-
583 2721 754 2771 mente
804 2715 1044 2786 recepta]
1099 2717 1170 2770 ad
1215 2733 1408 2771 sanam

252 2791 501 2842 mentem
539 2804 808 2842 reversus.
849 2817 914 2827 -—
951 2788 1208 2858 obturem]
1247 2789 1407 2843 obtu-

255 2876 384 2926 rare
423 2859 564 2912 mihi
603 2859 811 2914 licebit.
841 2891 904 2899 —
931 2860 1152 2928 impune
1185 2859 1406 2929 leyenti-

253 2917 372 2999 ωε]
253 2929 490 2984 busSic
515 2931 813 3001 coniunge;
849 2931 1005 2985 nulla
1028 2932 1179 2985 enim
1204 2933 1276 2985 ab
1297 2931 1407 2984 Ho-

253 3002 400 3056 ratio
425 3001 495 3055 iis
526 3002 704 3057 instat
734 3020 930 3071 poena,
973 3021 1099 3057 cum
1128 3003 1270 3056 nihil
1295 3005 1408 3057 iam

253 3075 374 3143 ipse
415 3073 754 3128 recitaturus
791 3075 882 3128 sit.
956 3074 1145 3128 Iocose
1182 3075 1288 3129 hoc
1325 3074 1407 3128 di-

253 3150 426 3206 ctum,
469 3147 733 3213 quoniam
760 3147 878 3216 ipse
915 3161 1200 3213 nunquam
1226 3145 1295 3199 iis
1324 3163 1408 3200 re-

255 3217 618 3273 citationibus
665 3218 940 3272 interfuit.
1015 3217 1084 3271 cf.
1142 3217 1322 3287 Epist.
1362 3218 1408 3280 1,

259 3289 345 3356 19,
391 3291 477 3341 39.
559 3289 702 3344 Nam
756 3307 824 3344 ex
867 3307 922 3343 v.
968 3291 1039 3341 67
1085 3291 1278 3357 (vocat,
1322 3288 1412 3343 hic

256 3359 508 3414 auditum
557 3361 792 3430 scripta)
839 3361 982 3415 illud
1027 3365 1248 3415 tantum
1299 3361 1411 3414 col·

255 3431 360 3501 ligi
399 3436 605 3500 potest,
648 3450 811 3502 saepe
847 3437 1106 3487 vocatum
1147 3449 1263 3486 esse
1299 3431 1410 3486 Ho-

257 3503 470 3557 ratium
527 3503 600 3557 ad
652 3505 928 3558 audienda
983 3505 1250 3567 camina,
1299 3521 1412 3558 non

257 3577 444 3643 potest
486 3573 650 3638 effici,
695 3580 760 3628 ut
797 3575 1128 3630 vocantibus
1181 3575 1412 3630 obsecu-

257 3651 381 3699 tum
407 3661 534 3699 eum
571 3663 689 3700 esse
714 3647 1021 3701 credamus.
1058 3646 1124 3700 In
1149 3665 1230 3711 ec,
1261 3647 1412 3714 quod

259 3733 426 3785 saepe
449 3718 774 3785 vocabatur,
812 3719 926 3772 iam
962 3719 1097 3772 satis
1133 3723 1258 3772 erat
1294 3735 1409 3771 mo-

257 3788 565 3913 ffstiargm.
626 3819 691 3828 -—-
749 3790 922 3858 ultro]
981 3790 1108 3844 vide
1168 3788 1240 3842 ad
1297 3787 1412 3843 Sat.

318 3899 334 3926 ‚
377 3863 420 3927 l,
494 3862 544 3914 9.

332 3930 398 3984 V.
448 3932 565 3984 109.
633 3930 952 4001 leyitimum]
1030 3929 1412 4002 „Legitimum

255 4007 347 4058 est
381 4019 583 4071 poema
620 4008 677 4057 et
727 4002 1050 4057 inventione
1095 4007 1154 4056 et
1191 4019 1411 4070 compo·

255 4075 462 4130 sitione
505 4079 564 4128 et
607 4079 728 4129 toto
774 4091 978 4144 genere
1011 4075 1236 4128 dicendi
1274 4075 1412 4127 artis

255 4146 472 4216 regulis
501 4147 986 4200 consentaneum-‘⁴
1025 4145 1282 4200 Orellius.
1309 4145 1409 4198 cfr.

259 4221 331 4273 A.
371 4217 433 4271 P.
477 4219 600 4271 274.
645 4247 717 4256 -
760 4215 1018 4285 censoris]
1067 4217 1408 4286 Scriptorem

259 4289 404 4344 dicit
434 4288 625 4343 eodem
657 4287 862 4350 enimc,
893 4288 1086 4341 eadem
1114 4287 1412 4342 severitate

259 4361 484 4416 tabulas
521 4377 648 4414 suas
700 4375 884 4413 cereas
929 4375 1146 4412 sumere
1190 4358 1412 4426 debere,

259 4449 374 4501 qua
411 4433 694 4499 honestus,
719 4431 926 4499 probus
955 4447 1150 4484 censor
1184 4429 1410 4484 tabulas

259 4503 556 4559 censorias.
593 4501 767 4556 Totus
799 4505 988 4555 autem
1014 4501 1170 4555 locus
1199 4501 1270 4555 ad
1293 4519 1413 4556 cen·

1503 2305 1557 2340 v.
1603 2284 1925 2354 splendoris,
1971 2285 2069 2354 qui
2114 2289 2199 2340 est
2248 2283 2500 2352 equitum
2543 2279 2655 2335 Ro·

1504 2374 1797 2412 manorum
1832 2355 2128 2426 (splendidi
2162 2356 2413 2425 equites),
2450 2353 2653 2422 quibus

1504 2428 1751 2500 indignis
1815 2445 2011 2482 censor
2076 2445 2279 2496 equum
2343 2425 2653 2490 adimebat3

1503 2501 1634 2555 inde
1668 2500 1831 2554 verba
1876 2516 2077 2554 movere
2122 2501 2256 2582 loco,
2290 2515 2425 2552 nam
2460 2512 2655 2551 censor

1502 2577 1813 2627 senatorem
1858 2575 2073 2632 senatu.
2120 2571 2299 2626 civem
2344 2569 2499 2623 tribu
2538 2584 2657 2621 mo-

1503 2661 1637 2698 vere
1681 2645 1887 2713 potuit,
1930 2643 2000 2698 cf.
2048 2643 2161 2697 Sat.
2209 2641 2254 2710 1,
2292 2643 2343 2710 6,
2380 2642 2478 2708 20;
2524 2639 2656 2694 inde

1501 2716 1683 2770 invita
1724 2715 1995 2778 recedant,
2042 2682 2343 2769 obscurata,
2382 2683 2545 2767 ertae’et.
2587 2739 2653 2750 —-

1503 2786 1748 2856 audebit]
1802 2786 1892 2840 Ab
1938 2785 2125 2840 animo
2181 2783 2536 2854 impetrabit,
2590 2785 2655 2836 ut

1501 2859 1685 2928 Epist.
1722 2858 1767 2925 Ι,
1804 2861 1856 2912 2.
1894 2859 1980 2910 40.
2064 2855 2155 2911 Sic
2204 2855 2401 2910 Graeci
2444 2823 2657 2923 101⁹.va

1503 2934 1795 2999 usurpant.
1869 2929 2014 2983 Plat.
2054 2927 2273 2982 Menex.
2319 2944 2375 2997 p.
2426 2927 2549 2978 245.
2598 2925 2653 2978 C.

1505 3031 1571 3042 -
1618 3016 1821 3070 parum
1866 2999 2191 3069 splendoris]
2244 2998 2497 3062 humilia,
2538 3014 2653 3050 sor-

1503 3073 1653 3128 dida.
1700 3099 1768 3112 -
1812 3073 1933 3125 sine
2018 3069 2234 3140 ondere]
2283 3069 2489 3136 inania,
2534 3068 2655 3122 sine

1504 3145 1805 3216 gravitate.
1842 3145 1909 3196 A.
1996 3143 2168 3195 .32().
2218 3171 2290 3182 —-
2334 3142 2533 3196 honore
2568 3139 2653 3194 in-

1503 3217 1700 3286 digna]
1748 3215 2060 3281 inhonesta,
2108 3214 2314 3282 turpia.
2365 3241 2432 3253 —-
2480 3211 2655 3278 feren-

1503 3288 1615 3355 tur]
1640 3287 2056 3353 iudicabuntur,
2081 3289 2146 3339 ut
2174 3285 2385 3355 Vergil.
2404 3287 2543 3337 Aen.
2564 3283 2656 3352 VI,

1506 3361 1628 3412 823.
1665 3357 1966 3412 Horkelius
2004 3357 2315 3426 suspicatus
2354 3359 2438 3410 est
2468 3356 2657 3423 fruen-

1507 3436 1614 3484 tur.
1667 3459 1731 3468 —
1774 3429 2085 3498 penetra-lia
2148 3427 2361 3497 Vestae]
2404 3427 2658 3495 quamvis

1508 3502 1688 3556 invita
1725 3500 2031 3556 recedant'
2014 3518 2051 3554 1.
2086 3516 2133 3553 e.
2167 3499 2421 3568 quamvis
2447 3497 2517 3551 ab
2541 3497 2658 3550 ani-

1507 3590 1599 3626 mo
1645 3573 1740 3626 vix
1794 3572 1972 3642 possit
2020 3571 2343 3640 impetrare,
2391 3573 2457 3622 ut
2514 3585 2658 3636 quae

1507 3643 1793 3712 scripserit
1856 3642 2129 3696 vocabula
2184 3642 2303 3711 ipse
2358 3641 2548 3707 eiciat,
2600 3646 2659 3694 et

1508 3716 1763 3798 quamvis
1798 3716 1860 3768 in
1897 3714 2103 3778 intima
2133 3717 2297 3783 parte
2322 3712 2544 3767 aedium
2568 3711 2658 3765 vel

1507 3787 1841 3870 scriniorum
1856 3786 2071 3848 lateant
2091 3785 2497 3855 necquicquam
2517 3783 2660 3837 alius

1507 3859 1765 3926 iniquum
1800 3858 1911 3912 iam
1948 3858 2152 3911 tulerit
2188 3856 2473 3912 iudicium
2516 3853 2658 3909 Scri-

1506 3935 1639 4001 ptor
1692 3930 1872 4001 igitur
1927 3929 2047 3998 ipse
2103 3945 2330 3982 suorum
2398 3944 2659 3981 versuum

1505 4002 1810 4056 acerrimus
1868 4017 2064 4055 censor
2122 3999 2249 4053 erit.
2345 3998 2415 4052 cf.
2469 4000 2537 4051 A.
2597 3997 2658 4051 P.

1506 4075 1613 4126 445
1640 4089 1760 4142 sqq.
1856 4071 2173 4126 Peneiralia
2229 4071 2453 4124 aedium
2508 4073 2661 4124 recte

1505 4144 1773 4198 dicuntur
1836 4143 2054 4210 Vestae;
2116 4143 2197 4196 ibi
2254 4143 2405 4195 enim
2460 4141 2660 4196 Vestae

1505 4233 1667 4271 sacra
1700 4215 1926 4270 fiebant.
1964 4214 2172 4269 Keller.
2208 4231 2277 4268 ex
2301 4213 2459 4267 codd.
2496 4213 2657 4280 inter,

1505 4305 1619 4342 non
1655 4290 1825 4354 intra,
1872 4291 1929 4341 et
1978 4286 2235 4356 intellegi
2282 4285 2409 4339 vult
2452 4301 2660 4354 penum

1505 4360 1835 4414 interiorem
1872 4357 2069 4428 templi
2106 4357 2327 4424 Vestae,
2364 4373 2475 4426 quo
2516 4355 2657 4410 cela-

1508 4432 1717 4486 bantur
1754 4447 1819 4484 ea
1854 4447 2029 4496 sacra,
2064 4430 2134 4484 ad
2162 4445 2305 4499 quae
2334 4427 2491 4482 adire
2526 4429 2658 4482 solis

1512 4501 1827 4558 Vestalibus
1866 4507 1923 4556 et
1944 4501 2305 4570 pontificibus
2326 4499 2656 4569 permissum

261 4575 406 4630 sori-s
433 4591 631 4630 munus
660 4572 1109 4628 accommodatus
1138 4578 1248 4642 εει,
1285 4573 1416 4628 inde
1512 4579 1651 4630 erat.
1724 4575 1963 4645 Kriiger.
2000 4572 2286 4629 Eckstein.
2322 4571 2545 4628 Muller.
2574 4587 2659 4630 m-
