3092 5059
495 225 619 290 208

1472 223 1933 292 CARMINUM

895 409 1354 510 Quanquam
1407 435 1553 486 nec
1604 408 1982 487 Calabrae
2032 408 2267 486 mella
2320 410 2581 485 ferunt
2632 435 2842 508 apes,

891 531 1055 610 Nec
1104 534 1665 634 Laestrygonia
1712 533 2060 610 Bacchus
2110 535 2193 610 in
2238 534 2614 632 amphora

809 695 859 736 ss
894 657 1358 756 Languesc-it
1407 659 1602 736 mihi
1652 685 1795 736 nec
1841 659 2167 760 pinguia
2218 658 2537 738 Gallicis

1096 784 1467 864 Crescunt
1519 783 1807 858 vellera
1857 784 2179 884 pascuiS‚

891 930 1347 1030 Importuna
1397 947 1654 1011 tamen
1700 935 2111 1032 pauperies
2168 935 2406 1028 abest,

891 1057 1075 1158 Nec,
1122 1059 1188 1134 si
1240 1058 1465 1157 plura
1516 1058 1773 1153 velim,
1830 1070 1913 1134 tu
1968 1057 2154 1135 dare
2204 1047 2566 1156 deneges.

898 1183 1314 1262 Contracto
1370 1182 1641 1259 melius
1690 1207 1931 1281 parva
1985 1183 2349 1281 cupidine

801 1340 854 1380 40
1084 1305 1512 1404 Vectigalia
1561 1305 1981 1407 porrigam,

896 1456 1148 1551 Quam
1207 1456 1270 1532 si
1321 1455 1765 1554 Mygdoniis
1816 1481 2143 1554 regnum
2190 1456 2526 1555 Alyattei

893 1569 1210 1682 Campis
1267 1582 1730 1657 continuem.
1835 1581 2085 1657 Multa
2134 1583 2572 1682 petentibus

887 1705 1180 1784 Desunt
1230 1705 1508 1784 multa:
1564 1709 1756 1785 bene
1808 1722 1924 1784 est
1976 1709 2098 1784 cui
2154 1706 2343 1782 deus
2385 1707 2671 1783 obtulit

1083 1833 1329 1908 Parca
1381 1833 1592 1931 quod
1642 1834 1821 1909 satis
1874 1847 1985 1910 est
2037 1860 2291 1908 manu.

1341 2183 1721 2272 OARMEN
1786 2187 2038 2272 XVII.

901 2349 1073 2425 Aeli
1127 2362 1426 2426 vetusto
1479 2349 1763 2425 nobilis
1816 2353 1915 2427 ab
1960 2352 2225 2450 Lam0‚

493 2575 803 2632 comment.
871 2577 1064 2647 Cruq.:
1129 2577 1213 2647 „is
1275 2578 1497 2634 beatior
1562 2582 1648 2632 est

489 2649 666 2702 multa
675 2649 902 2717 Africae
925 2648 1268 2720 patrimonia
1281 2649 1647 2720 possidente“‚

491 2736 674 2789 neque
708 2720 1151 2792 intellegendum
1187 2724 1273 2776 est
1307 2721 1378 2775 de
1417 2720 1647 2775 Africae

494 2793 936 2861 proconsulibus.

564 2863 630 2918 V.
674 2863 761 2916 83.
819 2863 1108 2937 Calabrae]
1163 2863 1246 2917 De
1299 2863 1647 2932 praestantia

493 2933 715 2990 Calabri
753 2935 935 2989 mellis
971 2935 1100 2988 vide
1139 2934 1320 2989 Carm.
1361 2934 1433 3000 ΙΙ,
1469 2935 1520 3003 6,
1566 2937 1646 2988 14.

495 3035 562 3046 --
585 3006 1017 3132 Laestrygonia]
1043 3006 1406 3061 Adiectivum
1430 3023 1540 3074 quo
1566 3006 1646 3060 vi-

493 3095 630 3132 num
665 3078 812 3148 signi
854 3082 1030 3146 catur,
1067 3077 1140 3133 ad
1173 3095 1288 3143 vas,
1331 3079 1389 3132 in
1414 3094 1527 3146 quo
1564 3079 1648 3131 in-

489 3155 597 3218 est,
645 3149 997 3216 translatum,
1060 3154 1127 3203 ut
1174 3149 1353 3203 Carm.
1399 3149 1442 3214 1,
1497 3150 1550 3217 9,
1597 3147 1649 3203 7.

491 3219 634 3276 Nam
674 3221 1115 3291 intellegendum
1165 3222 1360 3276 vinum
1395 3221 1648 3275 Formia-

491 3307 654 3358 num,
721 3293 872 3362 quod
935 3297 1022 3347 est
1083 3293 1234 3347 inter
1299 3292 1650 3347 nobilissima

491 3363 703 3432 (Oarm.
743 3364 787 3428 Ι,
825 3366 912 3432 20,
966 3366 1078 3432 11);
1134 3365 1344 3419 etenim
1386 3363 1457 3418 ad
1511 3363 1650 3418 For-

487 3436 633 3489 mias
699 3436 832 3489 olim
896 3435 1308 3506 Laestrygones
1367 3434 1651 3490 habitasse

491 3505 839 3574 ferebantur,
879 3508 950 3562 de
996 3508 1198 3576 quibus
1235 3507 1394 3561 Hom.
1433 3506 1520 3561 Od
1578 3505 1649 3574 X,

493 3579 584 3632 82.
637 3577 802 3633 ovid.
839 3579 974 3633 Met.
1013 3579 1160 3648 mv,
1199 3581 1320 3633 233.
1372 3579 1482 3633 Cic.
1522 3548 1644 3632 λιι.

489 3649 566 3712 11,
607 3653 698 3704 13:
759 3650 853 3718 „Si
891 3668 1026 3705 vero
1063 3652 1123 3704 in
1168 3651 1315 3706 hanc
1352 3651 1652 3715 τηλέπυλον

495 3723 717 3775 veneris
757 3727 1215 3791 Λαιστρυγονίην,
1263 3763 1276 3775 .
1329 3759 1344 3773 .
1393 3721 1652 3776 Formias

493 3792 622 3846 dico
663 3793 802 3848 etc.“
863 3823 929 3832 —
993 3791 1249 3862 Gallicis]
1287 3792 1433 3847 Plin.
1475 3792 1542 3846 N.
1579 3791 1651 3846 Η.

495 3862 648 3932 VIII,
674 3866 768 3918 48:
810 3865 1002 3932 „Lana
1035 3869 1224 3920 autem
1265 3863 1651 3919 laudatissima

493 3936 687 4004 Apula
729 3939 788 3990 et
827 3952 972 4005 quae
1019 3937 1079 3990 in
1119 3936 1286 3990 Italia
1323 3935 1520 3990 Graeci
1556 3951 1651 4004 pe-

493 4007 644 4061 coris
683 4008 1017 4076 appellatur,
1055 4007 1193 4062 alibi
1230 4006 1444 4061 Italica.
1514 4003 1648 4060 Ter·

493 4079 642 4132 tium
679 4078 864 4132 locum
911 4079 1164 4134 Milesiae
1209 4096 1340 4132 oves
1377 4077 1651 4132 obtinent.

496 4150 720 4219 Apulae
756 4149 953 4205 breves
991 4150 1125 4205 villo
1161 4165 1264 4204 nec
1300 4149 1408 4203 nisi
1445 4166 1651 4219 paenu-

497 4221 567 4275 lis
605 4221 869 4276 celebres.
932 4222 1092 4278 Circa
1129 4221 1435 4276 Tarentum
1473 4221 1652 4276 Canu·

496 4293 754 4361 sitimque
812 4310 1083 4348 summam
1140 4292 1496 4347 nobilitatem
1557 4292 1651 4346 ha-

500 4363 656 4418 bent.
730 4364 796 4418 In
845 4367 984 4420 Asia
1029 4381 1164 4420 vero
1211 4363 1404 4418 eodem
1450 4379 1654 4434 genere

499 4433 830 4490 Laodiceae.
867 4437 1012 4491 Alba
1031 4434 1484 4504 Circumpadanis
1499 4434 1656 4489 naua

493 4507 858 4574 praefertur.“
917 4537 979 4547 -
1041 4522 1110 4562 eu
1150 4505 1320 4575 edim]
1385 4506 1515 4560 vide
1582 4504 1655 4559 ad

499 4575 682 4632 carm.
720 4577 792 4642 11,
833 4580 916 4646 16,
948 4579 1030 4634 15.
1069 4593 1102 4631 c
1129 4616 1142 4631 .
1172 4575 1322 4632 Stob.
1355 4577 1526 4632 Sex-m.
1556 4577 1648 4630 39:

1744 2572 2091 2648 ,,Ἐπίκουρος
2150 2577 2458 2646 ἐρωτηθεὶς,
2510 2577 2635 2636 πῶς
2698 2571 2775 2631 ἄν
2827 2593 2899 2634 τις

1742 2645 2116 2715 πλουτήσειεν,
2157 2649 2221 2702 οὐ
2268 2655 2379 2707 τοῖς
2414 2639 2533 2702 οὖσι
2561 2653 2898 2716 προστιθείς,

1744 2721 1875 2792 ἔφη,
1916 2723 2009 2787 τῆς
2044 2721 2107 2774 δὲ
2142 2727 2333 2792 χρείας
2366 2718 2433 2772 τὰ
2474 2717 2650 2772 πολλὰ
2688 2723 2895 2790 περιτέ-

1790 2793 1957 2846 νων.“
2012 2821 2079 2832 -
2129 2793 2445 2862 vectiqalia]
2500 2792 2754 2861 primum
2803 2808 2897 2860 pu-

1784 2864 1878 2918 lici
1943 2868 2105 2919 erant
2166 2864 2399 2933 reditus,
2468 2863 2669 2918 deinde
2729 2865 2897 2918 etiam

1744 2935 1986 3004 privati3
2037 2935 2116 2990 sic
2152 2935 2206 2988 h.
2243 2935 2281 2989 1.
2321 2940 2377 2990 et
2412 2933 2530 2989 Sat.
2570 2934 2643 3004 II,
2678 2936 2735 3000 2,
2784 2933 2897 2987 100.

1747 3007 1859 3061 Cic.
1896 3007 1967 3062 de
2004 3007 2098 3061 off.
2136 3007 2210 3075 11,
2248 3009 2335 3060 25.
2366 3035 2429 3046 -—
2452 3005 2770 3076 pon-inam]
2812 3023 2897 3060 ex·

1746 3079 1991 3132 tendam.
2068 3077 2150 3133 Cf.
2198 3077 2387 3133 Senec.
2432 3077 2539 3146 Ep.
2571 3079 2669 3131 89:
2730 3093 2897 3146 „quo-

1746 3167 1921 3218 usque
1972 3147 2109 3204 fines
2154 3148 2559 3219 possessionum
2619 3165 2897 3220 propaga-

1744 3221 1923 3276 bitis?
1976 3238 2267 3291 quousque
2328 3221 2609 3275 arationes
2678 3227 2897 3275 vestras

1743 3293 2117 3364 porriqetiszss‘
2156 3322 2221 3332 —
2262 3291 2598 3362 Myydoniis]
2644 3291 2781 3346 vide
2831 3290 2898 3344 ad

1749 3365 1933 3420 Carm.
1974 3365 2048 3433 11,
2087 3363 2172 3432 12,
2224 3365 2311 3418 22.
2372 3393 2437 3402 -
2494 3363 2771 3434 Alyattei]
2822 3362 2899 3415 De

1746 3437 1853 3492 hac
1928 3435 2137 3490 enetivi
2170 3435 2355 3489 forma
2380 3435 2619 3489 nominis
2644 3433 2899 3504 Alyattes

1748 3507 1819 3563 cf.
1918 3525 2055 3562 arm.
2107 3507 2149 3572 1,
2193 3508 2246 3574 6,
2302 3509 2352 3561 7.
2437 3505 2615 3574 Epod.
2672 3505 2761 3563 16.
2816 3507 2899 3558 60.

1752 3581 1837 3648 17,
1900 3583 1979 3632 14.
2042 3581 2123 3632 16.
2208 3577 2343 3632 Fuit
2396 3582 2583 3632 autem
2638 3576 2899 3646 Alyattes

1748 3651 1938 3705 Croesi
1996 3655 2175 3719 pater.
2234 3679 2300 3688 —
2356 3651 2483 3706 bene
2526 3648 2625 3718 est]
2668 3647 2747 3701 cf.
2786 3647 2897 3701 Sat.

1750 3722 1822 3793 11,
1859 3722 1912 3790 2,
1954 3721 2074 3776 106.
2110 3721 2297 3790 Epist.
2331 3721 2375 3784 Ι,
2419 3724 2466 3785 1,
2502 3721 2590 3773 80.
2646 3719 2897 3789 Alpheus

1747 3794 1807 3847 in
1830 3794 2051 3848 Anthol.
2080 3793 2201 3847 Pal.
2227 3792 2298 3846 11.
2332 3810 2385 3862 p.
2409 3793 2503 3846 39:
2544 3786 2659 3860 „Oh
2684 3796 2896 3860 στέργω

1748 3864 2073 3932 βαθυληῗῦυς
2138 3859 2389 3933 ἀρούρας,
2436 3859 2547 3920 Οὐκ
2598 3855 2770 3930 ὄλβον
2804 3881 2897 3915 πο-

1748 3930 2033 4006 λύχρυσον,
2072 3929 2161 3989 οἷα
2196 3930 2388 4004 Γύγης.
2436 3928 2755 4003 Αυτιὲρκους
2778 3934 2897 4002 ἔρα-

1746 4027 1847 4079 μαι
1889 4013 2025 4075 βίου,
2070 4013 2359 4077 Μακρῖνε’
2402 4004 2480 4060 Τὸ
2521 4005 2759 4078 μηθζὲν
2792 4005 2898 4074 γὰρ

1749 4074 1922 4149 ἄγαν
1956 4073 2103 4149 ἄγαν
2134 4095 2209 4150 με
2244 4079 2483 4148 donst-‘⁴

2074 4193 2358 4248 Carmen
2398 4189 2573 4246 XVII.

1820 4290 2065 4344 Parvum
2128 4289 2237 4344 hoc
2304 4306 2529 4344 carmen
2590 4303 2662 4342 ne
2725 4301 2897 4354 prave

1751 4361 2097 4422 aestimetur,
2124 4361 2585 4417 considerandum
2608 4363 2693 4413 est
2712 4361 2895 4436 totum

1750 4449 1869 4486 esse
1927 4434 2111 4488 iocose
2168 4433 2439 4502 scriptum
2494 4447 2675 4499 neque
2716 4428 2897 4508 vider-1

1752 4503 2051 4560 Horatium
2086 4503 2236 4573 quod
2298 4503 2595 4559 schedulae
2646 4500 2719 4555 ad
2760 4515 2897 4553 ami-

1750 4592 1876 4630 cum
1912 4576 2113 4630 missae
2148 4576 2281 4630 olim
2320 4575 2693 4645 inscripsisset
2727 4571 2891 4625 aliam
