3092 5059
411 238 535 303 368

1355 230 1861 303 SATIRARUH

517 421 750 499 Sutor
795 435 978 519 erat,
1033 421 1336 519 sapiens
1389 421 1647 521 operis
1698 422 1809 496 sic
1856 422 2190 521 optimus
2242 421 2490 495 omnis

511 546 648 623 Est
697 545 958 643 opifex
1011 546 1242 643 solus,
1291 546 1402 621 sic
1446 543 1655 621 rexf‘
1758 544 2077 621 Vellunt
2120 544 2260 620 tibi
2312 546 2636 621 barbam

513 671 821 747 Lascivi
866 672 1131 770 pueri3
1189 696 1379 771 quos
1432 686 1514 746 tu
1562 671 1711 746 nisi
1766 672 1968 747 fuste
2020 696 2346 767 coerces,

414 832 488 873 ιω
509 798 826 896 Urgeris
881 798 1110 872 turba
1161 797 1448 872 circum
1501 810 1579 871 te
1630 810 1879 871 stante
1928 796 2314 896 miserque

516 923 926 1021 Rumperis
971 935 1048 997 et
1093 921 1348 1016 latras,
1405 946 1861 1019 magnorum
1915 922 2245 998 maxime
2298 946 2591 1015 regum.

517 1048 634 1123 Ne
676 1048 998 1144 longum
1051 1048 1374 1122 faciam:
1431 1046 1617 1122 dum
1669 1060 1753 1120 tu
1811 1045 2239 1145 quadrante
2288 1046 2623 1125 lavatum

514 1177 679 1250 Rex
731 1173 876 1247 ibis
930 1197 1180 1272 neque
1231 1186 1308 1248 te
1361 1172 1768 1271 quisquam
1820 1172 2142 1270 stipator
2192 1173 2536 1268 ineptum

519 1299 833 1375 Praeter
883 1298 1322 1391 Crispinum
1375 1298 1819 1391 sectabitur,
1864 1314 1947 1408 et
1991 1297 2180 1373 mihi
2227 1298 2489 1376 dulces

419 1456 494 1497 ιω
515 1424 934 1523 Ignoscent
983 1424 1049 1498 si
1105 1421 1291 1523 quid
1344 1448 1669 1522 peccaro
1724 1423 1995 1499 stultus
2046 1424 2299 1517 amici,

517 1550 764 1647 Inque
818 1548 1061 1624 vicem
1117 1547 1428 1625 illorum
1482 1550 1735 1648 patiar
1789 1548 2070 1625 delicta
2120 1549 2471 1643 libenter,

519 1672 1028 1771 Privatusque
1079 1672 1322 1771 magis
1371 1674 1628 1749 vivam
1679 1686 1755 1750 te
1804 1700 1987 1773 rege
2040 1676 2330 1751 beatus.

1513 1896 1714 1904 ———-

1357 2030 1689 2117 SA'rmA
1749 2032 1881 2119 IV.

519 2195 839 2296 Eupolis
889 2209 1123 2296 atque
1175 2195 1532 2273 Cratinus
1586 2196 2294 2297 Aristophanesque
2346 2210 2619 2298 poetae

522 2322 779 2420 Atque
829 2321 965 2397 alii
1019 2347 1343 2420 quorum
1402 2321 1804 2398 comoedia
1858 2324 2109 2421 prisca
2153 2324 2493 2397 virorum
2549 2335 2683 2418 est,

420 2602 626 2641 nomen
669 2586 941 2655 scriptum
987 2592 1074 2640 est
1109 2586 1376 2655 Altiaia-33
1419 2584 1571 2642 Orel-

422 2658 529 2711 lius
576 2656 836 2723 Alfenius
891 2658 1245 2712 scribendum
1304 2676 1420 2713 esse
1476 2659 1573 2713 do·

423 2730 556 2795 cuit,
595 2729 678 2782 ita
715 2731 780 2782 ut
815 2730 1166 2797 trisyllabum
1205 2732 1310 2799 sit3
1347 2747 1475 2784 nam
1511 2730 1574 2784 P.

423 2799 711 2854 Alfenium
757 2818 862 2855 cos.
911 2800 1040 2855 suff.
1077 2820 1128 2856 a.
1164 2820 1216 2856 u.
1255 2819 1299 2856 c.
1338 2804 1443 2855 755
1490 2819 1575 2856 re·-

421 2872 598 2941 periri
641 2871 702 2925 in
751 2872 1008 2942 Inscript.
1088 2873 1258 2942 Apud
1313 2873 1575 2944 Pighium

425 2946 570 2997 Anu.
609 2942 769 2997 Rom.
817 2945 951 2998 anni
991 2945 1096 2998 ⁷54
1143 2946 1393 2999 consules
1445 2950 1576 2999 sunt

423 3014 484 3068 P.
536 3014 800 3069 Vinucius
855 3014 932 3069 M.
979 3016 1019 3070 f.
1057 3016 1118 3069 P.
1155 3034 1208 3069 n.
1248 3022 1304 3071 et
1339 3016 1399 3070 P.
1440 3016 1575 3083 Alfi·

423 3086 552 3139 nius
597 3086 660 3141 Ρ.
708 3086 748 3141 f.
811 3087 1007 3141 Varus.
1069 3116 1135 3127 -
1191 3087 1375 3159 Sutor]
1433 3088 1575 3141 Ben-

423 3158 590 3212 tleius
643 3174 883 3226 eumque
932 3158 1028 3242 qui
1077 3160 1253 3214 secuti
1292 3164 1431 3243 ’sun-t
1467 3160 1577 3243 ‘alii

425 3230 839 3356 {affixi
879 3237 1577 3373 ‘immmzsszffiffsstffi‘z

423 3372 647 3427 Miiller.
693 3372 739 3425 F
741 3373 950 3441 ritsch„
1007 3391 1075 3429 ne
1129 3375 1442 3444 exemplum
1507 3392 1578 3428 ex

427 3443 623 3499 eodem
640 3442 866 3499 artificii
931 3462 1113 3507 encre.
1139 3446 1236 3500 sed
1262 3464 1329 3501 ex
1356 3445 1579 3500 diverso

421 3520 731 3585 peteretur.
767 3516 904 3570 Kirc
985 3534 1062 3571 er.
1089 3516 1407 3571 Doederlin.
1443 3518 1577 3571 Hol-

427 3588 543 3642 der.
571 3587 854 3642 Eckstein.
881 3588 1118 3661 Kriiger.
1143 3588 1353 3644 Keller.
1383 3588 1579 3659 vulga·

426 3664 546 3713 tam
565 3660 898 3729 scripturam
918 3666 1070 3715 sutor
1093 3665 1244 3715 recte
1263 3664 1582 3715 servarunt.

429 3760 491 3772 -
545 3730 790 3818 barbam]
843 3730 1073 3786 Praeter
1120 3732 1353 3786 barbam
1392 3731 1579 3785 abolla

425 3798 716 3874 (ἀμβόλλα,
756 3797 1035 3871 αναβολή),
1071 3803 1304 3872 pallium
1334 3803 1579 3873 philoso-

425 3874 652 3943 phicum
711 3874 930 3945 insigne
991 3874 1101 3929 fuit
1161 3874 1349 3930 Stoici.
1441 3874 1579 3929 Inde

426 3948 674 4001 iocosum
709 3951 905 3999 votum
941 3944 1056 4000 Sat.
1095 3946 1166 4013 11,
1207 3949 1258 4008 3,
1297 3949 1377 4001 17.
1435 3944 1577 4000 Gell.

428 4017 496 4072 N.
533 4019 600 4070 A.
639 4016 737 4086 IX,
774 4020 836 4071 2:
900 4017 1126 4085 ,‚Video,
1176 4018 1363 4086 inquit
1403 4018 1579 4072 Hero-

427 4088 540 4154 des,
562 4088 797 4143 barbam
823 4092 882 4143 et
901 4089 1158 4159 pallium;
1183 4088 1579 4160 philosophum

427 4160 674 4215 nondum
711 4160 926 4214 video.“
976 4188 1038 4199 -
1094 4161 1365 4230 rumperis
1401 4166 1452 4216 et
1499 4161 1579 4214 la·

427 4231 572 4302 tras]
609 4232 888 4300 rumperis
925 4232 1204 4285 latrando,
1243 4232 1313 4287 cf.
1353 4232 1466 4286 Sat.
1505 4232 1577 4299 11,

432 4304 481 4373 1,
518 4306 606 4357 85.
679 4302 922 4357 Latrant
957 4320 1143 4371 canes3
1183 4304 1357 4359 Stoici
1389 4310 1579 4358 autem

427 4375 746 4443 semicynici
789 4380 965 4430 erant.
1021 4404 1084 4414 —
1143 4374 1467 4444 quadrante]
1512 4375 1579 4427 In

427 4447 668 4517 publicis
725 4446 938 4501 balneis
989 4448 1271 4502 tenuiores
1325 4446 1579 4501 homines

431 4518 744 4589 quadrante
771 4518 1057 4573 lavabant.
1084 4548 1149 4558 ——
1177 4518 1436 4589 stipator]
1466 4518 1578 4573 Cic.

431 4590 502 4645 de
537 4588 630 4643 off.
669 4589 741 4654 11,
765 4592 816 4652 7,
845 4592 929 4645 25.
969 4589 1148 4645 Varro
1185 4591 1250 4644 L.
1284 4591 1348 4645 L.
1385 4590 1580 4659 v11,s,

1666 2589 1733 2641 81
1772 2588 1897 2643 fin.:
1959 2588 2267 2658 „Latrones
2313 2588 2453 2643 dicti
2502 2588 2575 2643 ab
2624 2588 2827 2657 latere,

1668 2660 1765 2728 qui
1808 2661 2017 2715 circum
2064 2662 2243 2717 latera
2278 2667 2441 2716 erant
2482 2661 2623 2732 regi,
2678 2677 2831 2730 quoa

1668 2738 1861 2801 postea
1920 2751 1954 2786 a
2010 2734 2313 2803 stipatione
2374 2734 2671 2802 stipatores
2726 2750 2829 2801 ap-

1667 2803 2005 2872 pellarunt.“
2080 2804 2384 2861 Deridetur
2430 2804 2609 2875 igitur
2662 2805 2831 2875 regia

1668 2874 1991 2945 philosophi
2037 2876 2301 2947 dignitas.
2359 2906 2425 2916 ——
2481 2874 2827 2947 Crispinum]

1668 2946 1794 3001 vide
1842 2948 1917 3001 ad
1966 2947 2085 3003 Sat.
2124 2949 2171 3018 1,
2226 2953 2273 3015 1,
2324 2950 2439 3002 120.
2502 2976 2574 2986 -
2632 2946 2823 3017 inque]

1668 3017 1777 3072 Hic
1814 3035 1957 3073 unus
1991 3019 2219 3074 Horatii
2254 3021 2423 3088 locus,
2461 3020 2521 3073 in
2558 3035 2669 3088 quo

1668 3094 1816 3158 part.
1850 3091 1916 3144 in
1950 3107 2203 3160 praepos.
2242 3092 2525 3146 adhaeret.
2575 3090 2647 3145 cf.
2684 3088 2729 3157 1,
2766 3091 2827 3154 4,

1670 3162 1757 3214 66.
1798 3190 1860 3201 -
1899 3163 2147 3233 peccaro]
2185 3164 2303 3217 Alii
2332 3178 2641 3232 peccavero.
2680 3161 2825 3231 „Ne-

1671 3250 1777 3302 que
1816 3234 1963 3287 enim
2000 3252 2032 3289 ο
2067 3234 2235 3289 finale
2273 3236 2333 3288 in
2378 3235 2568 3289 verbis
2612 3237 2827 3287 temere

1670 3305 1919 3360 invenies
1963 3312 2284 3376 correptum
2328 3306 2479 3375 apud
2527 3304 2693 3359 huius
2731 3322 2822 3359 ae-

1670 3376 1804 3429 tatis
1842 3377 2195 3446 scriptores.“
2247 3378 2545 3433 Bentleius.
2604 3376 2713 3431 Sed
2748 3376 2825 3431 cf.

1670 3448 1785 3503 Sat.
1823 3448 1869 3513 1,
1898 3450 1951 3516 4,
1982 3452 2101 3503 104.
2142 3450 2182 3515 1,
2221 3454 2271 3513 6,
2314 3451 2431 3503 119.
2470 3448 2514 3517 1,
2551 3450 2603 3509 9,
2640 3451 2690 3503 2.
2736 3451 2819 3501 ιτ.

1675 3548 1738 3557 -
1778 3521 2002 3589 stultus]
2038 3538 2151 3576 non
2176 3520 2414 3593 sapiens,
2451 3537 2565 3575 non
2584 3519 2823 3575 Stoicus.

2059 3632 2097 3688 S
2114 3634 2300 3688 atira
2336 3634 2431 3688 IV.

1742 3729 1895 3784 Haec
1930 3746 2153 3799 quoque
2198 3730 2374 3784 satira
2420 3728 2631 3798 scripta
2667 3732 2753 3783 est
2788 3746 2823 3783 a

1670 3806 1855 3870 poeta,
1902 3808 1968 3854 ut
2004 3819 2062 3855 se
2111 3802 2423 3870 satirasque
2458 3818 2585 3855 suas
2630 3800 2703 3855 ab
2738 3800 2825 3855 in-

1672 3874 1819 3926 iusto
1890 3872 2099 3927 iudicio
2169 3874 2497 3928 vindicaret.
2604 3872 2822 3943 Duplex

1670 3948 1857 3998 autem
1894 3944 2005 3998 fuit
2028 3945 2368 4012 criminatio,
2408 3962 2577 4013 quam
2614 3944 2674 3997 in
2708 3944 2823 3998 edi-

1670 4022 1758 4069 tas
1817 4019 1955 4069 tunc
2011 4016 2211 4071 satiras
2280 4014 2590 4071 adversarii
2648 4016 2821 4071 coice·

1670 4090 1813 4141 rent.
1887 4091 1971 4143 Ac
2006 4088 2247 4157 primum
2275 4088 2500 4157 quidem
2538 4087 2823 4157 negabant

1671 4165 1898 4228 poetam
1946 4176 2064 4213 esse
2100 4158 2416 4224 Horatium,
2464 4160 2674 4229 quippe
2726 4159 2821 4227 qui

1670 4230 1813 4285 nihil
1847 4231 1960 4285 nisi
1997 4247 2203 4301 paucos
2240 4248 2431 4285 versus
2471 4230 2825 4301 conscripsis-

1672 4306 1774 4369 set,
1811 4302 2013 4357 deinde
2044 4303 2351 4373 malignum
2388 4320 2507 4357 esse
2544 4302 2823 4357 hominem

1673 4375 1768 4443 qui
1820 4390 1891 4429 ne
1945 4374 2136 4428 amicis
2195 4375 2439 4443 quidem,
2494 4374 2709 4429 scilicet
2762 4378 2827 4426 ut

1672 4446 1848 4499 risum
1884 4445 1992 4499 sibi
2018 4449 2324 4514 excuteret,
2359 4452 2633 4517 parceret.
2674 4446 2825 4513 Quae

1672 4521 1737 4571 ut
1796 4516 2079 4572 refelleret
2134 4518 2422 4573 incohavit
2468 4518 2700 4572 satiram
2752 4517 2823 4571 ab

1673 4589 1891 4659 origine
1916 4590 2137 4660 generis
2158 4591 2373 4644 satirici
2394 4594 2451 4643 et
2473 4595 2701 4645 auctore
2722 4606 2824 4645 suo
