3092 5059
998 238 1161 307 LIB.
1210 238 1258 307 L
1305 236 1555 307 GARM.
1600 236 1849 308 XXXI.
2546 236 2629 307 97

637 425 932 503 Vates?
981 428 1174 527 quid
1228 389 1397 505 orat
1448 428 1546 504 de
1594 442 1866 527 patera
1916 456 2199 504 novum

731 549 1096 627 Fundens
1147 550 1587 652 liquorem?
1690 552 1865 629 Non
1920 552 2229 652 opimae

837 675 1242 753 Sardiniae
1293 691 1591 777 segetes
1646 677 1964 775 feraces,

581 856 606 897 s
639 824 812 900 Non
863 838 1255 903 aestuosae
1303 839 1524 925 grata
1580 825 1985 904 Calabriae

639 950 1038 1047 Armenta,
1093 976 1248 1026 non
1301 976 1575 1027 aurum
1627 965 1761 1026 aut
1816 952 2007 1027 ebur
2056 950 2429 1049 Indicum,

631 1089 636 1093 '
735 1074 908 1149 Non
961 1101 1141 1151 rura
1193 1100 1392 1175 quae
1442 1074 1647 1151 Liris
1701 1076 1961 1175 quieta

833 1198 1144 1275 Mordet
1192 1224 1396 1298 aqua
1445 1200 1869 1276 taciturnus
1920 1200 2186 1276 amnis.

632 1349 996 1426 Premant
1047 1346 1337 1425 Calena
1389 1349 1593 1426 falce
1644 1351 1921 1449 quibus
1975 1349 2193 1427 dedit

249 1582 358 1631 tum
373 1580 542 1633 terris
567 1580 906 1645 restitueret,
941 1596 1055 1633 non
1079 1580 1382 1649 placandos

249 1650 413 1704 solum
468 1651 686 1705 animos
743 1669 859 1705 esse
914 1651 1078 1717 vidit,
1127 1652 1226 1705 sed
1271 1669 1380 1721 quo

249 1722 438 1776 certius
491 1722 752 1777 licentiae
797 1728 854 1777 et
897 1723 1122 1778 libidini
1158 1723 1384 1779 obviam

248 1792 428 1861 iretur,
465 1794 800 1849 imbuendos
837 1795 1010 1849 etiam
1044 1796 1232 1864 prisca
1265 1796 1381 1865 pie-

247 1868 353 1919 tate
373 1870 428 1919 et
445 1866 656 1921 timore
675 1865 927 1921 deorum.
957 1866 1154 1935 Itaque
1170 1867 1384 1936 templa

175 1970 184 1981 -
248 1937 575 2006 antiquitate
610 1942 668 1992 et
701 1938 973 1993 incendiis
1015 1938 1262 2007 collapsa
1296 1956 1381 1993 re-

247 2010 462 2063 novavit
499 2012 560 2063 et
595 2026 742 2063 nova
765 2009 1062 2063 exstruxit.
1101 2009 1170 2065 cf.
1202 2008 1384 2064 Carm.

247 2077 284 2147 1,
317 2082 400 2134 21.
472 2080 598 2135 Iam
637 2098 762 2136 cum
794 2080 1074 2151 Apollinis
1112 2082 1384 2151 templum

247 2150 298 2203 ιιι
317 2150 534 2206 Palatio
561 2170 610 2205 a.
639 2154 745 2206 726
766 2152 1136 2221 dedicaretur,
1159 2157 1385 2221 praeter

245 2223 456 2291 publiea
500 2229 641 2279 vota
687 2224 866 2277 multa
910 2242 944 2277 a
979 2222 1173 2277 multis
1215 2224 1384 2277 etiam

243 2296 468 2361 privatis
505 2295 808 2349 immodice
852 2300 909 2349 et
945 2295 1384 2364 intemperanter

247 2362 383 2421 dicta
417 2366 702 2421 videntur.
746 2365 930 2433 Quare
955 2366 1220 2421 Horatius
1247 2384 1381 2436 quo·

246 2452 340 2505 que
358 2438 428 2492 ad
451 2438 783 2521 Apollinem
805 2438 963 2507 quasi
991 2438 1254 2493 accedam
1277 2438 1384 2493 hoc

245 2510 476 2564 carmine
502 2508 684 2579 quid
668 2527 786 2578 ipse
820 2529 852 2563 a
876 2510 979 2564 deo
1001 2514 1162 2580 petat
1186 2510 1269 2563 ita
1293 2528 1381 2565 ex·

243 2582 408 2649 ponit,
461 2586 530 2635 ut
593 2581 664 2635 de
707 2588 938 2635 summis
981 2581 1146 2635 bonis
1205 2581 1384 2649 deque

243 2652 303 2705 iis
344 2670 486 2723 quae
540 2652 662 2707 sola
709 2657 860 2707 recte
907 2653 1020 2706 sint
1074 2652 1385 2721 expetenda

244 2723 366 2791 quid
411 2724 627 2780 sentiat
673 2723 882 2779 diserte
937 2730 994 2780 et
1049 2724 1382 2793 simpliciter

243 2795 396 2850 simul
465 2794 822 2867 profiteatur.
907 2794 1136 2850 Summa
1207 2796 1384 2866 igitur

243 2869 492 2923 carminis
557 2868 836 2922 sententia
888 2866 1026 2922 haec
1071 2870 1184 2921 est.
1257 2866 1383 2921 Non

244 2937 296 2991 in
335 2940 556 3011 magnis
571 2939 818 3064 bdivitiis
868 2938 1259 3065 qggerendum
1266 2944 1384 3064 tegg

243 3026 508 3066 summum
611 3029 812 3079 onum,
870 3028 895 3063 s
1029 3028 1091 3064 ιιι
1143 3028 1264 3065 sam
1293 3028 1326 3065 a

243 3084 480 3152 corporis
535 3088 596 3137 et
646 3082 836 3149 animi,
891 3099 1002 3151 qua
1037 3100 1148 3136 non
1185 3099 1380 3137 eoncu-

242 3152 1383 3293 ffi0111¹1¹2¹¹⁸133¹²3212⁸⁹i¹0fss'fflmossfflffi

243 3300 333 3363 est,
383 3302 448 3350 ut
504 3296 586 3350 sit
639 3314 794 3351 mens
849 3314 984 3351 sana
1041 3297 1100 3350 in
1150 3314 1382 3367 corpore

243 3382 382 3423 sano.
384 3368 418 3396 “
493 3366 748 3438 Theogn.
801 3368 902 3421 129
957 3384 1040 3435 sq.
1094 3367 1382 3451 (Welck.):

241 3435 380 3525 ,3052
428 3440 638 3510 ἔραμαι
683 3441 937 3493 πλουτεῖν
970 3436 1087 3492 οὐδ’
1131 3456 1383 3525 ευχομαι,

242 3506 365 3563 allo}
399 3532 504 3583 μοι
555 3516 639 3577 εἴη
681 3513 812 3594 Ζῇν
844 3506 958 3563 ἀπὸ
1008 3512 1117 3565 τῶν
1159 3506 1380 3580 ὀλίγων,

239 3582 412 3653 μηδὲν
449 3583 520 3653 ἓχ
521 3599 635 3636 one
675 3576 882 3635 κιιιιεόν.ι

305 3653 371 3708 V.
399 3658 447 3708 1.
469 3604 781 3710 dedicatum
806 3652 1118 3723 Apollinem
1181 3652 1384 3708 Latine

242 3741 346 3779 non
380 3726 570 3780 solum
616 3724 828 3781 dicitur
875 3724 1056 3779 aedem
1131 3740 1192 3781 eo
1237 3724 1384 3780 dodi-

241 3812 372 3866 ωτι,
416 3796 518 3852 sed
569 3796 739 3851 etiam
781 3796 938 3853 deum
973 3794 1102 3851 aede
1136 3794 1384 3851 deficare

243 3868 325 3921 vel
367 3868 629 3923 absolute
680 3868 838 3925 deum
884 3866 1150 3923 dedicare.
1222 3864 1382 3950 Ovid.

242 3936 386 3993 Fast.
421 3939 524 4003 VI,
565 3940 696 3993 637:
743 3936 858 4009 „Te
905 3956 1124 4008 quoque
1171 3938 1386 4039 magni·

243 4008 356 4073 fioe.
395 4010 730 4080 Concordia,
743 3979 975 4066 dedicat
1009 4008 1144 4065 aede
1167 4008 1386 4065 Livia.“

242 4080 359 4137 Liv.
393 4081 462 4149 V,
490 4084 580 4137 52.
617 4112 689 4121 -
725 4098 916 4137 novum
948 4081 1234 4153 liquorem]
1277 4082 1384 4136 No-

243 4170 368 4208 vum
389 4155 588 4209 vinum
607 4154 863 4209 solebant
885 4157 1102 4209 veteres
1121 4152 1388 4208 adhibere

243 4225 298 4277 in
329 4225 718 4281 libationibus.
767 4224 838 4280 cf.
877 4224 1057 4279 Carm.
1092 4225 1137 4293 Ι,
1180 4226 1262 4291 19,
1302 4225 1386 4278 15.

243 4294 419 4365 Epod.
475 4298 666 4365 2,.47
715 4296 896 4351 Οιιιιιι.
947 4296 1384 4364 111,2,.33—

241 4374 434 4438 aequm
477 4368 706 4439 feraces]
761 4367 1052 4439 Significat
1093 4384 1240 4437 seyes
1276 4373 1387 4423 ter-

242 4455 359 4493 ram
384 4440 670 4512 segetibus
697 4440 1030 4509 accipiendis
1052 4440 1390 4495 destinatam

242 4516 298 4565 et
332 4516 546 4581 aptam,
581 4517 648 4565 ut
682 4510 860 4582 Epist
896 4511 1042 4580 11,2,
1070 4513 1187 4564 161.
1221 4510 1388 4582 Verg.

243 4582 674 4654 Georg.1,47.
733 4529 874 4638 PCic.
932 4582 1002 4637 de
1048 4588 1252 4637 senect.
1307 4585 1388 4636 15.

337 4702 564 4746 norsum
597 4704 674 4749 ecl.
707 4702 1040 4755 Dsslmburgsr
1069 4702 1143 4745 ed.
1171 4702 1272 4743 vn.

1484 1580 1669 1649 Quare
1703 1582 1847 1636 nihil
1893 1587 1979 1637 est
2027 1600 2126 1637 cur
2166 1583 2507 1651 optimorum
2545 1600 2633 1638 co·

1485 1653 1671 1707 dicum
1714 1654 2051 1709 auctoritate
2074 1656 2331 1725 neglecta
2354 1672 2480 1711 oum
2508 1655 2633 1709 aliis

1484 1725 1816 1779 scribamus.
1846 1726 2153 1796 opimas—
2185 1726 2494 1793 feracis„-
2428 1727 2635 1795 —opi-

1485 1812 1604 1851 mae
1636 1795 1952 1866 Sardiniae]
1986 1796 2525 1865 cf.0arm.1,⁷‚11.
2561 1796 2637 1865 11,

1491 1869 1575 1934 12,
1596 1870 1682 1920 22.
1705 1868 1786 1922 De
1802 1868 2147 1923 Sardiniacf.
2162 1868 2287 1922 Liv.
2309 1838 2517 1937 XXIX,
2540 1871 2633 1925 36:

1487 1938 1623 2007 ,‚Cn.
1663 1938 1927 1993 Octavius
1962 1944 2297 2021 propraetor
2335 1958 2401 1995 ex
2444 1939 2635 1995 Sardi-

1484 2010 1583 2065 nia
1609 2012 1896 2081 ingentem
1921 2010 2037 2065 vim
2064 2010 2335 2065 frumenti
2355 2011 2597 2067 advexit.
2601 2012 2634 2041 “

1485 2080 1669 2137 Valer.
1689 2081 1838 2137 Max.
1866 2080 1989 2151 VII,
2006 2084 2133 2150 6,1:
2163 2082 2559 2153 „Siciliamque
2579 2087 2637 2139 et

1486 2151 1822 2216 Sardiniam,
1864 2122 2291 2225 benignissimas
2336 2155 2492 2209 urbis
2541 2171 2636 2209 no·

1485 2230 1635 2279 strae
1671 2224 1936 2288 nutrices,
1974 2225 2243 2281 dimisit.“
2282 2224 2467 2281 Strab.
2491 2226 2559 2295 V,
2581 2227 2635 2294 2,

1485 2297 1544 2351 7:
1600 2290 1779 2381 ,,”Εστι
1837 2297 1901 2349 δὲ
1956 2292 2118 2363 αὐτῆς
2168 2294 2229 2350 τὸ
2278 2294 2419 2351 πολὺ
2456 2302 2637 2421 ίςιέρος

1483 2336 1655 2451 τραχὺ
1690 2372 1782 2421 καὶ
1814 2388 1913 2421 ουκ
1951 2372 2241 2438 εἰρηναῖον,
2278 2365 2419 2423 πολὺ
2494 2368 2637 2422 ἐκαὶ

1477 2434 1676 2564 ’3ῗίἱῖ
1700 2436 2157 2593 ‘55:522‘22‘52553
2183 2440 2636 2567 wffi‘i'aff‘a‘ss

1482 2581 1616 2636 bell.
1655 2582 1873 2637 Gildon.
1912 2585 2044 2637 508:
2088 2582 2392 2652 „Sardoam
2415 2589 2633 2683 veteres⁴

1484 2653 1677 2707 dixere
1712 2655 1919 2723 coloni3
1966 2654 2136 2710 Dives
2249 2672 2309 2709 er
2345 2655 2633 2725 frugumfl

1486 2754 1552 2765 —
1582 2724 1867 2780 Calabriae
1888 2725 2157 2796 armenta]
2185 2744 2216 2783 o
2242 2768 2255 2781 .
2280 2726 2460 2781 Carm.
2486 2726 2557 2789 11,
2582 2730 2633 2795 6,

1488 2796 1569 2850 10.
1594 2795 1777 2865 Epod.
1808 2800 1857 2865 1,
1878 2799 1966 2851 27.
2007 2798 2191 2853 Grata
2224 2804 2355 2852 sunt
2382 2804 2636 2853 armenta

1482 2872 1715 2937 propter
1761 2869 2003 2937 speeiem
2058 2875 2115 2923 et
2172 2870 2431 2924 nitorem.
2510 2870 2637 2924 Non

1485 2957 1557 3009 op
1560 2957 1623 2993 us
1643 2944 1727 2993 est
1748 2938 2082 2995 coniecturis
2104 2940 2376 2996 Peerlkam
2423 2941 2635 3003 .Graia,

1484 3010 1717 3065 Meinek.
1738 3010 1872 3081 lata,
1895 3010 2097 3067 Scheib-
2124 3017 2182 3067 et
2214 3010 2363 3067 Urlic
2400 3029 2442 3067 s.
2467 3017 2632 3081 prata

1485 3081 1775 3137 Calabriae
1801 3087 1916 3151 aut,
1948 3083 2205 3137 Paldam.
2222 3084 2388 3137 laeta.
2427 3083 2639 3139 Gratus

1485 3171 1604 3210 voc.
1665 3154 1917 3210 absolute
1967 3155 2215 3224 positum
2262 3159 2326 3209 ut
2375 3155 2556 3209 Carm-
2592 3154 2636 3215 1,

1483 3227 1649 3294 35,1.
1688 3225 1787 3293 111,
1827 3229 1913 3290 11,
1954 3228 2039 3280 23.
2067 3225 2383 3295 —mordetJ
2420 3226 2633 3295 Exqui-

1484 3298 1595 3352 sita
1627 3298 1997 3351 translatione
2034 3294 2270 3350 flumina
2304 3298 2456 3367 ripas
2493 3313 2634 3351 mor-

1485 3368 1627 3437 dere,
1647 3367 1889 3437 lambere,
1908 3367 2112 3433 rodere,
2130 3368 2413 3438 stringere,
2444 3370 2637 3430 lavere,

1485 3444 1653 3495 terere
1691 3439 1972 3507 dicuntur,
1992 3440 2255 3509 quoniam
2295 3440 2453 3509 aquis
2478 3458 2636 3509 prae·

1484 3510 1893 3567 terlabentibus
1930 3516 2117 3566 terrae
2165 3510 2377 3579 aliquid
2415 3528 2634 3581 semper

1485 3582 1747 3637 demitur.
1776 3581 1843 3637 cf.
1872 3582 2051 3637 Carm.
2090 3582 2133 3648 Ι,
2161 3584 2251 3650 22,
2280 3585 2333 3637 8.
2364 3582 2437 3651 11,
2467 3586 2518 3651 3,
2555 3582 2638 3637 18.

1484 3654 1653 3723 Verg.
1689 3657 1829 3707 Aen.
1868 3652 2021 3723 VIII,
2071 3656 2160 3707 63.
2210 3682 2276 3692 —-
2324 3622 2639 3709 taciturnus

1483 3741 1664 3861 ί11ιῖιῖιῖ8
1664 3724 1686 3795 ]
1712 3724 2044 3866 ςδιιιίυὲοξξέι
2054 3724 2642 3865 guligtolvbilsffimulliil

1487 3885 1711 3923 cursum
1770 3885 1833 3922 ac
1897 3867 2052 3922 nullo
2120 3867 2409 3922 mutabilis
2468 3868 2643 3923 imbri

1485 3938 1829 4009 Perstringit
1887 3939 2087 3994 tacitas
2144 3940 2455 4009 gemmanti
2506 3957 2640 4011 gur-

1485 4010 1606 4081 gite
1654 4010 1822 4079 ripas.
1827 4010 1860 4039 “
1936 4010 2024 4065 Ibi
2070 4015 2193 4066 erat
2245 4028 2378 4082 ager
2420 4010 2639 4065 Sinues-

1485 4098 1651 4135 sanus
1706 4088 1762 4137 et
1798 4080 2086 4151 Falernus,
2130 4081 2211 4137 ibi
2256 4084 2429 4137 etiam
2476 4099 2637 4137 mons

1488 4152 1773 4221 Massicus,
1811 4152 2069 4209 vinorum
2100 4152 2305 4207 fertilis
2342 4154 2517 4225 regio.

1560 4224 1626 4278 V.
1665 4226 1715 4279 9.
1794 4224 2053 4280 Fremant
2106 4224 2291 4295 vitem]
2339 4224 2641 4281 commatis

1487 4296 2001 4365 interpungendum
2076 4297 2136 4350 ιιι
2194 4296 2300 4351 hac
2360 4298 2643 4353 sententia

1487 4385 1603 4422 non
1672 4372 1785 4433 est3
1853 4368 2200 4423 accusativus
2268 4368 2417 4424 enim
2482 4369 2643 4423 vitem

1489 4456 1601 4493 non
1630 4406 1809 4509 magis
1836 4444 2092 4507 premant
2121 4438 2357 4494 verbum
2388 4441 2643 4509 sequitur

1490 4527 1657 4579 qnam
1698 4509 1861 4565 aaut.
1908 4510 1999 4566 Sic
2038 4528 2163 4565 cum
2201 4511 2513 4565 scriberent
2546 4530 2638 4567 ve·-

1491 4586 1664 4649 teres,
1720 4581 1853 4635 exili
1908 4585 1968 4636 et
2025 4582 2261 4636 molesto
2312 4584 2642 4652 pronomine

2214 4680 2247 4735 7
