3092 5059
1185 224 1458 291 LIBER.
1533 224 1785 290 CARM.
1826 226 1877 290 I.
2604 224 2725 289 291

1129 432 1455 499 Exclu-sus
1499 432 1583 499 de
1626 432 1952 500 Liburnis

531 566 773 636 Appian.
801 565 871 621 de
897 566 1013 619 reb.
1039 566 1190 635 Illyr.
1229 584 1276 621 c.
1314 568 1371 620 8:
1415 570 1561 635 ,,Καὶ
1596 572 1836 622 ναυτικοὶ
1869 566 1982 655 μὲν
2016 568 2110 622 ἐπὶ
2143 574 2258 627 τοῖς
2284 564 2577 655 ’Λρδιαίοις
2616 567 2733 653 ἐγέ-

332 654 492 690 νοντο
540 642 832 725 ..dessvpvol,¹
870 642 1034 706 γένος
1081 637 1266 708 ἕτερον
1307 608 1605 727 Ἰλλυριῶν,
1640 641 1694 691 οἳ
1735 636 1835 695 τὸν
1878 634 2085 696 ’Ῑώνιον
2128 643 2220 693 καὶ
2254 638 2349 699 τὰς
2384 634 2583 706 νήσους
2620 634 2735 711 ἐλῄ-

337 722 530 763 στευον
563 713 758 763 ναυσὶν
794 678 1006 769 ωκείαις
1043 726 1098 763 τε
1137 712 1229 763 καὶ
1264 703 1524 783 κούφαις·
1575 704 1713 765 ὅθεν
1760 711 1833 764 ἔτι
1874 711 1972 765 νῦν
2007 710 2258 781 Ῥωμαῖοι
2303 708 2367 764 τὰ
2414 712 2596 784 κοῦφα
2646 714 2739 763 καὶ

334 776 461 840 ὀξέα
498 780 722 869 δίκροτα
759 780 1178 851 Λιβυρνίδας
1211 775 1723 867 προςαγορεῦουσιν.
1732 780 1758 810 “
1815 782 1970 837 Idem
2006 782 2149 837 Bell.
2187 783 2291 838 civ.
2329 783 2403 851 II,
2442 784 2535 837 39:
2599 780 2741 853 ,,ἕτε·

335 868 436 921 ρον
467 855 632 922 γένος
663 848 933 921 Ἰλλυριῶν
966 848 1288 921 Λιβυρνους,
1329 856 1384 905 οἳ
1422 854 1490 906 τὰ
1535 859 1789 921 περίοικα
1824 858 1983 921 νηυσὶ
1992 859 2248 941 ταχείας
2284 852 2586 939 ἐληΐζοντο·
2599 822 2739 906 ”ml

333 928 396 977 A
409 944 429 974 ι
444 928 670 1007 ρυρνί
685 924 827 983 δας
876 924 1133 1009 ἐνζεῦθεν
1130 923 1456 1049 αὴὶιιῦνται.
1477 925 1733 994 Ῥωμαῖοι
1780 924 1874 985 τὰς
1916 926 2044 985 ναῦς
2084 924 2179 985 τὰς
2220 932 2455 995 ταχείας,
2508 911 2586 979 ὧν
2632 918 2736 995 ἄρα

335 1012 580 1122 ἧῖῗέἓζ
607 996 898 1122 {23:323}
929 987 1158 1123 {3352
1207 996 1881 1123 ..ἱῖᾏωωὲξέῗῗιὶἐὲἓε
1918 996 2187 1138 ἓὲῖἷέῗὲω
2198 996 2636 1138 Ρὲἒέῗῗῗῖαῗᾷῗ
2673 1014 2739 1123 Ξῖ

335 1136 634 1208 Pompeius
691 1144 890 1194 contra
927 1139 1218 1194 Caesarem
1269 1139 1359 1209 (cf.
1399 1140 1552 1195 Caes.
1589 1140 1652 1194 B.
1695 1141 1751 1195 C.
1788 1140 1889 1209 111,
1928 1142 1987 1226 5)
2029 1144 2087 1195 et
2137 1140 2481 1195 Octavianus
2540 1145 2739 1195 contra

338 1207 565 1265 Sextum
604 1210 931 1280 Pompeium
976 1210 1090 1281 (Ap
1052 1212 1242 1295 ppian.
1277 1210 1343 1265 B.
1383 1212 1440 1267 O.
1478 1211 1544 1273 V,
1584 1212 1680 1265 99:
1742 1212 1907 1284 ,,διεφ
1910 1206 2121 1281 §sipara
2174 1212 2227 1265 δ’
2262 1208 2411 1281 αὐτῷ
2448 1212 2737 1281 [Καίσαρι]

338 1281 462 1345 νῆες
506 1287 718 1353 βαρειαι
761 1283 874 1353 μὲν
919 1281 992 1351 ἓξ,
1051 1277 1284 1353 κουφὸτε
1323 1303 1378 1335 αι.
1426 1282 1488 1337 δὲ
1537 1282 1597 1343 ἓξ
1646 1254 1767 1336 acal„
1783 1286 1973 1345 εἴκοσι,
2013 1284 2315 1352 λιβυρνίδες
2360 1284 2423 1337 δὲ
2470 1284 2543 1337 ἔτι
2591 1285 2737 1336 πλεί-

339 1352 481 1419 ους“)
538 1358 596 1408 et
651 1359 848 1409 contra
886 1354 1195 1408 Antonium
1243 1303 1320 1423 (ὅ
1319 1359 1463 1425 eget
1502 1354 1573 1410 de
1610 1372 1671 1409 re
1707 1354 1824 1409 mil.
1864 1354 1927 1423 V,
1968 1356 2027 1409 3:
2095 1357 2218 1425 „Au
2300 1358 2385 1410 sto
2435 1354 2740 1409 dimicante

337 1424 570 1480 Actiaco
607 1425 841 1495 proelio,
878 1442 1004 1479 cum
1029 1425 1405 1481 Liburnorum
1429 1426 1653 1482 auxiliis
1678 1426 1978 1497 praecipue
2002 1427 2183 1481 victus
2240 1428 2413 1481 uisset
2438 1426 2740 1492 Antonius,

339 1496 724 1565 experimento
759 1498 908 1551 tanti
943 1497 1262 1551 certaminis
1310 1499 1513 1568 patuit,
1552 1498 1919 1553 Liburnorum
1966 1516 2135 1553 naves
2184 1500 2383 1553 ceteris
2432 1498 2695 1568 aptiores‘
2700 1499 2740 1567 ‘)

337 1584 533 1623 eorum
571 1569 782 1623 auxilio
819 1572 1091 1651 uteretur.
1165 1568 1407 1651 Navigia
1443 1586 1637 1623 eorum
1674 1572 1911 1639 propter
1948 1570 2291 1625 celeritatem
2329 1577 2385 1625 et
2422 1570 2737 1640 agilitatem

339 1640 632 1708 aptissima
679 1645 842 1695 erant
897 1644 956 1694 et
1010 1640 1070 1693 in
1106 1640 1241 1709 ipsis
1299 1641 1502 1712 pugnis
1558 1641 1630 1695 ad
1687 1642 1987 1711 cingendas
2024 1660 2256 1713 magnas
2312 1658 2481 1696 naves
2518 1644 2575 1695 et
2610 1644 2740 1710 post

338 1711 556 1780 proelia
600 1709 673 1765 ad
717 1711 1126 1796 persequendos
1179 1711 1382 1766 hostes.
1455 1712 1741 1767 Plutarch.
1789 1714 1999 1767 Anton.
2036 1730 2083 1767 c.
2122 1714 2213 1767 67:
2292 1710 2413 1781 ,,Ἐν
2458 1728 2629 1795 rovnp
2676 1710 2739 1765 δὲ

339 1782 766 1850 Λιβυρνίδες
810 1775 1092 1853 ωφθησαν
1136 1777 1507 1836 διώκουσαι
1554 1780 1703 1853 παρά
1741 1790 2037 1853 Καίσαρος.
2040 1785 2073 1813 “
2146 1784 2448 1839 Praeterea
2500 1784 2568 1837 iis
2618 1787 2741 1837 ute·

337 1852 546 1907 bantur
594 1853 778 1923 duces,
829 1859 894 1909 ut
941 1854 1198 1909 celeriter
1243 1872 1397 1910 mare
1441 1855 1747 1911 traicerent
1792 1855 2044 1924 (Sueton.
2091 1855 2285 1910 Octav.
2324 1874 2369 1911 c.
2415 1857 2507 1909 17·
2549 1872 2739 1925 „-repe

335 1924 411 1977 tit
445 1924 672 1979 Italiam
709 1930 1042 1996 tempestate
1078 1927 1139 1980 ιιι
1175 1926 1414 1982 traiectu
1449 1926 1537 1981 bis
1588 1926 1953 1993 conflictatus,
1992 1927 2176 1997 primo
2219 1928 2367 1982 inter
2404 1932 2736 1997 promuntu-

337 1995 426 2050 ria
461 1994 830 2066 Peloponnesi
865 2001 1038 2067 atque
1073 1998 1346 2065 Aetoliae,
1391 2016 1583 2053 rursus
1631 1999 1781 2053 circa
1814 2002 2032 2053 montes
2072 1999 2391 2066 Ceraunios,
2432 1997 2737 2067 utrobique

339 2072 503 2135 parte
540 2068 971 2123 Liburnicarum
1007 2069 1274 2129 demersa.
1310 2040 1585 2139 simulque
1640 2071 1776 2138 eius,
1825 2070 1885 2123 ιιι
1936 2088 2047 2138 qua
2096 2069 2429 2138 vehebatur,
2476 2068 2613 2122 fusis
2651 2086 2737 2123 ar-

338 2140 636 2193 mamentis
673 2144 730 2194 et
764 2141 1142 2211 gubernaculo
1179 2140 1496 2209 diffracto&
1536 2142 1627 2197 vel
1664 2145 1729 2195 ut
1773 2141 2000 2196 classem
2049 2142 2596 2196 circumveherentur
2641 2140 2739 2194 ad-

339 2210 745 2266 hortandorum
782 2212 1027 2267 militum
1065 2230 1231 2267 causa
1265 2213 1355 2267 vel
1393 2213 1531 2268 alios
1570 2214 1639 2267 ad
1676 2230 1822 2267 usus.
1861 2213 2103 2283 Appian.
2142 2212 2205 2266 B.
2247 2213 2303 2267 C.
2342 2212 2406 2281 V,
2438 2216 2563 2265 111.
2605 2217 2737 2280 ,,Λι-

339 2282 594 2349 βυρνίδος
648 2282 711 2337 δὲ
765 2279 928 2343 αὐτὸς
979 2284 1240 2352 ἐπέβαινε
1295 2288 1388 2337 καὶ
1423 2287 1703 2353 περιέπλει
1742 2278 1951 2343 πάντας
1984 2286 2335 2352 παρακαλῶν.
2340 2284 2371 2312 “
2445 2284 2566 2338 Iam
2614 2300 2738 2337 cum

338 2358 554 2408 certum
607 2354 702 2422 sit,
759 2356 819 2409 ιιι
872 2372 1064 2425 pugna
1104 2358 1335 2412 Actiaca
1370 2357 1682 2410 Antonium
1739 2355 1966 2411 altiores
2010 2359 2067 2410 et
2103 2356 2251 2410 mole
2304 2372 2404 2410 sua
2437 2355 2737 2425 impeditas

337 2442 510 2480 naves
547 2424 823 2493 habuisse,
863 2426 1234 2482 Octavianum
1279 2428 1524 2482 minores
1567 2430 1625 2481 et
1668 2426 1964 2496 faciliores,
2006 2428 2255 2510 plurima
2290 2445 2423 2496 pars
2459 2426 2733 2495 interpre-

338 2499 460 2550 tum
498 2496 770 2553 Libmmis
806 2499 914 2553 hoc
944 2498 1168 2555 Horatii
1205 2500 1328 2555 loco
1366 2499 1677 2582 Octaviani,
1714 2499 1846 2553 altis
1881 2500 2110 2554 navium
2148 2499 2585 2569 propuqmmais
2622 2500 2737 2551 An·

338 2568 484 2622 tonii
523 2569 756 2623 classem
807 2570 1046 2625 indicari
1103 2571 1394 2640 opinantes
1443 2571 1524 2625 sic
1576 2570 1761 2625 locum
1806 2575 1937 2624 sunt
1984 2570 2375 2639 interpretati:
2452 2570 2739 2637 „Caesaris

339 2640 576 2694 navibus
623 2639 732 2694 ibis
775 2640 925 2696 inter
973 2642 1229 2713 ingentes
1274 2642 1404 2697 illas
1447 2658 1617 2697 naves
1656 2642 1911 2711 Antonii,
1949 2659 2075 2695 cum
2120 2642 2226 2697 hoc
2262 2642 2697 2711 depugnaturus.
2704 2642 2738 2670 “

339 2710 465 2765 Non
501 2716 672 2777 recte,
711 2712 928 2781 opinor.
1001 2712 1254 2768 Primum
1290 2714 1439 2768 enim
1477 2712 1769 2768 Octaviani
1809 2714 1998 2767 classis
2034 2730 2147 2767 non
2185 2730 2254 2767 ex
2303 2713 2435 2766 solis
2472 2712 2739 2766 Liburnis

342 2783 650 2866 composita
687 2788 827 2853 erat,
869 2782 967 2839 sed
1001 2802 1170 2841 naves
1207 2786 1406 2840 habuit
1456 2785 1595 2839 satis
1634 2785 1796 2853 altas,
1846 2801 2166 2853 quanquam
2204 2784 2531 2839 humiliores
2570 2800 2736 2853 quam

337 2854 614 2909 maximae
650 2858 811 2909 erant
851 2857 1102 2911 Antonii.
1174 2856 1376 2911 Florus
1413 2856 1510 2925 IV,
1552 2859 1642 2910 11:
1682 2856 1889 2925 „Nobis
1928 2856 2102 2911 CCCC
2138 2857 2379 2925 amplius
2427 2873 2613 2924 naves,
2652 2856 2737 2909 CC

338 2942 453 2979 non
489 2926 674 2980 minus
708 2924 962 2996 hostium,
1003 2928 1102 2983 sed
1137 2946 1432 2983 numerum
1467 2927 1797 2998 magnitudo
1836 2926 2139 2997 pensabat;
2176 2928 2386 2997 quippe
2424 2942 2459 2981 α
2494 2928 2640 2981 senis
2675 2928 2740 2980 in

338 3012 568 3053 menos
603 3012 870 3053 remorum
905 2998 1208 3067 ordinibus,
1243 3000 1317 3055 ad
1355 3000 1493 3055 haec
1529 2999 1782 3053 turribus
1820 3004 1991 3069 atque
2030 2998 2301 3053 tabulatis
2338 2999 2611 3052 allevatae
2649 3014 2737 3051 ca·

339 3068 630 3123 stallorum
667 3073 724 3123 et
758 3070 986 3125 urbium
1021 3072 1228 3140 specie3
1287 3070 1542 3126 Caesaris
1582 3086 1745 3125 naves
1784 3086 1821 3123 a
1855 3070 2170 3125 triremibus
2202 3071 2267 3124 in
2309 3084 2461 3125 senos
2494 3084 2591 3123 nec
2628 3086 2742 3123 am-

339 3140 491 3267 plaut
521 3139 742 3195 ordines
777 3148 1072 3203 creveram,
1109 3143 1301 3213 itaque
1337 3142 1552 3197 habiles
1590 3142 1661 3196 ad
1709 3142 1898 3195 omnia
1948 3158 2093 3209 quae
2126 3158 2259 3227 usus
2294 3140 2561 3225 poscebat
2598 3142 2737 3195 cet.“

387 3210 474 3265 lut
530 3213 738 3266 Anton.
780 3214 874 3267 81:
913 3209 1224 3298 ,,’Λντωνίφ
1260 3213 1372 3284 μὲν
1404 3206 1549 3279 ἦσαν
1584 3216 1642 3265 αἱ
1674 3207 1917 3295 μᾴχιμοι
1954 3214 2079 3279 νῆες
2115 3209 2213 3265 οὐκ
2261 3207 2511 3271 &lassove
2544 3229 2739 3266 πεντα-

341 3288 564 3351 κοσίων,
600 3284 662 3337 ἔν
697 3278 784 3341 αἷς
837 3280 1146 3354 ὀκτήρεις
1203 3288 1402 3339 πολλαὶ
1447 3288 1538 3338 καὶ
1586 3280 1902 3353 δεκήρεις.
1907 3285 1940 3313 “
2013 3284 2153 3339 Inde
2208 3284 2575 3355 intellegitur,
2624 3302 2741 3337 ma-

339 3353 486 3409 iores
522 3372 692 3409 naves
729 3352 1026 3411 Octaviani
1079 3357 1222 3411 bene
1276 3358 1522 3440 potuisse
1573 3356 1685 3410 dici
1721 3356 1839 3410 alta
1870 3357 2312 3426 propuynacula.
2388 3356 2529 3409 Plin.
2568 3354 2638 3409 N.
2670 3355 2739 3408 H.

342 3424 1142 3509 xxm·1‚1.„A1-matae
1177 3430 1378 3483 classes
1413 3429 1711 3497 imponunt
1746 3427 1854 3481 sibi
1902 3428 2145 3481 turrium
2198 3427 2637 3498 propugnacula,
2678 3431 2742 3480 ut

341 3496 402 3551 in
450 3497 591 3551 mari
639 3514 862 3567 quoque
907 3506 1192 3569 pugnetur
1232 3500 1392 3554 velut
1435 3517 1466 3554 e
1512 3500 1703 3553 muris.
1709 3499 1742 3528 “
1816 3498 1925 3553 Cic.
1966 3498 2124 3553 Verr.
2162 3500 2233 3563 11,
2270 3502 2321 3566 5,
2360 3502 2459 3551 34.
2534 3498 2741 3566 „Navis

339 3569 427 3622 ita
460 3585 682 3639 magna,
720 3574 787 3623 ut
820 3571 1242 3654 propugnaculo
1293 3572 1492 3625 ceteris
1532 3571 1707 3639 possit
1744 3578 1895 3625 esse!
1880 3571 1911 3601 “
1990 3570 2121 3633 Nec,
2156 3571 2205 3624 si
2243 3570 2581 3625 Octavianus
2618 3570 2741 3623 nul-

341 3640 444 3698 las
482 3640 768 3695 habuisset
821 3642 930 3697 nisi
982 3660 1185 3712 parvas
1243 3660 1428 3711 naves,
1483 3643 1758 3712 potuisset
1792 3642 2077 3712 Vergilius
2133 3643 2377 3697 scribere
2413 3644 2551 3696 Aen.
2590 3642 2739 3708 VIII,

342 3714 465 3773 691,
504 3728 648 3780 sqq.:
688 3712 941 3783 „pelago⁹
981 3714 1176 3769 credas
1209 3715 1404 3769 innare
1431 3714 1681 3768 revulsas
1718 3714 1989 3783 Cycladas
2024 3718 2125 3768 aut
2160 3718 2376 3768 montes
2410 3728 2743 3768 concurrere

340 3784 626 3837 montibus
663 3784 834 3837 altos.
897 3784 1082 3840 Tanta
1120 3786 1266 3841 mole
1309 3786 1422 3840 viri
1461 3786 1683 3839 turritis
1719 3785 1997 3869 puppibus
2037 3786 2281 3838 instant.‘
2266 3786 2297 3815 “
2370 3785 2587 3838 Deinde
2628 3801 2741 3838 non

341 3854 506 3909 video
541 3856 820 3924 quomodo
857 3858 955 3925 qui
1013 3858 1114 3911 illa
1165 3858 1385 3912 ratione
1441 3856 1626 3912 locum
1664 3856 1883 3911 Horatii
1922 3858 2287 3926 interpretari
2333 3856 2529 3924 velint,
2564 3856 2741 3925 parti-

343 3927 528 3981 culam
565 3927 712 3982 ἐπίοι·
753 3928 1104 3999 intellegant.
1181 3929 1326 3985 Nam
1369 3929 1418 3984 si
1453 3927 1745 3983 Maecenas
1788 3929 1933 3983 inter
1982 3928 2103 3983 alta
2145 3929 2376 3982 navium
2422 3944 2740 3997 propugna-

343 3998 470 4053 cula
505 3998 688 4081 iturus
725 4006 828 4067 est,
865 4016 980 4054 non
1017 4007 1102 4055 est
1137 4006 1488 4072 pugnaturus
1527 4004 1723 4054 contra
1760 4018 1843 4065 ea,
1882 4000 2027 4054 inter
2062 4016 2205 4069 quae
2226 3998 2619 4082 proficiscitur.
2644 3998 2741 4051 sed

343 4086 472 4123 cum
507 4069 576 4123 iis
613 4074 813 4124 contra
849 4071 1048 4127 hostes.
1121 4072 1322 4141 Itaque
1361 4089 1476 4127 non
1512 4072 1711 4126 dubito
1749 4072 1821 4125 iis
1858 4071 2159 4139 accedere,
2174 4072 2270 4139 qui
2309 4070 2593 4126 Liburnos
2622 4069 2740 4123 h.1.

343 4157 410 4194 ea
445 4141 676 4211 navigia
710 4158 828 4195 esse
865 4144 1180 4212 voluerunt,
1219 4145 1422 4213 quibus
1469 4144 1542 4197 ad
1575 4144 1947 4197 traiciendum
1996 4159 2151 4197 mare
2186 4141 2577 4197 Hadriaticum
2612 4158 2740 4194 usn—

341 4228 440 4265 rus
495 4218 620 4267 erat
669 4211 980 4279 Maecenas,
1037 4220 1103 4270 ut
1156 4233 1378 4287 pugnae
1435 4232 1579 4283 quae
1632 4215 1881 4269 instabat
1932 4216 2243 4268 interesset.
2334 4213 2593 4267 Ceterum
2647 4212 2740 4265 Li-

340 4284 611 4338 burnicae
663 4289 848 4340 rostra
901 4256 1220 4342 ha’buerunt
1275 4294 1334 4343 et
1389 4281 1837 4357 καταστρώματα.
1909 4285 2054 4340 ΡΙιιι.
2090 4286 2157 4339 N.
2195 4284 2268 4339 H.
2302 4284 2399 4347 IX,
2436 4286 2499 4337 6;
2589 4282 2743 4351 „Hoc

341 4355 486 4411 scire
521 4370 696 4417 oreas,
734 4356 994 4411 infestam
1033 4360 1121 4413 his
1167 4358 1430 4427 (balenis)
1467 4358 1706 4413 beluam.
1781 4358 2111 4425 Irrumpunt
2161 4373 2295 4427 ergo
2330 4357 2390 4410 in
2424 4360 2640 4409 secreta
2676 4372 2743 4409 ac

339 4427 584 4481 vitulos·
575 4443 782 4482 -earnm
819 4446 885 4485 ac
919 4429 1084 4499 fetas,
1122 4432 1214 4485 vel
1261 4431 1571 4486 etiamnum
1618 4429 1881 4499 gravidas
1916 4429 2205 4482 lancinant
2238 4444 2427 4482 morsu
2468 4427 2740 4481 incussae-

341 4514 451 4567 que
509 4514 610 4553 ceu
659 4470 1089 4556 Liburnicarum
1139 4503 1334 4557 rom
1380 4501 1621 4557 fodiunt.
1625 4502 1659 4531 “
1730 4499 1813 4554 Id.
1850 4500 1921 4561 X,
1959 4502 2064 4553 23:
2136 4499 2366 4567 „Olores
2424 4497 2550 4554 Lib
2566 4498 2743 4552 urni-

342 4586 574 4625 carum
633 4570 830 4625 modo
886 4579 1208 4628 rostrato
1265 4574 1524 4645 impetu
1579 4572 1857 4640 feruntur,
1893 4540 2115 4625 f’acilius
2162 4572 2245 4625 ita
2280 4570 2555 4626 findentes
2593 4588 2741 4634 aera,
