3092 5059
1031 231 1189 300 LIB.
1236 234 1289 300 1.
1334 231 1608 299 EPIST.
1649 229 1804 296 XII.

2495 232 2616 296 541

324 417 471 494 Vel
527 419 707 518 quia
754 433 1025 498 cuncta
1080 433 1301 517 putas
1357 447 1513 497 una
1565 421 1841 496 virtute
1893 420 2212 496 minora.

324 544 723 640 Miramur,
776 546 841 620 si
891 545 1313 622 Democriti
1364 571 1596 646 pecus
1651 545 1812 621 edit
1849 545 2146 640 agellos

325 669 725 769 Cultaque,
758 670 939 746 dum
974 695 1301 770 peregre
1328 683 1441 748 est
1464 673 1766 748 animus
1803 673 1970 748 sine
1999 697 2326 772 corpore
2358 671 2618 767 velox;

324 793 521 872 Cum
575 809 655 871 tu
700 797 900 872 inter
950 797 1289 872 scabiem
1342 810 1630 873 tantam
1685 811 1760 872 et
1806 798 2164 896 contagia
2213 797 2414 872 lucri

237 952 286 992 ιι
320 920 455 996 Nil
506 948 834 1020 parvum
886 922 1137 1020 sapias
1193 936 1271 998 et
1321 921 1574 997 adhuc
1625 921 1984 997 sublimia
2035 945 2285 999 cures:

321 1045 537 1138 Quae
574 1073 786 1124 mare
820 1062 1307 1146 compescant
1336 1073 1632 1142 causae,
1667 1047 1850 1147 quid
1889 1060 2266 1147 temperet
2303 1075 2613 1144 annum,

319 1170 599 1248 Stellae
651 1186 924 1269 sponte
976 1199 1111 1248 sua
1162 1173 1507 1248 iussaene
1559 1185 1936 1269 vagentur
1989 1185 2064 1249 et
2116 1187 2395 1268 errent,

319 1293 528 1386 Quid
574 1308 873 1393 premat
924 1297 1329 1374 obscurum
1388 1297 1640 1392 lunae,
1699 1297 1884 1396 quid
1937 1299 2286 1398 proferat
2321 1300 2615 1394 orbem,

319 1419 528 1512 Quid
582 1420 768 1496 velit
820 1435 895 1496 et
946 1424 1190 1518 possit
1234 1449 1491 1498 rerum
1551 1422 1966 1499 concordia
2022 1423 2336 1519 discors,

231 1581 283 1621 ρο
317 1545 829 1640 Empedocles
881 1573 981 1622 an
1032 1546 1479 1624 Stertinium
1534 1547 1818 1624 deliret
1865 1553 2242 1625 acumen?

318 1670 615 1746 Verum
668 1697 801 1747 seu
854 1673 1102 1770 pisces
1154 1697 1289 1747 seu
1340 1697 1658 1770 porrum
1715 1684 1790 1748 et
1839 1697 2073 1770 caepe
2125 1673 2488 1771 trucidas,

313 1796 546 1872 Utere
598 1795 967 1892 Pompeio
1021 1795 1381 1894 Grospho
1439 1809 1537 1892 et,
1593 1799 1658 1872 si
1713 1797 1898 1896 quid
1951 1809 2182 1892 petet,
2237 1798 2438 1875 ultro

314 1919 592 1996 Defert
636 1919 749 1994 nil
796 1921 1196 2018 Grosphus
1248 1923 1399 1996 nisi
1450 1949 1718 1998 verum
1774 1924 2025 1999 orabit
2081 1936 2156 1998 et
2204 1949 2559 2023 aequum.

314 2045 515 2120 Vilis
564 2045 989 2121 amicorum
1044 2057 1157 2124 est
1206 2073 1533 2141 annona,
1589 2049 1813 2124 bonis
1868 2049 2001 2124 ubi
2057 2047 2246 2148 quid
2303 2047 2538 2125 deest.

234 2203 286 2245 εὖ
320 2169 437 2246 Ne
492 2182 745 2245 tamen
802 2170 1129 2268 ignores,
1188 2197 1337 2271 quo
1393 2173 1488 2247 sit
1538 2173 1886 2249 Romana
1929 2173 2099 2249 loco
2153 2199 2314 2250 res:

219 2437 289 2492 cf.
312 2435 479 2506 Epod

219 2507 545 2564 cedentibus
582 2507 837 2564 versibus
882 2507 1025 2561 nihil
1076 2507 1223 2563 inest
1260 2509 1370 2564 dis-

218 2580 621 2648 simulationis3
658 2597 791 2634 vere
828 2579 1017 2649 potius
1046 2579 1240 2634 laudat
1258 2581 1369 2635 Ho-

218 2651 397 2706 ratius
462 2653 705 2707 amicum
752 2667 949 2734 suum,
998 2651 1161 2736 'quod
1222 2653 1371 2707 inter

217 2724 709 2864 amam.
740 2723 1373 2866 {affltflxsssssssgff

218 2885 345 2922 rum
379 2883 573 2922 rerum
611 2865 797 2920 studio
836 2867 1200 2935 superaverit.
1264 2868 1371 2922 De-

216 2940 490 2994 mocritus
537 2943 725 2992 autem
783 2942 883 3005 „ut
928 2955 1095 3007 quam
1142 2940 1372 2993 minime

219 3011 439 3065 animus
466 3027 501 3063 a
520 3009 957 3079 cogitationibus
982 3009 1371 3078 abduceretur,

217 3082 621 3150 patrimonium
670 3081 935 3152 neglexit,
992 3099 1159 3151 agros
1218 3083 1373 3136 dese-

221 3154 337 3207 ruit
386 3152 647 3220 incultos,
702 3152 839 3221 quid
897 3169 1171 3221 quaerens
1218 3153 1375 3209 aliud

218 3225 327 3279 nisi
362 3225 591 3279 beatam
628 3223 875 3278 vitam?“
916 3223 1028 3278 Cic.
1048 3223 1173 3280 Fin.
1194 3225 1261 3292 V,
1284 3229 1372 3289 29,

220 3296 306 3351 87.
344 3296 703 3351 Democritus
733 3294 1049 3364 Abderites,
1088 3297 1372 3352 Eleaticus

221 3367 605 3437 philosophus.
631 3395 703 3406 —
732 3383 953 3436 pet-cyre
987 3366 1089 3437 est]
1126 3369 1373 3438 peregri·

220 3445 391 3494 natur
427 3439 587 3508 quasi
622 3439 840 3493 animus
866 3455 901 3492 a
926 3455 1159 3507 corpore
1191 3435 1403 3510 segre·'

222 3517 385 3582 gatus
430 3515 723 3579 totumque
769 3509 1039 3564 mundum
1078 3511 1373 3580 pervolans

222 3601 289 3638 ω
315 3581 1207 3724 camertem

223 3725 293 3781 de
333 3725 472 3796 Leg.
508 3723 551 3786 Ι,
600 3727 681 3793 17,
718 3729 816 3779 47:
856 3725 1165 3795 „Voluptas
1200 3727 1367 3782 malo-

222 3815 345 3852 rum
384 3801 567 3852 mater
598 3797 867 3862 omnium,
904 3797 1059 3852 cuius
1082 3797 1372 3852 blanditiis

223 3869 480 3938 corrupti
504 3886 647 3937 quae
672 3875 873 3924 natura
893 3869 1041 3923 bona
1066 3875 1212 3924 sunt.
1241 3871 1374 3939 quia

223 3941 518 3996 dulcedine
561 3940 667 3995 hac
702 3945 761 3995 et
793 3941 973 3996 scabie
1012 3946 1223 4010 carent,
1259 3959 1374 3996 non

225 4012 504 4066 cernimus
554 4012 747 4066 satis.“
811 4039 879 4054 ·-
941 4011 1141 4082 adhuc]
1203 4013 1373 4068 etiam

226 4101 391 4149 nunc,
428 4101 555 4138 cum
590 4083 809 4138 tamdiu
837 4084 911 4138 sis
936 4090 1191 4139 versatus
1225 4085 1375 4138 inter

224 4153 445 4210 lucrum
484 4159 542 4210 et
575 4155 821 4224 negotia.

298 4227 363 4280 V.
394 4228 475 4280 18.
516 4225 817 4294 obscurum]
860 4228 1241 4294 προληπτικῶς
1276 4245 1374 4298 po-

226 4297 421 4352 situm:
458 4296 597 4366 quid
634 4297 875 4368 caligine
908 4303 1129 4368 premat
1166 4298 1375 4364 lunam,

228 4373 292 4422 ut
324 4387 469 4438 quae
504 4369 669 4424 modo
711 4369 863 4424 clara
898 4368 1073 4424 fuerit
1109 4373 1167 4424 et
1196 4371 1375 4440 splen·

227 4440 377 4506 dida,
414 4440 528 4495 iam
564 4440 803 4496 obscura
838 4441 939 4496 sit:
988 4441 1058 4496 de
1094 4447 1377 4497 crescente

229 4516 287 4565 et
338 4511 693 4568 decrescente
746 4512 895 4567 luna.
954 4543 1021 4554 --
1079 4513 1379 4568 concordia

230 4581 459 4652 discors]
482 4583 827 4654 Oxymoron3
864 4602 995 4639 nam
1022 4586 1217 4639 mundi
1250 4603 1379 4654 par-

482 2477 495 2490 .
520 2437 573 2505 4,
592 2437 643 2491 6.
685 2465 751 2475 —
785 2433 1075 2504 miramur]
1110 2435 1177 2490 In
1212 2453 1371 2506 prae·
1397 2439 1401 2444 ’

1462 2442 1550 2492 tes
1587 2455 1714 2492 cum
1739 2437 2024 2494 discordia
2057 2439 2296 2494 distrahi
2333 2439 2615 2504 videntur,

1463 2527 1680 2564 summa
1703 2515 1891 2564 tamen
1910 2511 2208 2566 concordia
2233 2512 2612 2566 continentur.

1464 2581 1628 2635 Ovid.
1675 2581 1812 2636 Met.
1858 2582 1902 2651 Ι,
1953 2585 2076 2637 483.
2141 2611 2206 2624 --
2266 2581 2616 2652 Stertinium]

1464 2651 1577 2707 Sat.
1619 2653 1694 2721 11,
1725 2658 1776 2716 3,
1813 2655 1900 2708 33.
1937 2653 2097 2709 Hunc
2133 2655 2313 2709 facete
2347 2671 2452 2724 pro
2472 2654 2618 2710 Stoi·

1464 2725 1543 2778 cis
1581 2727 1785 2794 posuit.
1821 2725 2147 2780 &ev-tiniam
2182 2742 2286 2795 pro
2322 2725 2616 2782 Stertinio·

1464 2813 1612 2862 num,
1668 2795 1738 2850 cf.
1779 2797 1959 2852 Carm.
1995 2797 2093 2866 IV,
2136 2799 2218 2866 12,
2260 2800 2342 2852 18.
2415 2797 2617 2868 Empe-

1464 2868 1650 2922 docles
1687 2869 2107 2939 Agrigentinus.
2145 2869 2497 2940 Pythagorae
2533 2869 2616 2924 di-

1464 2939 1834 3080 {33333541531
1858 2941 2616 3068 3322220203333‘1313‘

1464 3087 1758 3151 praeterea
1785 3083 2034 3137 amicitia
2067 3085 2270 3154 (φιλία)
2293 3089 2494 3139 cuncta
2526 3053 2614 3140 co:

1464 3155 1650 3222 pulari
1689 3161 1746 3209 et
1781 3155 2064 3209 discordia
2099 3155 2322 3224 (νεῖκος)
2365 3155 2613 3210 dissolvi.

1466 3225 1552 3280 De
1595 3226 1818 3281 Zenone
1869 3231 2054 3280 autem
2099 3225 2415 3282 Stoicorum
2461 3228 2615 3297 priu-

1466 3297 1590 3366 cipe
1627 3298 1818 3352 Cicero
1865 3297 2066 3352 scribit
2123 3298 2192 3352 de
2237 3298 2305 3353 N.
2343 3299 2408 3352 D.
2446 3298 2490 3365 1,
2531 3303 2614 3362 14,

1468 3371 1561 3422 86:
1601 3369 1786 3436 „Zeno
1811 3371 2126 3424 naturalem
2154 3370 2332 3442 legem
2367 3370 2616 3425 divinam

1467 3457 1585 3494 esse
1643 3447 1830 3495 censet
1886 3459 2120 3510 eamque
2173 3443 2288 3495 vim
2343 3442 2616 3508 obtinere,

1465 3517 1622 3566 recta
1679 3513 2050 3581 imperantem
2117 3513 2618 3582 prohibentemque

1466 3585 1812 3648 contraria;“
1869 3589 1928 3639 et
1977 3585 2112 3638 ibid.
2159 3584 2208 3654 §-
2249 3586 2342 3638 39:
2407 3585 2615 3653 „Chry-

1466 3655 1660 3724 sippus
1717 3657 1800 3710 ait
1851 3656 1962 3709 vim
2007 3655 2257 3710 divinam
2302 3657 2360 3710 in
2397 3657 2618 3711 ratione

1467 3744 1584 3782 esse
1639 3728 1884 3796 positam
1935 3733 1992 3781 et
2039 3729 2332 3782 universae
2383 3732 2619 3782 naturae

1468 3800 1656 3852 animo
1695 3803 1864 3867 atque
1894 3804 2104 3854 mente:
2144 3800 2438 3868 ipsumque
2461 3816 2618 3853 mun·

1466 3871 1602 3924 dum
1651 3869 1816 3924 deum
1863 3869 2004 3924 dicit
2041 3887 2158 3926 esse
2193 3874 2252 3924 et
2287 3871 2406 3925 eius
2445 3871 2618 3924 animi

1466 3941 1742 3996 fusionem
1767 3941 2104 4010 universam3
2145 3949 2266 3996 tum
2295 3943 2414 3997 eius
2444 3943 2618 4011 ipsius

1465 4014 1844 4083 principatum
1875 4015 1971 4082 qui
2009 4015 2067 4067 in
2095 4017 2282 4068 mente
2307 4019 2366 4068 et
2400 4015 2618 4068 ratione

1468 4090 1736 4153 versetur,
1783 4101 2240 4154 communemque
2287 4101 2472 4140 rerum
2519 4102 2616 4139 na-

1468 4159 1652 4210 turam
1695 4157 2014 4212 universam
2051 4161 2220 4226 atque
2259 4158 2448 4212 omnia
2490 4173 2620 4211 con-

1468 4229 1768 4295 tinentem;
1823 4233 1944 4282 tum
1987 4229 2220 4284 fatalem
2258 4229 2374 4282 vim
2417 4234 2478 4284 et
2525 4245 2620 4282 ne·

1468 4301 1781 4355 cessitatem
1819 4317 2004 4354 rerum
2033 4299 2404 4354 futurarum.“
2435 4327 2498 4340 -·
2525 4315 2618 4355 seu

1462 4371 1664 4441 pisces]
1723 4371 1840 4426 sive
1889 4373 2042 4426 laute
2088 4373 2204 4426 sive
2255 4389 2420 4441 parce
2459 4372 2617 4426 vivis.

1468 4443 1554 4497 De
1589 4443 1832 4512 piscibus
1869 4443 1940 4498 cf.
1967 4443 2082 4498 Sat.
2109 4443 2180 4512 11,
2217 4447 2268 4512 2,
2309 4446 2427 4498 120.
2468 4443 2538 4506 11.
2563 4449 2616 4512 4,

1473 4516 1558 4567 15.
1630 4515 1810 4583 Epist.
1856 4514 1902 4582 Ι,
1945 4518 2029 4580 15,
2070 4518 2154 4569 23.
2217 4545 2284 4556 --
2349 4515 2622 4584 trucidas]

1470 4587 1702 4654 proprie
1737 4587 1808 4641 de
1843 4603 2064 4657 pecore.
2101 4587 2173 4644 cf.
2211 4587 2339 4643 Sall.
2379 4587 2500 4644 Cat.
2529 4589 2619 4658 58,
