3092 5059
1099 233 1215 298 DE
1259 232 1489 299 ARTE
1527 229 1922 298 POETIGA.

2571 231 2694 296 633

400 419 547 497 Ille
598 419 837 520 dapes
889 419 1151 496 laudet
1200 445 1510 495 mensae
1562 417 1842 514 brevi8‚
1895 416 2028 492 ille
2080 417 2469 496 salubrem

398 545 772 621 Iustitiam
827 543 1192 644 legesque
1245 557 1323 618 et
1372 543 1659 640 apertis
1714 543 1870 618 otia
1924 543 2199 642 portis3

298 706 377 745 mo
404 668 554 745 Ille
604 681 813 767 tegat
866 668 1272 743 commissa
1327 666 1666 766 deosque
1720 681 2075 766 precetur
2127 680 2203 743 et
2256 683 2442 765 oret,

402 793 507 870 Ut
558 793 827 869 redeat
876 793 1195 888 miseris,
1252 793 1476 868 abeat
1527 793 1834 868 fortuna
1886 794 2260 890 superbia

403 920 631 996 Tibia
680 945 861 1014 non,
915 929 1002 993 ut
1050 943 1254 994 nunc
1306 918 1692 994 orichalco
1745 919 2000 994 vincta
2051 919 2437 1019 tubaeque

400 1043 757 1138 Aemula,
812 1044 949 1120 sed
1001 1045 1248 1120 tenuis
1304 1043 1785 1145 simplexque
1839 1044 2216 1121 foramine
2264 1071 2508 1142 pauco

400 1169 773 1268 Aspirare
826 1184 904 1244 et
952 1168 1221 1245 adesse
1274 1170 1525 1244 choris
1582 1181 1743 1245 erat
1793 1168 2000 1246 utilis
2055 1181 2283 1268 atque

298 1294 764 1371 mNondum
817 1295 1063 1392 spissa
1106 1295 1333 1370 nimis
1379 1293 1768 1393 complere
1820 1293 2091 1370 sedilia
2139 1293 2356 1390 flatu3

406 1420 579 1513 Quo
632 1445 815 1495 sane
867 1420 1199 1518 populus
1254 1418 1754 1495 numerabilis
1808 1431 2070 1516 utpote
2121 1445 2406 1517 parvus

400 1545 499 1620 Et
540 1543 749 1643 frugi
804 1557 1203 1643 castusque
1256 1544 1888 1644 verecundusque
1937 1545 2212 1620 coibat.

404 1669 826 1768 Postquam
882 1669 1136 1770 coepit
1188 1695 1417 1767 agros
1470 1669 1888 1746 extendere
1939 1670 2186 1746 victor
2237 1682 2313 1746 et
2357 1671 2586 1746 urbes

294 1938 469 2005 Acro,
518 1935 727 1990 Comm.
788 1933 974 2005 Cruq„
1022 1936 1119 2005 qui
1182 1935 1455 2006 interpre-

296 2012 498 2064 tantur
534 2007 871 2076 innocentes3
908 2012 965 2062 et
1001 2011 1167 2076 recte,
1190 2026 1323 2062 nam
1360 2009 1457 2078 qui

300 2079 495 2134 timent
510 2094 753 2149 peccare,
792 2079 991 2134 nolunt
1014 2097 1246 2149 peccare
1267 2097 1457 2135 amore

297 2151 551 2217 virtutis,
585 2150 629 2204 ii
666 2149 803 2204 boni
840 2156 970 2206 sunt
1024 2155 1083 2205 61
1119 2151 1456 2206 1111166611166.

300 2222 488 2292 Quare
542 2239 655 2276 non
710 2225 795 2275 est
850 2239 948 2276 cur
1003 2239 1127 2278 cum
1183 2223 1455 2292 Bentleio‚

300 2293 577 2363 Hauptio‚
624 2293 924 2362 Meinekio,
974 2293 1237 2362 Linkero,
1282 2294 1455 2348 Muel-

298 2367 439 2431 ler0‚
474 2365 726 2427 Lehrs10‚
749 2364 1025 2435 Kriigero‚
1044 2365 1367 2421 Ecksteinio
1388 2383 1457 2421 ex

298 2437 560 2508 vestigiis
616 2436 794 2491 trium
850 2437 1103 2492 codicum
1151 2437 1457 2492 scribamus

294 2524 503 2578 pacare
532 2513 811 2572 tumentes,
844 2509 994 2576 quod
1014 2507 1161 2562 idem
1178 2526 1353 2578 prope
1373 2513 1457 2563 est

302 2580 455 2650 quod
490 2581 669 2634 iratos
703 2595 901 2648 reyere.
946 2579 1031 2634 Ne
1066 2579 1456 2650 Peerlkampio

300 2651 529 2722 quidem
566 2651 847 2721 persuasit
882 2651 1185 2719 Bentleius,
1221 2657 1278 2707 et
1315 2651 1456 2707 Doe-

300 2722 507 2778 derlin.
552 2741 621 2777 ex
658 2723 779 2776 cod.
818 2723 1031 2776 Buslid.
1067 2724 1281 2793 recepit
1318 2730 1457 2778 antec

290 2810 504 2864 pacare
561 2794 828 2862 timentes,
891 2813 1054 2863 quem
1108 2799 1328 2850 secutus
1374 2799 1458 2849 661

298 2866 514 2920 Keller.
605 2864 755 2918 Illud
811 2869 1019 2934 tamen,
1074 2868 1223 2936 quod
1279 2867 1459 2922 inesse

296 2937 425 2991 vult
450 2935 772 2991 Doederlin.
811 2937 869 2990 in
905 2957 995 2992 vv.
1027 2953 1237 3008 pacare
1272 2939 1457 2993 timen-

294 3014 379 3063 tes
446 3007 745 3078 (consolari
802 3026 921 3077 eos,
986 3010 1083 3078 qui
1143 3011 1203 3064 in
1255 3012 1459 3065 timore

296 3085 449 3144 sunt,
502 3080 572 3134 de
627 3079 867 3134 miseriis
880 3120 895 3148 ‚
952 3081 1155 3151 quibus
1198 3099 1457 3151 premun-

294 3151 432 3220 tur),
460 3168 658 3206 vereor
690 3169 761 3206 ne
790 3169 902 3206 non
934 3154 1008 3207 sit
1030 3153 1089 3206 in
1125 3171 1179 3208 v.
1203 3153 1457 3223 pacandi.

298 3223 523 3278 Deinde
559 3223 657 3291 qui
707 3241 833 3277 cum
871 3223 1124 3278 Bentleio
1173 3224 1461 3279 affirmant

298 3299 444 3350 amet
472 3310 696 3363 peccare
717 3293 959 3349 timentes
990 3295 1133 3349 nihil
1153 3295 1307 3350 aliud
1343 3313 1461 3351 esse

297 3366 413 3421 nisi
470 3365 622 3434 quod
679 3366 979 3435 praecedat
1042 3366 1195 3421 bonis
1255 3369 1462 3434 faveat,

298 3455 409 3492 nae
444 3436 531 3492 illi
568 3438 777 3492 sentire
812 3455 925 3491 non
965 3438 1227 3492 videntur
1260 3455 1460 3508 pacare

300 3511 553 3564 timentes
593 3509 741 3564 idem
777 3526 955 3579 prope
1000 3528 1119 3565 6666
1156 3511 1304 3579 quod
1339 3525 1460 3564 con-

298 3580 520 3635 silietur
554 3581 741 3635 amice.
829 3579 1068 3636 Omnino
1106 3583 1277 3636 etiam
1314 3599 1461 3636 nunc

302 3651 499 3706 eadem
551 3651 693 3706 mihi
741 3652 811 3706 de
860 3652 915 3707 11.
962 3653 999 3707 1.
1047 3653 1323 3708 sententia
1360 3658 1460 3718 est,

301 3741 473 3792 quam
527 3723 589 3776 111
637 3723 1080 3779 Horatianorum
1133 3725 1333 3794 partic.
1386 3725 1459 3794 11,

300 3813 358 3865 p.
404 3795 473 3848 26
504 3811 586 3863 sq.
634 3795 747 3849 iam
791 3814 840 3850 a.
894 3797 1032 3851 1845
1084 3796 1329 3866 exposui.
1389 3826 1462 3836 —

303 3866 517 3936 apertis
602 3866 759 3937 ortis]
811 3867 989 3922 Carm.
1038 3867 1139 3936 III,
1178 3871 1228 3936 5,
1264 3867 1350 3921 23.
1393 3897 1458 3908 —

302 3937 467 4008 tibia]
506 3977 539 4006 ‚,
589 3937 706 3992 ibia
732 3939 880 3993 enim
919 3945 1048 3994 ante
1073 3957 1188 3994 non
1220 3944 1342 3994 erat
1379 3941 1461 3994 ita

304 4013 510 4064 ornata
558 4026 739 4077 neque
786 4015 905 4065 tam
946 4011 1139 4066 multis
1172 4011 1459 4066 foramini-

300 4081 411 4136 bus
454 4080 627 4135 tubae
672 4082 908 4137 aemula.
999 4083 1168 4137 Modo
1220 4101 1354 4138 vero
1404 4087 1461 4137 et

303 4156 510 4207 ornata
548 4156 635 4206 est
670 4156 728 4205 61
765 4155 1089 4208 tammulta
1121 4154 1292 4208 habet
1312 4153 1458 4208 fora-

303 4224 477 4288 mina,
513 4227 577 4278 ut
612 4229 771 4278 sonet
803 4226 1269 4293 quemadmodum
1304 4227 1460 4280 tuba.

306 4295 569 4351 Ostendit
598 4295 882 4350 luxuriam
906 4301 1159 4351 recenter
1196 4301 1253 4350 et
1288 4297 1461 4351 ambi·

303 4368 524 4422 tionem
543 4371 735 4420 natam
755 4385 889 4434 esse,
910 4367 1307 4436 antiquitatem
1328 4385 1461 4422 vcro

304 4455 564 4494 severam
599 4437 795 4509 fuisse3
836 4456 967 4492 nam
994 4439 1150 4508 prius
1181 4439 1323 4494 tibia
1350 4457 1464 4494 non

306 4516 432 4565 erat
470 4508 773 4565 ambitiosa
820 4527 923 4565 1166
960 4511 1151 4564 multis
1199 4511 1465 4566 distincta

304 4581 699 4638 foraminibus.
772 4581 953 4638 Varro
1006 4581 1089 4638 611
1124 4581 1197 4638 ad
1232 4583 1465 4639 Marcel-

1552 1938 1670 1992 lum
1715 1937 1786 1991 de
1831 1936 2026 2020 lingua
2071 1935 2266 2002 latina,
2313 1937 2582 2005 quattuor
2617 1934 2698 1989 fo-

1554 2008 1833 2064 raminum
1858 2007 2028 2063 fuisse
2051 2007 2219 2062 tibias
2245 2006 2396 2076 apud
2423 2006 2699 2075 antiquos,

1554 2085 1612 2136 et
1647 2097 1704 2134 66
1756 2081 1938 2149 ipsum
1984 2079 2042 2133 in
2079 2080 2292 2149 ‚templo
2331 2077 2586 2146 Marsyae
2617 2077 2699 2132 vi-

1553 2153 1698 2207 disse
1765 2151 1936 2206 tibias
2007 2155 2276 2220 quattuor
2345 2149 2700 2204 foraminum.

1553 2223 1737 2292 Quare
1783 2229 2058 2291 quaterna
2111 2221 2390 2276 foramina
2436 2221 2703 2290 antiquae

1551 2295 1728 2350 tibiae
1776 2294 2114 2348 habuerunt.
2185 2293 2302 2347 Alii
2347 2293 2544 2347 dicunt
2586 2310 2701 2346 non

1552 2366 1679 2436 plus
1727 2382 1894 2433 quam
1940 2365 2108 2420 tria.“
2197 2367 2364 2419 Acro.
2413 2363 2698 2419 Plutarch.

1553 2439 1623 2493 de
1654 2439 1846 2493 music.
1875 2437 1967 2491 30:
2008 2431 2178 2505 ,,ἇλ.λά
2201 2435 2308 2507 γὰρ
2332 2440 2425 2488 καὶ
2449 2431 2700 2504 αὐλητικὴ

1553 2506 1665 2562 ἀπὸ
1726 2507 2099 2576 ἁπλουστέρας
2170 2511 2246 2567 εἰς
2309 2510 2702 2576 ποικιλωτέραν

1552 2586 1892 2652 μεταβέβηκε
1937 2575 2258 2652 μουσικήν.“
2345 2577 2702 2634 Weissenfels

1553 2654 1586 2707 1.
1625 2654 1663 2707 1.
1703 2671 1758 2723 p.
1803 2655 1930 2706 103:
2009 2651 2137 2720 „Ihr
2186 2651 2308 2721 (der
2345 2650 2528 2716 Fliite)
2578 2649 2702 2705 Ton

1553 2725 1653 2780 hat
1707 2724 1826 2779 sich
1881 2723 2183 2778 verstiirkt.
2289 2721 2702 2792 Metallglieder

1554 2795 1838 2851 verleihen
1875 2795 1993 2849 ihm
2017 2795 2188 2848 Kraft
2223 2794 2337 2847 und
2374 2793 2704 2849 durchdrin-

1555 2867 1734 2939 gende
1761 2865 2008 2935 Schfirfe,
2027 2867 2181 2920 ihrer
2201 2865 2550 2936 Oeffnungen
2580 2865 2705 2919 sind

1554 2939 1810 2994 mehrere
1847 2937 2160 3009 geworden.
2198 2937 2328 2993 Und
2363 2937 2523 2991 nicht
2553 2936 2706 2990 bloss

1556 3011 1648 3064 ihr
1693 3010 1840 3078 Ton,
1896 3009 2038 3064 auch
2093 3009 2185 3064 die
2228 3009 2432 3076 Musik,
2489 3008 2580 3062 (116
2625 3008 2706 3062 616

1557 3081 1930 3138 auszufiihren
1993 3081 2092 3134 hat
2106 3121 2120 3147 ,
2174 3079 2248 3134 ist
2304 3080 2428 3134 61116
2498 3079 2704 3134 andere

1557 3153 1870 3225 geworden.
1936 3151 2155 3206 Friiher
2193 3168 2302 3206 von
2337 3155 2504 3206 unter
2543 3151 2703 3206 eord-

1556 3231 1716 3280 neter
1751 3225 2082 3294 Bedeutung
2107 3223 2189 3277 als
2213 3223 2362 3278 bloss
2399 3223 2508 3293 beg
2531 3222 2703 3276 eiten-

1557 3297 1653 3352 des
1700 3297 2060 3361 Iusti-ament,
2119 3294 2220 3349 hat
2266 3295 2345 3348 sie
2393 3296 2582 3363 sp'ater
2631 3311 2704 3348 an

1558 3367 2034 3438 Selbstiindigkeit
2067 3367 2147 3420 im
2177 3365 2323 3434 ‚Tact
2360 3365 2475 3420 und
2509 3365 2569 3418 in
2604 3364 2705 3419 der

1556 3440 1798 3494 Melodie
1810 3455 2132 3510 gewonnen.
2155 3437 2305 3491 Aber
2323 3437 2474 3491 (11666
2498 3435 2704 3490 Selbst·

1557 3511 1907 3582 standigkeit
1967 3510 2042 3564 ist
2096 3511 2155 3564 in
2209 3509 2320 3563 den
2358 3511 2559 3578 Augen
2609 3507 2705 3561 des

1556 3583 1741 3637 Horaz
1799 3583 1924 3637 eine
1963 3579 2332 3636 willkiirliche
2369 3577 2703 3646 Emancipa-

1558 3656 1679 3710 tion
1717 3653 1832 3708 und
1869 3652 2276 3708 iiberschreitet
2321 3651 2412 3704 die
2460 3649 2703 3704 beschei·

1558 3727 1699 3781 dene
1749 3725 1961 3780 Grenze
2015 3725 2110 3779 des
2162 3720 2704 3778 Geschmackvollen.

1557 3799 1730 3853 Wiire
1784 3797 1884 3851 das
1935 3795 2233 3850 Publicum
2293 3794 2450 3849 nicht
2505 3810 2565 3847 so
2611 3809 2704 3863 ge-

1558 3869 1762 3924 mischt
1797 3885 2049 3939 gewesen
2094 3866 2210 3920 und
2255 3865 2414 3920 hiitte
2450 3882 2507 3920 es
2545 3865 2706 3919 einen

1556 3940 1816 3995 reineren
1841 3939 2153 3993 Kunstsinn
2176 3938 2448 3998 besessen.
2476 3953 2536 3990 so
2561 3937 2704 3990 wiir·

1557 4013 1626 4066 de
1686 4029 1742 4066 es
1793 4028 1974 4082 gegen
2032 4011 2124 4065 ein
2168 4027 2228 4064 so
2277 4008 2704 4080 ungebiirliches

1558 4083 1962 4138 Hervortreten
2009 4081 2158 4136 eines
2198 4079 2706 4151 untergeordneten

1557 4155 1876 4210 Elementes
1908 4154 2204 4223 protestirt
2234 4152 2470 4207 haben.“
2502 4180 2563 4189 —
2587 4150 2704 4206 vin-

1557 4225 1672 4296 cta]
1709 4225 1802 4280 Sic
1825 4225 2026 4295 optimi
2052 4225 2230 4292 codd„
2256 4225 2316 4278 in
2341 4225 2520 4292 iisque
2540 4223 2706 4276 Blan-

1559 4297 1746 4352 dinius
1774 4297 2190 4365 antiquissimus
2216 4296 2424 4364 aliique
2447 4294 2706 4362 Cruquii3

1561 4374 1831 4438 quattuor
1865 4373 2056 4423 tamen
2084 4367 2316 4437 Cruquii
2341 4366 2550 4420 habent
2584 4365 2704 4420 itm-

1561 4446 1666 4503 cta,
1721 4457 1858 4510 quos
1905 4438 2079 4494 secuti
2136 4442 2268 4492 sunt
2311 4437 2597 4492 Bentleius
2649 4443 2708 4492 et

1559 4512 1887 4567 Meinekius.
1908 4539 1973 4551 —-
1989 4511 2170 4580 spissa
2192 4507 2412 4579 sedilia]
2434 4507 2504 4564 cf.
2524 4507 2704 4577 Epist.

1559 4583 1604 4652 1,
1644 4581 1728 4652 19,
1754 4585 1842 4638 41.
1878 4583 2031 4638 infra
2067 4581 2190 4636 381.
2229 4611 2295 4620 —
2332 4579 2704 4651 numerabilis]
