3092 5059
466 212 591 277 444

1420 214 1927 282 SATIRARUM

567 398 904 497 „Quanti
939 416 1243 500 emptae
1258 400 1347 480 ‘?“
1375 399 1752 500 „Parvo.“
1781 403 2126 500 „Quanti
2152 428 2337 499 ergo
2356 402 2445 480 ?“
2475 400 2884 498 „Oetussi-

2185 524 2406 603 bus.“
2461 526 2730 623 „Eheu
2755 526 2774 599 l

568 651 776 743 Quid
813 654 1078 748 refert,
1115 654 1388 728 morbo
1420 680 1521 729 an
1564 654 1789 728 furtis
1833 677 2304 752 pereamque
2336 652 2628 752 rapinis
2645 648 2738 727 ?“
2783 694 2874 704 -

566 774 934 866 Quisnam
957 777 1196 875 i‘gitur
1216 804 1445 855 sanus
1462 779 1499 851 ⁴?
1522 777 1725 874 „Qui
1747 803 1902 852 non
1925 773 2274 853 stultus.“
2303 776 2516 869 Quid
2535 802 2816 852 avarus
2837 775 2878 847 ⁴?

566 900 908 995 „Stultus
962 916 1041 977 et
1086 901 1474 979 insanus.“
1525 902 1790 995 Quid?
1841 903 1908 978 si
1961 904 2132 1002 quis
2187 927 2342 977 non
2394 902 2493 977 sit
2543 928 2842 995 avarus,

465 1060 540 1098 ιω
565 1022 953 1100 Continuo
1006 1029 1283 1103 sanus?
1338 1022 1782 1124 ‚,Minime.“
1835 1026 2019 1122 Cur,
2073 1024 2384 1101 Stoice?
2439 1023 2836 1121 „Dicam.“

562 1148 741 1224 Non
793 1164 907 1226 est
958 1150 1351 1228 cardiacus
1402 1192 1503 1203 —
1556 1150 1958 1227 Craterum
2015 1150 2296 1227 dixisse
2339 1163 2606 1249 putato
2651 1190 2758 1203 -

562 1273 717 1349 Hic
766 1300 1041 1373 aeger:
1094 1286 1305 1351 recte
1349 1288 1463 1352 est
1510 1274 1752 1373 igitur
1801 1278 2264 1375 surgetque?
2316 1275 2388 1349 N
2391 1274 2653 1373 egabit

566 1397 797 1491 Quod
847 1401 1045 1477 latus
1100 1415 1235 1478 aut
1282 1426 1507 1477 renes
1561 1403 1836 1478 morbo
1857 1382 1866 1392 ’
1889 1414 2279 1477 tententur
2328 1412 2578 1475 acuto,

562 1526 736 1602 Non
790 1540 905 1601 est
951 1527 1305 1621 periurus
1356 1553 1610 1627 neque
1655 1527 2054 1622 sordidus3
2103 1524 2455 1602 immolet
2500 1527 2771 1625 aequis

464 1686 537 1727 ιω
564 1650 715 1726 Hic
766 1676 1093 1751 porcum
1144 1652 1511 1729 Laribus:
1565 1678 1836 1729 verum
1893 1653 2348 1728 ambitiosus
2403 1665 2480 1727 et
2527 1652 2820 1747 audax;

563 1775 897 1873 Naviget
945 1776 1426 1877 Anticyram.
1533 1778 1740 1872 Quid
1795 1780 2000 1855 enim
2053 1777 2335 1873 differt,
2402 1776 2872 1853 barathrone

563 1901 820 1977 Dones
866 1902 1241 2002 quicquid
1289 1903 1552 2002 habes,
1605 1930 1706 1979 an
1758 1928 2160 2002 nunquam
2213 1916 2435 1979 utare
2486 1902 2830 2003 paratis?

566 2027 877 2103 Servius
936 2025 1319 2126 Oppidius
1374 2030 1660 2108 Canusi
1711 2028 1866 2105 duo
1919 2028 2262 2129 praedia,
2323 2026 2538 2105 dives

567 2152 911 2254 Antiquo
966 2178 1223 2251 censu,
1277 2156 1531 2252 gnatis
1587 2156 1873 2233 divisse
1927 2155 2224 2233 duobus

466 2312 541 2355 1⁶10
565 2279 843 2355 Fertur
892 2293 969 2358 et
1018 2278 1170 2355 hoc
1218 2281 1557 2356 moriens
1603 2280 1862 2377 pueris
1917 2280 2205 2355 dixisse
2257 2280 2546 2355 vocatis

565 2403 696 2479 Ad
748 2404 1065 2483 lectum:
1122 2405 1589 2504 „Postquam
1643 2418 1722 2481 te
1769 2403 1989 2502 talos,
2045 2403 2272 2501 Aule,
2325 2428 2722 2505 nucesque

563 2528 806 2607 Ferre
855 2531 1029 2607 sinu
1078 2531 1276 2628 laxo,
1332 2529 1626 2607 donare
1669 2544 1746 2607 et
1792 2530 2063 2606 ludere
2111 2528 2294 2627 vidi,

461 2783 722 2851 Aegypto
760 2780 831 2834 ad
868 2796 999 2834 usus
1032 2779 1377 2835 medicorum
1414 2798 1617 2849 appor-

462 2852 680 2906 tabant.
769 2852 1027 2907 Geterum
1082 2852 1617 2920 antepaenultimam

464 2923 751 2991 syllabam,
796 2928 1001 2978 natura
1048 2924 1295 2990 brevem,
1345 2924 1618 2992 produxit

464 2994 749 3062 Horatius,
770 3002 834 3049 ut
858 2995 1047 3049 versui
1084 2995 1221 3049 satis
1258 2995 1487 3051 faceret.
1523 2994 1616 3049 Ti-

462 3066 745 3120 ssnarium
782 3066 1132 3121 deminutiva
1164 3066 1347 3120 forma
1376 3071 1477 3128 est,
1503 3084 1615 3136 qua

462 3138 719 3193 consulto
738 3139 922 3192 utitur
940 3138 1201 3202 medicus,
1222 3154 1292 3192 ne
1303 3139 1471 3193 nimis
1491 3156 1616 3209 per·

462 3210 788 3263 terrefaciat
800 3228 1033 3265 avarum
1044 3215 1444 3280 aegrotantem.
1468 3210 1614 3265 Plin.

462 3282 526 3335 N.
565 3281 635 3335 H.
674 3281 879 3349 XVIII,
916 3283 967 3350 7,
1006 3282 1101 3334 ⁷1:
1176 3280 1335 3350 „Indi
1374 3283 1618 3336 maxime

463 3370 630 3421 oryza
665 3352 933 3423 gaudent,
966 3371 1035 3407 ex
1071 3370 1183 3423 qua
1213 3354 1452 3407 tisanam
1492 3371 1618 3408 con·

462 3424 679 3493 ficiunt,
742 3442 908 3493 quam
964 3425 1170 3493 reliqui
1220 3425 1490 3479 mortales
1549 3444 1617 3479 ex

463 3496 727 3551 hordeo.“
751 3526 817 3535 ·-
838 3496 1047 3566 morbo]
1077 3497 1259 3551 morbi
1295 3498 1614 3567 curatione3

464 3586 589 3623 suas
626 3568 774 3623 enim
822 3573 991 3638 putat
1025 3585 1158 3639 opes
1201 3569 1445 3623 minores
1500 3586 1618 3624 esse

465 3658 634 3709 quam
690 3641 891 3709 quibus
949 3641 1129 3709 possit
1185 3641 1399 3695 curatio
1458 3658 1616 3710 prse-

464 3712 620 3779 stari,
650 3728 778 3765 cum
800 3712 1133 3767 tisanarium
1170 3713 1282 3766 iam
1319 3717 1445 3766 octo
1484 3713 1617 3767 assi·

462 3784 568 3839 bus
608 3788 840 3838 constet.
914 3783 1069 3837 Dicit
1107 3784 1285 3854 igitur
1320 3783 1617 3845 medicum,

466 3875 499 3909 a
548 3872 658 3925 quo
705 3855 963 3909 defensus
1006 3856 1081 3909 sit
1127 3874 1161 3909 a
1209 3855 1422 3924 rapinis
1459 3856 1616 3910 here·

463 3928 613 3991 dum,
650 3944 799 3981 nunc
834 3944 893 3981 se
928 3927 1164 3997 perdere
1247 3927 1468 3981 retiosis
1506 3944 1616 3981 me-

460 3999 809 4053 dicamentis.
832 4028 898 4037 --
924 3998 1216 4053 cardiacus
1280 4000 1377 4067 qui
1403 4016 1470 4052 ex
1506 4002 1618 4052 sto·

462 4070 661 4126 macho
698 4071 943 4137 laborat3
984 4070 1183 4136 καρδία
1210 4070 1357 4124 enim
1386 4086 1498 4123 non
1526 4086 1618 4124 cor

462 4148 703 4205 tanturn,
740 4142 835 4196 sed
874 4143 1044 4196 etiam
1080 4159 1140 4196 os
1176 4141 1476 4195 ventriculi
1514 4146 1616 4195 est.

467 4244 533 4253 —
559 4212 866 4282 &ates-um]
905 4230 1015 4281 quo
1040 4214 1215 4267 nobili
1242 4213 1457 4266 medico
1485 4230 1618 4266 usus

464 4287 575 4339 ism
613 4290 734 4339 erat
768 4284 1008 4339 Atticus,
1085 4285 1193 4339 Cic.
1234 4284 1304 4337 ad
1344 4286 1461 4338 Att.
1490 4284 1618 4351 XII,

469 4360 551 4411 14.
608 4384 675 4395 —
736 4356 1030 4426 tententur]
1098 4356 1190 4410 Sic
1242 4356 1617 4425 antiquissimi

467 4428 687 4484 codices
723 4445 860 4498 quos
880 4427 1135 4481 Mueller.
1155 4444 1375 4496 quoque
1412 4433 1469 4482 et
1489 4427 1621 4481 Hol-

466 4500 583 4554 der.
620 4502 797 4554 secuti
834 4506 981 4565 sunt,
1021 4498 1120 4552 alii
1156 4504 1221 4553 ut
1250 4498 1436 4553 Lehrs.
1474 4500 1620 4553 Krii-

1711 2781 1882 2836 habet
1916 2797 2017 2835 cur
2065 2784 2236 2850 neget
2279 2779 2553 2848 medicus;
2599 2796 2670 2833 ex
2712 2779 2872 2833 cuius

1713 2854 1900 2907 animo
1923 2852 2121 2907 melius
2152 2852 2289 2907 haec
2307 2851 2677 2922 proferuntur
2705 2868 2873 2919 quam

1712 2925 2042 2993 simpliciter
2069 2923 2355 2979 adduntur
2391 2942 2424 2977 a
2443 2921 2648 2977 Stoico.
2689 2922 2875 2991 Epist.

1712 2997 1755 3063 Ι,
1794 2998 1845 3061 6,
1885 2997 1954 3049 28
1991 2996 2142 3049 idem
2179 3012 2356 3065 prope
2387 2993 2700 3048 versiculus
2737 2994 2875 3065 legi·

1713 3074 1833 3135 tur3
1874 3068 1954 3121 ibi
1990 3076 2178 3121 autem
2215 3072 2367 3121 recte
2405 3066 2624 3120 codices
2659 3065 2872 3119 indica-

1711 3140 1890 3194 tivum
1927 3144 2177 3193 tuentur.
2215 3138 2467 3208 Hauptio
2501 3138 2550 3192 si
2573 3137 2872 3203 credimus,

1711 3211 2016 3267 versiculus
2070 3228 2138 3263 ex
2185 3209 2426 3279 epistula
2471 3208 2513 3271 Ι,
2551 3210 2604 3277 6,
2641 3210 2714 3262 28
2765 3207 2873 3262 huc

1711 3284 1782 3338 ab
1820 3283 2226 3351 interpolatore
2278 3281 2585 3335 translatus
2623 3284 2735 3348 est3
2775 3280 2872 3333 Ca·

1710 3355 1863 3408 rolus
1925 3358 2124 3408 contra
2179 3352 2333 3407 Frid.
2386 3352 2741 3407 Hermannus
2805 3369 2871 3405 ex

1709 3427 1817 3480 hoc
1852 3426 1974 3480 loco
2013 3426 2072 3479 in
2109 3425 2407 3493 epistulam
2443 3425 2726 3477 intrusum
2755 3440 2870 3477 esse

1713 3496 2044 3552 adfirmavit.
2119 3496 2476 3551 Servabimus
2525 3512 2752 3549 versum
2813 3495 2872 3547 in

1712 3574 1953 3637 utroque
2011 3570 2151 3630 1000,
2234 3584 2558 3636 quanquam
2619 3566 2870 3635 Hauptio

1712 3640 2025 3695 Meinekius
2061 3645 2118 3694 et
2152 3638 2430 3694 Linkerus
2473 3638 2871 3693 assentiuntur.

1714 3743 1802 3849 ἐξ,
1822 3710 2598 3853 fffff-”ls‘a‘iffifssiffssns
2617 3708 2872 3833 ¹?stss

1717 3857 1791 3925 (v.
1829 3857 1922 3924 ’78)
1960 3854 2212 3908 homines
2249 3852 2494 3923 impellit
2531 3852 2606 3907 ad
2650 3852 2872 3921 quidvis

1713 3926 2048 3983 audendum.
2073 3954 2138 3965 -—
2164 3923 2517 3993 barathrone]
2556 3922 2870 3994 largitioni·
2945 3940 2954 3953 ·

1712 4000 1833 4065 bus,
1858 3998 2063 4067 quibus
2097 3997 2390 4067 popularis
2415 4014 2554 4050 aura
2591 3998 2870 4065 captatur.

1712 4071 1778 4124 Id
1817 4070 1913 4138 qui
1948 4069 2105 4135 facit,
2143 4086 2255 4122 non
2281 4067 2478 4122 melius
2503 4066 2868 4121 facultatibus

1713 4143 1824 4195 suis
1855 4142 2043 4195 utitur
2071 4156 2238 4209 quam
2267 4156 2485 4208 avarus,
2511 4139 2608 4207 qui
2632 4138 2868 4192 intactas

1713 4232 1803 4267 eas
1841 4218 2046 4267 servat.
2121 4212 2232 4265 Cur
2267 4213 2368 4279 ita,
2405 4211 2662 4279 exemplo
2693 4208 2866 4264 Servii

1715 4284 1946 4354 Oppidii
1982 4284 2274 4353 probatur.
2324 4312 2388 4321 —
2440 4282 2669 4351 divisse]
2709 4282 2780 4335 cf.
2818 4300 2868 4335 v.

1713 4358 1835 4410 273.
1875 4354 1991 4411 Sat.
2030 4356 2072 4419 Ι,
2109 4356 2161 4423 9,
2199 4356 2286 4408 73.
2326 4354 2369 4421 1,
2407 4356 2459 4422 5,
2495 4354 2585 4408 79.
2618 4382 2686 4393 -—
2728 4352 2868 4407 anti-

1717 4444 1820 4497 quo
1869 4428 2050 4497 censu]
2107 4426 2280 4480 Recte
2330 4428 2548 4480 Acron:
2599 4426 2774 4494 „quia
2825 4424 2866 4477 si

1719 4500 1844 4569 quis
1893 4499 2204 4568 antiquitus
2256 4498 2367 4552 duo
2414 4496 2650 4568 praedia
2707 4496 2868 4551 habe-

466 4588 581 4641 ger.
620 4575 920 4626 tentantur.
962 4570 1363 4625 coniunctivae
1400 4588 1623 4626 causam
1716 4571 1834 4639 bat,
1877 4571 2031 4625 dives
2081 4570 2466 4626 censebatur.“
2540 4568 2868 4639 Quanquam
