3092 5059
435 203 560 268 242

1397 199 1857 268 CARMINUM

735 387 906 466 Iam
957 389 1238 466 durum
1289 389 1673 489 imperiis3
1727 389 1859 465 abi

838 513 1012 608 Quo
1066 514 1400 591 blandae
1444 514 1809 590 iuvenum
1862 525 1939 589 te
1982 526 2351 590 revocant
2397 537 2688 612 preces.

735 639 1293 737 Tempestivius
1343 642 1424 716 in
1480 640 1801 715 domum

657 801 708 840 ιο
842 764 1095 841 Paulli
1145 766 1556 866 purpureis
1603 764 1762 841 ales
1817 765 2163 841 oloribus

739 887 1273 967 comissabere
1321 891 1665 988 Maximi,

840 1013 921 1092 Si
973 1029 1268 1092 torrere
1308 1017 1520 1094 iecur
1572 1017 1879 1116 quaeris
1929 1015 2333 1092 idoneum:

736 1139 1089 1240 Namque
1141 1153 1218 1217 et
1267 1141 1551 1217 nobilis
1604 1153 1679 1218 et
1730 1141 2009 1218 decens

831 1267 938 1341 ‘Et
983 1291 1127 1366 pro
1181 1265 1531 1341 sollicitis
1582 1292 1742 1341 non
1792 1267 2065 1343 tacitus
2114 1265 2265 1342 reis

661 1370 708 1463 ns
741 1392 840 1467 Et
889 1404 1190 1468 centum
1245 1417 1442 1490 puer
1491 1393 1775 1467 artium

842 1513 1028 1592 Late
1081 1516 1304 1614 signa
1355 1516 1557 1592 feret
1605 1515 1927 1592 militiae
1978 1528 2175 1610 tuae,

741 1639 841 1714 Et
877 1638 1344 1738 quandoque
1389 1639 1778 1740 potentior

841 1763 1084 1864 Largi
1133 1765 1579 1841 muneribus
1628 1765 1884 1841 riserit
1934 1764 2241 1861 aemuli,

745 1886 1092 1965 Albanos
1143 1916 1390 1988 prope
1431 1904 1510 1966 te
1554 1889 1764 1966 lacus

653 2048 710 2088 20
843 2015 1090 2090 Ponet
1139 2041 1653 2092 marmoream
1705 2016 1846 2092 sub
1899 2016 2118 2092 trabe
2169 2014 2425 2092 citrea.

448 2223 520 2234 —
573 2194 808 2265 βαθέσι]
861 2195 1194 2266 metaphora
1247 2201 1470 2266 sumpta
1525 2194 1604 2250 ab

447 2266 606 2335 equis
661 2267 754 2334 (cf.
818 2267 1000 2322 Carm.
1046 2267 1146 2334 111,
1195 2271 1248 2337 7,
1292 2269 1418 2338 25);
1468 2267 1600 2322 inde

1699 2199 1887 2250 autem
1922 2213 2035 2250 non
2070 2193 2447 2251 rubicundum
2500 2197 2585 2248 est
2632 2193 2737 2248 sed
2770 2193 2854 2248 ni·

1698 2268 1883 2322 tidum
1908 2283 1975 2322 ac
1998 2266 2323 2340 splendens;
2360 2267 2443 2322 ita
2466 2266 2637 2320 etiam
2660 2265 2855 2320 nivem

445 2339 619 2393 etiam
663 2337 942 2393 adiectiva
992 2339 1174 2394 mollis
1207 2343 1265 2393 et
1301 2337 1491 2393 durus,
1529 2367 1597 2378 —
1692 2355 2031 2408 purpuream
2084 2339 2273 2394 dicere
2324 2342 2635 2408 potuerunt
2686 2336 2855 2392 latini

445 2415 499 2465 te
547 2409 818 2480 revocant]
870 2410 1166 2480 Ingeniosa
1223 2410 1449 2480 quidem
1503 2410 1603 2466 sed

445 2498 561 2535 non
633 2483 939 2536 necessaria
1022 2483 1342 2538 coniectura
1415 2481 1601 2536 Peerl-

446 2551 659 2622 kampii
716 2557 802 2608 est
855 2554 964 2609 rite
1007 2559 1225 2623 vocant,
1277 2571 1410 2608 nam
1453 2569 1600 2609 revo-

445 2630 574 2678 cant
608 2641 723 2678 non
759 2629 844 2678 est
890 2625 1097 2679 iterum
1135 2629 1358 2684 vocant.
1395 2625 1492 2679 sed
1531 2642 1600 2694 „a

447 2712 538 2748 me
573 2695 646 2750 ad
681 2713 741 2750 se
783 2697 1040 2778 vocant.“
1093 2696 1207 2752 Sat.
1257 2697 1330 2765 ΙΙ,
1376 2699 1427 2764 3,
1473 2699 1599 2751 264.

449 2795 518 2891 ,Ξῖ
551 2766 1600 2910 oviffi⁶⁸÷2¹32¹tf³1v5²zgt³ssf3²¹3÷²3333

449 2909 616 2964 ambo
672 2911 1114 2980 tempestiveque
1171 2913 1474 2981 sepultos.“
1527 2939 1601 2950 —-

447 2981 513 3034 in
563 2981 802 3051 domum]
857 2981 1004 3037 Boni
1051 2985 1224 3038 etiam
1273 2983 1492 3038 codices
1537 2982 1602 3036 in

449 3051 630 3120 ἄοικος
688 3053 896 3108 rectius
938 3063 1132 3110 tamen
1175 3055 1318 3110 illud
1365 3059 1601 3125 propter

449 3128 668 3178 motum
722 3125 819 3194 qui
873 3126 1021 3182 inest
1077 3127 1138 3180 in
1189 3126 1600 3182 comissatione.

449 3193 672 3251 Miiller.
721 3213 870 3252 nunc
919 3215 982 3252 su
1051 3197 1232 3254 icatus
1289 3201 1374 3254 est
1419 3197 1599 3252 Hora-

449 3267 593 3321 tium
658 3268 942 3338 scripsisse
1119 3287 1174 3324 u.
1247 3299 1309 3309 —
1389 3268 1601 3337 Pauus]

449 3337 626 3392 Recte
661 3341 1032 3410 suspicantur,
1067 3359 1182 3396 non
1205 3341 1468 3396 Paullum
1493 3340 1599 3394 Fa·

449 3409 606 3464 bium
629 3409 957 3480 Maximum,
983 3413 1081 3467 sed
1116 3413 1236 3468 eius
1269 3411 1450 3466 filium
1489 3413 1601 3482 sig-

449 3479 690 3550 nificari,
729 3483 803 3538 ad
838 3500 1004 3552 quem
1030 3483 1384 3540 dulcissimae
1410 3483 1603 3539 Ovidii

452 3552 726 3622 epistulae
780 3571 850 3608 ex
903 3555 1086 3611 Ponto
1141 3555 1383 3625 scriptae
1435 3559 1599 3624 sunt3

453 3623 502 3677 is
557 3642 608 3680 a.
668 3627 700 3678 7
703 3625 772 3679 39
829 3625 1162 3696 vigesimum
1217 3626 1334 3682 fere
1391 3644 1601 3681 annum

528 3695 676 3750 ebat.
747 3697 906 3752 Ovid.
965 3716 1037 3753 ex
1095 3698 1258 3754 Pont.
1313 3699 1368 3766 Ι,
1423 3701 1486 3769 2,
1545 3703 1598 3751 1:

453 3712 752 3836 maxime,
799 3769 896 3837 qui
943 3771 1090 3825 tanti
1134 3788 1452 3826 mensuram
1503 3787 1601 3824 no-

451 3838 620 3894 minis
643 3840 863 3910 imples,
887 3841 967 3895 Et
1001 3844 1252 3912 geminas
1288 3843 1463 3897 animi
1499 3860 1601 3896 no·

451 3909 676 3968 bilitate
712 3914 948 3982 genus;“
987 3913 1120 3968 ibid.
1167 3915 1262 3970 69:
1313 3913 1601 3983 „Suscipe,

453 3981 742 4038 Romanae
765 3981 1045 4052 facundia,
1068 3985 1330 4048 Maxime,
1355 3987 1607 4056 linguae,

453 4053 717 4110 Difficilis
755 4072 952 4111 causae
995 4057 1132 4111 mite
1167 4057 1600 4127 patrocinium.“

453 4125 590 4182 ibid.
627 4126 701 4195 II,
738 4127 791 4194 3,
834 4132 886 4181 1:
961 4127 1260 4197 „Maxime,
1298 4129 1396 4198 qui
1435 4129 1601 4184 claris

453 4214 656 4252 nomen
701 4198 1007 4253 virtutibus
1051 4217 1276 4269 aequas,
1311 4199 1428 4256 Nec
1463 4200 1601 4254 sinis

453 4269 744 4340 ingenium
763 4269 1062 4326 nobilitate
1079 4272 1316 4340 premi.“
1335 4271 1474 4327 ibid.
1497 4271 1601 4333 111,

454 4342 508 4408 3,
531 4341 592 4394 2:
631 4340 714 4408 „0
741 4341 892 4396 sidus
925 4341 1152 4410 Fabiae,
1177 4342 1442 4412 Maxime,
1508 4359 1600 4397 en·

455 4411 549 4479 tis,
573 4411 760 4466 ades.“
785 4441 848 4454 -
871 4429 1041 4482 μνη).
1079 4413 1152 4468 cd.
1176 4413 1438 4484 oloribus]
1500 4431 1603 4485 psa

458 4481 644 4536 Venus
679 4483 958 4551 siquidem
1005 4485 1159 4539 alata
1208 4502 1322 4539 non
1365 4491 1469 4553 est,
1510 4503 1601 4542 ve·

455 4551 612 4608 hitur
673 4558 860 4610 tamen
919 4555 1166 4610 alitibus.
1249 4557 1603 4626 Purpureum

1699 2415 1914 2482 poetae.
1937 2439 2003 2452 -·-·
2022 2410 2191 2481 iecur]
2212 2409 2384 2479 Apud
2408 2410 2674 2478 antiquos
2698 2409 2855 2464 iecur

1701 2481 1950 2537 omnium
1971 2483 2347 2552 cupiditatum
2365 2480 2521 2536 sedes
2542 2484 2644 2548 est,
2678 2480 2855 2535 etiam

1702 2555 1923 2608 amoris.
1942 2553 2125 2623 Epist.
2136 2553 2179 2618 Ι,
2204 2555 2289 2623 18,
2300 2554 2461 2608 72.-
2472 2551 2706 2622 torrere]
2728 2551 2854 2606 Sus·

1700 2641 1935 2694 pensum
1971 2624 2079 2680 hoc
2114 2625 2351 2681 verbum
2378 2629 2463 2678 est
2498 2628 2556 2678 et
2580 2641 2652 2678 ex
2676 2623 2857 2677 verbo

1702 2696 1922 2766 quaeris
1958 2702 2015 2751 et
2053 2715 2121 2752 ex
2158 2696 2269 2751 adi.
2292 2695 2573 2751 idoneum:
2611 2694 2657 2748 si
2688 2712 2859 2764 quae·

1700 2769 1778 2822 ris
1816 2773 2033 2823 torrere
2069 2769 2241 2833 iecur,
2278 2767 2430 2838 quod
2479 2767 2749 2821 idoneum
2782 2766 2856 2820 sit

1702 2839 1773 2894 ad
1812 2840 2159 2894 torrendum.

1774 2911 1837 2964 V.
1882 2913 1962 2966 13.
2020 2910 2225 2979 decens]
2281 2909 2579 2973 formosus,
2634 2913 2707 2962 ut
2756 2907 2857 2976 111,

1700 2985 1789 3050 27,
1817 2983 1903 3036 53.
1948 2983 2043 3037 Ad
2076 2999 2143 3038 ea
2179 2997 2325 3051 quae
2359 2985 2675 3050 sequuntur
2710 2997 2859 3036 com·

1704 3071 1847 3123 para
1888 3055 2069 3109 Carm.
2105 3054 2178 3123 H,
2222 3056 2269 3122 1,
2312 3053 2392 3106 13.
2420 3079 2489 3093 —
2514 3056 2731 3108 eentum
2768 3068 2857 3107 ar·

1700 3124 1861 3195 tima]
1912 3125 1985 3181 cf.
2037 3127 2149 3181 Cic.
2202 3125 2363 3180 Roso-
2410 3126 2538 3178 Am.
2586 3125 2677 3191 41,
2737 3125 2855 3178 120.

1701 3195 1863 3252 Ovid.
1902 3197 2059 3252 Rem.
2104 3199 2231 3251 Am.
2272 3197 2407 3250 ‘7132
2482 3195 2633 3264 „Nec
2670 3195 2855 3250 solam

1700 3267 1920 3334 faciem,
1956 3285 2140 3324 mores
2177 3285 2401 3338 quoque
2440 3266 2634 3322 confer
2670 3271 2733 3322 et
2770 3285 2855 3321 ar·

1700 3341 1838 3394 tes.“
1858 3341 2181 3396 —militiae
2216 3338 2365 3409 me]
2407 3339 2539 3394 vide
2574 3337 2649 3393 ad
2674 3338 2859 3394 Carm.

1701 3412 1800 3476 111,
1828 3413 1917 3480 26,
1943 3415 1993 3466 2.
2047 3411 2267 3466 Blanda
2304 3414 2392 3465 est
2418 3407 2689 3465 Meimln'i
2730 3427 2861 3466 con·

1698 3484 1933 3548 iectura,
1990 3483 2291 3538 Horatium
2342 3482 2627 3552 scripsisse
2670 3481 2859 3537 videri

1698 3556 1811 3610 late
1850 3555 2084 3610 militiae
2130 3556 2299 3624 siqua
2342 3555 2483 3621 feret
2530 3559 2676 3611 tuae.
2754 3553 2861 3622 „In

1700 3627 1807 3681 hoc
1844 3626 1993 3681 enim
2040 3628 2209 3681 metri
2257 3641 2462 3698 genere
2510 3624 2859 3679 adiectivum

1700 3703 1759 3752 et
1810 3698 2227 3754 substantivum
2280 3698 2362 3752 sic
2412 3701 2707 3766 ponuntur
2723 3735 2740 3762 ,
2794 3700 2859 3749 nt

1698 3769 1867 3824 finem
1928 3770 2221 3840 utriusque
2290 3768 2505 3824 ordinis
2560 3771 2859 3836 occupent.

1700 3841 1905 3910 (Carm.
1942 3841 1988 3909 Ι,
2029 3845 2075 3910 1,
2114 3845 2163 3896 7.
2202 3844 2256 3896 8.
2294 3843 2347 3895 9.
2392 3842 2469 3894 10.
2514 3840 2596 3893 19.
2636 3840 2725 3893 20.
2764 3839 2855 3892 21.

1700 3915 1789 3966 22.
1828 3915 1912 3966 27.
1954 3912 2041 3967 28.
2080 3913 2195 3982 31.)
2280 3911 2603 3981 Sequuntur
2656 3927 2856 3966 versus

1700 3983 2053 4054 Asclepiadei
2106 3984 2329 4039 easdem
2386 3983 2555 4054 leges,
2605 3999 2745 4050 quas
2796 3981 2857 4035 in

1700 4061 2057 4126 pentametro
2091 4055 2368 4124 dactylico
2400 4059 2595 4124 poetas
2630 4058 2857 4108 secutos

1700 4145 1819 4184 esse
1879 4127 2086 4182 dudum
2162 4127 2513 4182 intellectum
2584 4125 2721 4180 est.“
2788 4153 2857 4164 —

1810 4198 2039 4270 udoque]
2067 4199 2550 4268 quandocumque,
2576 4199 2643 4250 ut
2671 4197 2857 4252 Carm.

1730 4271 1797 4335 V,
1818 4273 1870 4339 2,
1888 4274 1974 4326 34.
1995 4273 2064 4326 A.
2094 4269 2155 4325 P.
2186 4272 2310 4325 359.
2346 4299 2412 4310 —
2438 4268 2613 4339 lami]
2646 4268 2859 4338 quippe

1702 4343 1799 4412 qui
1836 4342 2181 4398 liberalitate
2222 4359 2326 4397 sua
2368 4339 2685 4411 puellarum
2732 4339 2857 4394 ani·

1700 4431 1821 4470 mos
1874 4414 2099 4469 flectere
2164 4415 2406 4470 studeat.
2460 4439 2533 4452 —-
2582 4411 2831 4466 Albanos

1700 4485 1933 4541 Praeter
1956 4485 2245 4542 Albanum
2280 4486 2467 4541 lacum
2500 4483 2727 4553 proprie
2764 4481 2851 4536 di-

1702 4563 1857 4612 ctum
1880 4561 1995 4612 tres
2020 4557 2102 4612 ibi
2128 4558 2228 4612 alii
2254 4563 2313 4612 et
2340 4555 2585 4628 proximi
2620 4553 2855 4609 fuerunt
