3092 5059
1369 201 1829 272 CARMINUM

1323 411 1707 500 CARMEN
1768 411 1875 496 Π.

805 581 1225 656 Pindarum
1284 579 1633 678 quisquis
1684 574 1945 651 studet
1994 575 2391 671 aemulari,

805 707 995 799 Iule,
1046 706 1316 781 ceratis
1372 729 1518 802 ope
1571 699 1960 776 Daedalea

411 914 560 969 enim
579 930 746 982 quam
765 913 1008 968 maxime
1038 929 1155 968 sese
1183 911 1378 983 prodit
1393 910 1559 981 pueri

413 991 693 1041 venustas.
732 985 844 1039 Cfr.
886 984 1067 1039 Carm.
1103 984 1204 1052 111,
1243 985 1328 1050 12,
1366 985 1398 1035 7
1435 998 1558 1050 sqq.

410 1058 490 1112 Et
523 1057 593 1112 cf.
635 1055 791 1111 Ovid.
827 1055 998 1111 Trist.
1027 1056 1095 1124 V,
1130 1061 1174 1121 1,
1196 1057 1287 1109 32:
1328 1053 1561 1122 „Mollia

412 1134 554 1198 quot
577 1127 776 1184 Martis
802 1128 1058 1199 gramina
1086 1143 1310 1196 campus
1333 1125 1561 1180 habet.“

793 1240 1075 1296 Carmen
1111 1239 1181 1294 11.

485 1343 651 1394 Anno
699 1338 806 1392 788
851 1335 1116 1392 Germani
1167 1336 1381 1406 populi,
1440 1335 1563 1390 Usi-

412 1415 588 1483 petes,
623 1408 886 1465 Tencteri
924 1412 982 1462 et
1017 1407 1333 1478 Sygambri,
1370 1424 1563 1462 excur-

416 1484 597 1538 siones
635 1483 695 1536 in
733 1480 974 1536 Galliam
1009 1484 1165 1534 trans
1189 1479 1448 1534 Rhenum
1484 1478 1565 1532 fe-

419 1559 614 1611 cerant
658 1570 839 1622 neque
876 1550 1188 1620 equitatum
1238 1552 1420 1606 solum
1457 1550 1565 1604 Ro-

417 1644 645 1682 manum
692 1629 888 1679 contra
935 1640 994 1677 se
1044 1624 1270 1677 missum
1312 1623 1568 1677 vicerant

421 1698 519 1754 sed
555 1699 722 1753 etiam
763 1696 837 1750 M.
877 1694 1060 1749 Lollio
1109 1695 1297 1766 legato
1335 1711 1569 1765 gravem

423 1769 636 1826 cladem
674 1768 1001 1822 intulerant.
1056 1765 1204 1834 Quos
1240 1770 1306 1819 ut
1341 1766 1567 1820 ulcisce-

419 1847 596 1909 retur,
633 1841 921 1911 Augustus
945 1839 1064 1907 ipse
1097 1838 1157 1891 in
1176 1837 1416 1893 Galliam
1438 1853 1567 1907 pro-

420 1914 601 1969 fectus
636 1910 876 1966 nominis
913 1911 1000 1964 sui
1032 1909 1421 1980 magnitudine
1445 1913 1567 1962 tan·

417 1991 614 2054 topere
651 1982 956 2037 Germanos
994 1981 1216 2048 terruit,
1261 1986 1326 2035 ut
1362 1979 1568 2034 obsidi-

419 2057 525 2111 bus
549 2055 698 2110 datis
723 2055 784 2108 in
807 2071 936 2108 suos
969 2051 1108 2106 fines
1142 2053 1408 2108 redirent.
1447 2050 1569 2119 Quo

421 2128 574 2183 facto
636 2127 1011 2194 restitutoque
1070 2124 1280 2179 honore
1347 2121 1572 2193 imperii

422 2202 742 2270 Augustum
765 2197 1000 2252 Romam
1031 2195 1342 2251 rediturum
1379 2213 1571 2250 omnes

425 2270 843 2340 exspectabant,
864 2268 934 2323 cf.
961 2267 1142 2322 Carm.
1169 2268 1262 2337 IV,
1287 2269 1338 2334 5,
1364 2269 1396 2319 2
1419 2285 1571 2336 sqq.;

424 2360 568 2412 quae
607 2346 798 2396 tamen
848 2357 939 2394 eos
985 2357 1108 2408 spes
1155 2337 1384 2408 fefellit3
1441 2355 1573 2393 nam

424 2414 550 2468 aliis
588 2413 803 2467 interea
839 2411 1002 2466 bellis
1027 2411 1236 2464 exortis
1263 2412 1574 2481 imperator

423 2487 484 2540 in
520 2485 704 2540 Gallia
739 2483 1010 2538 remansit
1041 2499 1221 2552 neque
1257 2482 1428 2537 rediit
1462 2480 1573 2535 nisi

426 2575 473 2612 a.
533 2559 631 2609 741
737 2555 912 2610 acatis
983 2555 1148 2609 rebus
1211 2553 1575 2620 Germanicis,

427 2628 671 2695 Gallicis,
753 2625 1029 2695 ispanicis.
1077 2625 1195 2680 Iam
1234 2643 1357 2680 cum
1396 2644 1445 2680 a.
1467 2625 1573 2678 739

426 2700 496 2754 de
533 2699 700 2754 victis
734 2697 1054 2768 Sygambris
1090 2698 1320 2751 nuntius
1337 2697 1577 2751 Romam

425 2771 788 2842 pervenisset,
823 2769 1116 2838 probabile
1154 2773 1238 2823 est
1273 2768 1577 2823 Horatium

429 2843 500 2897 ab
537 2843 659 2896 Iulo
696 2842 964 2908 Antoni0,
1009 2840 1187 2895 altero
1223 2839 1301 2894 M.
1339 2839 1579 2894 Antonii

429 2914 719 2968 triumviri
772 2930 840 2968 ex
887 2911 1088 2966 Fulvia
1134 2911 1272 2980 filio,
1327 2912 1576 2982 gratioso

428 2982 1579 3112 esttfflzff„.<.f⁰1:055ssffffnffl

430 3127 556 3184 celli
591 3127 785 3198 generi
820 3127 1080 3197 Augusti,
1129 3144 1270 3196 quae
1309 3131 1440 3180 ante
1477 3143 1579 3179 nu-

469 3207 621 3254 serat
652 3200 962 3269 Agrippae)
997 3197 1342 3268 poeticisque
1377 3197 1581 3252 studiis

430 3219 777 3326 {editissimo
832 3269 903 3324 ad
958 3270 1232 3324 canendas
1282 3268 1581 3324 Pindarico.

430 3343 648 3398 ratione
675 3359 847 3396 novas
867 3341 1108 3410 Augusti
1145 3341 1336 3396 laudes
1375 3341 1579 3396 excita-

431 3420 570 3482 tum,
599 3414 707 3468 hoc
738 3430 959 3469 carmen
977 3411 1188 3468 fecisse.
1226 3415 1310 3468 Ac
1333 3413 1579 3483 primum

435 3485 661 3554 quidem
699 3503 867 3555 quam
913 3501 1144 3554 magnus
1197 3485 1272 3538 sit
1307 3484 1583 3540 Pindarus

433 3557 680 3612 ostendit
733 3557 856 3627 (str.
901 3557 1005 3609 1—
1030 3557 1110 3625 7):
1167 3561 1363 3611 contra
1418 3574 1585 3624 quem

434 3633 730 3698 postquam
767 3632 967 3682 octava
991 3627 1223 3696 stropha
1247 3645 1372 3682 suas
1410 3627 1585 3682 facul-

435 3705 579 3755 tates
617 3701 820 3769 posuit,
858 3699 1077 3768 reliqua
1112 3704 1277 3768 parte
1321 3699 1584 3754 carminis

436 3771 496 3826 id
550 3771 700 3840 quod
744 3790 778 3826 a
827 3787 884 3824 se
939 3777 1063 3825 erat
1106 3771 1454 3840 postulatum
1512 3769 1584 3824 ad

436 3843 746 3898 Antonium
791 3842 949 3912 quasi
1003 3843 1235 3913 relegat,
1295 3843 1428 3897 dum
1483 3859 1584 3896 suo

437 3933 591 3970 more
628 3915 778 3969 inter
813 3913 1180 3968 recusandum
1209 3919 1430 3969 tantum
1466 3915 1585 3968 lau-

437 3987 522 4040 dis
561 3986 738 4054 addit,
770 3989 1042 4055 quantum
1067 3985 1184 4055 ipse
1215 3986 1324 4040 sibi
1361 3985 1587 4040 videtur

437 4076 599 4128 posse
637 4057 948 4128 impertire,
985 4055 1265 4127 finemque
1301 4063 1358 4112 et
1387 4057 1586 4112 carmi-

439 4131 526 4184 nis
561 4135 620 4184 et
655 4129 1088 4198 comparationis
1131 4147 1354 4184 suarum
1380 4129 1589 4182 virium

440 4219 562 4256 cum
627 4201 874 4256 Antonio
943 4201 1159 4254 invenit
1230 4201 1589 4255 victimarum

439 4273 764 4342 certamine,
814 4290 949 4342 quas
999 4277 1056 4326 et
1101 4271 1210 4326 sibi
1247 4278 1304 4326 et
1338 4271 1588 4326 Antonio

439 4344 585 4399 festo
623 4343 906 4399 redeuntis
924 4343 1168 4414 Augusti
1193 4341 1284 4398 die
1303 4343 1589 4396 immolan-

441 4413 540 4469 das
577 4433 694 4470 esse
729 4421 932 4470 censet.
988 4413 1354 4470 Victimarum
1394 4414 1590 4468 eadem

443 4485 591 4539 ratio
627 4492 712 4540 est
736 4504 878 4555 quae
913 4486 1260 4555 poeticarum
1297 4485 1590 4556 utriusque

441 4555 797 4611 facultatum.
816 4558 1082 4625 Antonin,
1106 4557 1202 4624 qui
1225 4557 1590 4612 Diomedeam

1661 907 1955 962 duodecim
1972 906 2136 960 libris
2154 906 2471 976 scripserat.
2483 905 2819 961 immolandi

1661 982 1792 1033 sunt
1811 978 2003 1032 decem
2026 979 2195 1032 boves
2224 977 2569 1047 totidemque
2594 995 2818 1045 vaccae,

1662 1050 1900 1105 Horatio
1924 1067 2067 1104 unus
2093 1051 2301 1104 vitulus
2328 1050 2566 1106 candida
2590 1055 2733 1104 nota
2758 1049 2821 1103 in

1664 1122 1852 1176 fronte
1876 1122 2129 1192 insignis,
2166 1121 2399 1190 reliquis
2422 1121 2681 1192 partibus
2708 1121 2820 1175 ful·

1663 1211 1783 1248 vus.
1856 1193 2136 1248 Nimirum
2172 1191 2439 1248 Horatius
2474 1209 2715 1263 parvum
2760 1209 2821 1246 se

1666 1283 1783 1320 esse
1828 1269 2049 1334 poetam
2087 1265 2245 1332 dicit,
2292 1270 2487 1334 aptum
2534 1264 2606 1318 ad
2632 1277 2819 1318 unum

1665 1341 1886 1390 tantum
1945 1340 2271 1407 poematum
2330 1354 2532 1406 genus,
2601 1340 2819 1390 amato-

1665 1409 1839 1478 rium;
1888 1408 2149 1462 sublimia
2196 1425 2419 1480 genera,
2454 1406 2823 1462 Pindaricum

1668 1484 1725 1535 et
1782 1479 2018 1549 epicum,
2074 1497 2107 1533 a
2154 1497 2211 1534 se
2256 1496 2375 1533 esse
2420 1479 2621 1534 aliena.
2696 1478 2823 1546 Qua

1668 1551 1887 1606 ratione
1924 1569 2053 1606 cum
2087 1556 2399 1606 extremam
2438 1557 2661 1621 partem
2700 1567 2821 1604 car-

1669 1624 1835 1677 minis
1872 1623 2236 1692 intellexeris,
2274 1623 2347 1677 ab
2381 1623 2574 1692 iniqua
2600 1622 2822 1692 vitupe-

1669 1696 1891 1750 ratione
1927 1695 2253 1750 abstinebis.
2326 1693 2539 1750 Octava
2584 1694 2823 1763 stropha

1670 1767 1789 1837 ipse
1812 1766 2079 1821 Horatius
2116 1765 2265 1821 inter
2294 1765 2651 1821 Pindaricam
2689 1783 2821 1835 poe·

1670 1839 1777 1892 sim
1823 1842 1881 1892 et
1915 1854 2122 1908 magna
2167 1854 2311 1907 quae
2352 1841 2485 1892 sunt
2528 1837 2826 1907 proposita

1673 1909 1913 1981 Augusti
1948 1909 2203 1964 facinora
2234 1909 2491 1979 utrisque
2512 1909 2701 1979 impar
2723 1924 2824 1979 po-

1670 1982 1853 2050 nitur3
1914 1997 2088 2050 quare
2132 1981 2397 2036 carminis
2442 1981 2825 2036 oeconomiam

1712 2051 1979 2108 erfectam
2004 2057 2157 2108 recte
2176 2052 2507 2108 nominabis.
2546 2052 2617 2108 cf.
2640 2053 2826 2107 Carm.

1702 2165 1717 2194 ,
1752 2127 1802 2178 6.
1841 2123 1914 2193 11,
1958 2125 2039 2178 12.
2076 2123 2169 2189 IV,
2210 2125 2295 2179 15.

1745 2195 1809 2249 V.
1864 2198 1913 2248 1.
1983 2195 2277 2265 aemulari]
2347 2195 2455 2250 Est
2524 2195 2827 2250 discrimen

1674 2267 1823 2322 inter
1867 2267 2084 2322 imitari
2122 2271 2180 2322 et
2226 2266 2521 2336 aemulari;
2577 2267 2677 2337 qui
2723 2267 2826 2321 ali-

1676 2354 1843 2408 quem
1878 2339 2209 2400 aemulatur‚
2254 2355 2496 2408 aequare
2539 2338 2731 2393 studet
2768 2341 2831 2392 et

1675 2427 1965 2551 ‘'1223““332
1994 2428 2109 2537 ¹2⁰3}
2146 2411 2290 2538 iffi.
2319 2411 2828 2537 qssssssssstffizg

1677 2552 1786 2608 Sed
1836 2553 2256 2624 Peerlkampius
2304 2555 2496 2610 Iulum
2547 2554 2829 2609 neminem

1678 2643 1794 2679 esse
1850 2625 1958 2679 nisi
2013 2628 2234 2680 Aeneae
2286 2625 2467 2680 filium
2522 2626 2833 2680 Ascanium

1678 2715 1859 2822 31³3?
1869 2696 2457 2824 ..5203322223533
2459 2701 2833 2823 ιωίοὲἴὲἓξῖᾇ

1678 2840 1903 2923 nomine
1937 2839 2150 2909 alloqui
2174 2845 2329 2895 ratus
2359 2841 2451 2924 {lle
2473 2839 2835 2895 scribendum

1681 2917 2130 3052 {iffifftssssnfgf
2141 2916 2318 3038 '1132
2328 2912 2424 3038 ¹²3?
2444 2917 2837 3038 23032333:

1681 3054 1882 3124 Rufus,
1921 3053 2243 3110 fabularum
2267 3055 2526 3125 scriptor,
2552 3053 2835 3126 significa·

1682 3131 1857 3180 retur.
1956 3125 2244 3182 Peerlkam
2290 3127 2407 3180 ium
2464 3127 2641 3181 secuti
2702 3131 2837 3180 sunt

1682 3197 1891 3252 Keller.
1930 3197 2215 3253 Eckstein.
2362 3201 2495 3266 fitz„
2538 3215 2652 3252 non
2687 3197 2837 3252 Miil-

1682 3269 1802 3339 ler.,
1842 3269 1938 3338 qui
1978 3270 2123 3324 nihil
2166 3270 2313 3324 vidit
2330 3269 2685 3324 difficultatis
2726 3269 2839 3323 nisi

1683 3341 1742 3395 id
1803 3341 1954 3410 quod
2018 3342 2165 3395 inest
2224 3344 2284 3395 in
2337 3340 2555 3410 duplici
2610 3341 2841 3395 nomine

1683 3413 1931 3467 eiusdem
1974 3411 2215 3467 hominis
2251 3413 2395 3482 (Iule
2430 3429 2483 3465 v.
2520 3415 2574 3477 2,
2621 3413 2841 3466 Antoni

1684 3501 1735 3538 v.
1786 3484 1879 3554 26)
1936 3483 1997 3538 in
2050 3485 2243 3540 eodem
2301 3484 2563 3539 carmine.
2652 3483 2841 3539 Locus

1684 3573 1817 3610 vero
1866 3555 2192 3626 desperatus
2240 3561 2343 3623 est,
2386 3573 2517 3610 nam
2558 3555 2701 3610 illud
2750 3555 2841 3610 ille

1684 3627 1849 3682 nimis
1875 3628 2123 3682 ieiunum
2142 3631 2242 3682 aut
2258 3627 2531 3698 frigidum
2557 3631 2643 3681 est
2666 3643 2839 3695 quam

1687 3698 1837 3768 quod
1874 3698 1934 3753 in
1970 3699 2072 3754 tali
2106 3699 2349 3753 carmine
2372 3699 2551 3769 possit
2585 3699 2843 3766 tolerari,

1686 3770 1889 3825 deinde
1926 3788 1996 3825 ne
2036 3770 2137 3824 illa
2175 3771 2402 3839 quidem
2436 3771 2642 3824 misera
2676 3789 2841 3824 κακο-

1687 3847 1871 3913 φωνία
1906 3841 2174 3897 aemulari
2208 3842 2299 3896 ille
2334 3841 2410 3912 (ri
2434 3871 2500 3882 -—
2526 3841 2593 3911 il)
2630 3842 2692 3896 in
2725 3859 2841 3897 ma·

1687 3913 1892 3996 gnifico
1918 3914 2165 3968 carmine
2200 3913 2405 3983 placet,
2431 3913 2587 3969 cuius
2612 3912 2843 3982 quidem

1689 4003 1748 4039 ιιι
1785 3989 1907 4040 toto
1928 3983 2166 4040 Horatio
2198 3985 2310 4040 duo
2334 3989 2559 4040 tantum
2584 3985 2843 4054 exempla

1688 4055 1895 4127 (Carm.
1935 4056 2142 4123 111,15,
2160 4060 2211 4111 4.
2248 4057 2299 4111 Ε
2376 4058 2429 4112 d.
2458 4058 2543 4124 17,
2569 4058 2669 4125 58;
2708 4074 2841 4112 nam

1692 4127 1871 4182 Carm.
1911 4127 1985 4196 ΙΙ,
2025 4130 2077 4196 2,
2116 4129 2149 4181 6
2199 4133 2257 4184 et
2361 4129 2403 4195 1,
2452 4130 2543 4193 27,
2591 4129 2662 4183 48
2712 4146 2841 4198 pro·

1690 4205 1818 4268 pter
1855 4199 2019 4254 colon
2053 4205 2110 4254 et
2145 4204 2419 4269 punctum
2442 4200 2669 4254 diversa
2688 4199 2843 4268 sunt)

1689 4271 2081 4398 {stiffi
2096 4273 2505 4398 :ungam
2536 4271 2669 4400 {a
2650 4273 2841 4406 ‘212‘ss

1690 4413 1911 4485 saepius
1949 4414 2110 4469 iuxta
2144 4421 2453 4484 ponuntur,
2486 4420 2555 4470 ut
2590 4415 2772 4472 Germ.
2796 4415 2843 4474 1.

1689 4486 1743 4553 2,
1784 4488 1865 4541 17.
1904 4487 1995 4541 29.
2040 4487 2140 4550 111,
2184 4487 2270 4555 11,
2312 4489 2393 4542 15.
2438 4487 2621 4558 Epod.
2662 4491 2750 4550 12,
2788 4487 2839 4540 9.

1692 4557 1951 4612 Ceterum
1990 4557 2265 4614 Chi-istius
2301 4559 2649 4616 Monacensis
2684 4560 2743 4613 in
2780 4573 2843 4614 ea
