3092 5059
1096 254 1260 319 LIB.
1303 254 1387 321 11.
1433 252 1687 321 CARM.
1732 252 1843 319 VI.

2518 244 2645 311 473

351 442 680 521 Luserat
727 445 808 521 in
860 468 1175 545 campo:
1229 443 1667 541 „Fortunae
1708 443 1910 518 filius
1934 437 2003 517 1“
2058 462 2349 515 omnes.

267 598 320 640 no
357 566 718 665 Frigidus
769 596 818 646 a
868 569 1134 645 rostris
1188 581 1447 645 manat
1495 593 1640 669 per
1689 566 2027 666 compita
2076 586 2375 675 rumor:

355 691 840 795 Quicumque
863 694 1132 771 obvius
1153 706 1287 790 est,
1311 719 1433 769 me
1457 682 1825 769 cdnsulit:
1858 689 1976 789 „O
2006 691 2232 785 bone,
2250 726 2351 740 —-
2370 710 2551 760 nam
2571 695 2645 758 te

351 816 584 916 Scire,
627 820 814 897 deos
870 819 1232 921 quoniam
1273 820 1593 920 propius
1648 816 2047 914 contingis,
2104 824 2409 915 oportet
2464 850 2547 863 —

347 943 552 1019 Num
604 944 792 1045 quid
845 943 944 1021 de
991 944 1218 1021 Dacis
1273 940 1630 1021 audisti.“
1716 942 1851 1018 Nil
1901 938 2287 1042 equidem.
2360 936 2517 1035 „Ut
2563 946 2646 1009 tu

352 1067 676 1169 Semper
719 1070 870 1146 eris
925 1069 1226 1147 derisor
1249 1066 1318 1144 1“
1421 1067 1530 1145 At
1580 1092 1845 1144 omnes
1899 1065 1981 1141 di
2030 1062 2417 1162 exagitent
2462 1086 2615 1154 me,

269 1225 320 1267 ω
357 1194 440 1272 Si
485 1192 927 1295 quicquam.
1030 1193 1338 1293 „Quid?
1383 1194 1759 1271 militibus
1806 1190 2185 1290 promissa
2238 1188 2649 1287 Triquetra

350 1318 680 1396 Praedia
727 1320 1012 1398 Caesar
1059 1347 1162 1397 an
1213 1333 1328 1398 est
1373 1320 1573 1397 Itala
1622 1317 1898 1395 tellure
1950 1316 2267 1391 daturus
2286 1309 2373 1391 ?“

350 1444 749 1520 Iurantem
799 1470 925 1521 me
973 1445 1170 1522 scire
1222 1444 1415 1521 nihil
1466 1446 1844 1521 mirantur
1894 1454 1979 1517 ut
2026 1466 2265 1516 unum

349 1568 662 1646 Scilicet
711 1570 1010 1669 egregii
1061 1570 1472 1647 mortalem
1517 1570 1811 1669 altique
1860 1566 2135 1643 silenti.

350 1693 714 1771 Perditur
763 1695 956 1770 haec
1004 1697 1207 1771 inter
1260 1694 1543 1771 misero
1590 1692 1728 1769 lux
1778 1718 1937 1769 non
1988 1693 2155 1769 sine
2202 1689 2441 1767 votis:

265 1854 318 1893 ω
355 1816 426 1895 Ο
480 1846 633 1917 rus,
682 1820 994 1920 quando
1047 1845 1194 1920 ego
1247 1833 1326 1897 te
1375 1819 1769 1921 aspiciam,
1827 1817 2291 1920 quandoque
2340 1814 2624 1911 licebit,

349 1942 575 2019 Nunc
623 1957 969 2021 veterum
1014 1945 1234 2022 libris
1285 1971 1492 2021 nunc
1543 1971 1814 2021 somno
1862 1956 1941 2021 et
1986 1942 2363 2019 inertibus
2412 1940 2625 2016 horis

350 2066 653 2144 Ducere
705 2069 1082 2147 sollicitae
1130 2070 1470 2147 iucunda
1520 2070 1812 2146 oblivia
1860 2069 2115 2144 vitae?

357 2191 424 2269 O
477 2193 790 2292 quando
846 2194 1028 2273 faba
1078 2196 1571 2293 Pythagorae
1624 2203 1951 2292 cognata
2002 2192 2391 2292 simulque

354 2317 600 2394 Uncta
649 2320 828 2395 satis
878 2321 1153 2421 pingui
1193 2332 1585 2419 ponentur
1633 2318 2037 2396 holuscula
2085 2317 2365 2395 lardo?

270 2473 324 2514 es
363 2441 430 2519 O
487 2454 750 2520 noctes
803 2470 1191 2546 cenaeque
1243 2444 1508 2521 deum!
1563 2446 1841 2544 quibus
1890 2444 2059 2541 ipse
2111 2442 2419 2542 meique

249 2672 473 2736 tempus
530 2684 600 2721 ex
647 2667 860 2723 maiore
903 2673 1068 2739 parte
1122 2668 1401 2725 codicum:

252 2738 538 2793 Bentleius
555 2777 569 2800 ,
621 2756 786 2809 quem
832 2740 1008 2795 secuti
1053 2746 1186 2795 sunt
1237 2740 1402 2795 Hein-

251 2810 399 2864 dorf.
445 2809 656 2880 Haupt.
698 2812 870 2866 Mein.
930 2812 1158 2868 Linker.
1208 2812 1402 2867 Lehrs.

251 2882 590 2952 specterum-it,
616 2884 820 2937 lusa-it.
838 2913 910 2923 —
929 2884 1064 2955 una]
1105 2902 1230 2938 cum
1252 2884 1402 2938 Mae·

255 2956 468 3008 cenato.
509 2984 575 2993 —-
611 2953 874 3025 friyidus]
913 2956 1014 3024 qui
1044 2956 1306 3011 timorem
1347 2958 1405 3009 et

250 3024 436 3094 frigus
481 3024 700 3079 incutit.
752 3055 818 3064 —
865 3027 1120 3097 compita]
1169 3026 1242 3081 cf.
1287 3026 1403 3081 Sat.

251 3096 325 3150 11.
377 3099 429 3157 3,
479 3097 566 3149 26.
607 3096 730 3150 281.
775 3127 842 3136 —
895 3098 1041 3167 deos]
1098 3098 1279 3153 facete
1333 3098 1405 3152 de

250 3166 486 3306 affl]
511 3167 686 3307 {²193
706 3168 942 3309 Pussssffi
970 3170 1306 3295 himissibff·
1334 3196 1402 3297 ἶ

253 3310 299 3364 P
361 3311 486 3365 438.
688 3279 701 3292 ’
943 3283 956 3295 ’
1031 3281 1046 3310 ’
1156 3282 1172 3309 ’
1281 3283 1295 3297 ’
1389 3281 1404 3295 ’

328 3381 391 3434 V.
429 3382 515 3436 55.
573 3380 885 3451 Triquetra]
924 3382 1135 3450 Sicula3
1173 3387 1405 3453 propter

252 3453 494 3507 somam
529 3452 760 3507 insulae.
833 3453 904 3508 cf.
945 3454 1095 3508 Caes.
1132 3454 1196 3507 Β.
1235 3454 1300 3509 G.
1336 3454 1404 3524 V,

257 3526 340 3583 13.
364 3527 408 3577 1.
436 3554 502 3563 —
531 3522 816 3593 Pcrditur]
839 3524 1180 3580 Lachmann.
1203 3526 1273 3581 ad
1293 3526 1404 3581 Lu-

247 3598 388 3651 cret.
413 3611 468 3664 p.
492 3597 590 3649 121
619 3594 828 3665 docuit,
849 3597 1100 3667 perditur
1123 3615 1226 3667 pro
1259 3598 1407 3667 perit

251 3667 483 3723 omnino
507 3668 728 3723 nullum
748 3668 954 3723 dixisse
972 3674 1030 3724 et
1051 3668 1404 3724 scribendum

250 3756 374 3794 esse
431 3738 718 3807 Pcryitur,
775 3741 865 3795 cui
924 3742 1268 3795 simillimum
1331 3742 1408 3795 sit

251 3810 408 3879 quod
439 3809 602 3864 Ovid.
624 3812 760 3866 Met.
779 3811 876 3879 IV,
902 3813 1002 3867 199
1037 3813 1208 3867 solem
1241 3812 1406 3867 homa

251 3882 525 3937 brumales
540 3883 850 3951 porrexisse
871 3884 1068 3955 fingat.
1105 3883 1404 3953 Hauptius,

249 3953 550 4020 Liukerus,
588 3953 854 4009 Lehrsius
889 3960 1244 4026 receperunt:
1308 3955 1406 4010 sed

249 4024 510 4079 codicum
566 4027 903 4095 scripturam
947 4031 1136 4082 Acron
1185 4045 1408 4097 quoque

249 4100 474 4163 tuetur3
523 4096 603 4151 ibi
649 4098 798 4151 enim
844 4098 1054 4169 legitur
1092 4098 1404 4167 „per-ditur:

252 4168 657 4223 consumitur.“
693 4169 1048 4225 Probabilius
1079 4176 1228 4226 certe
1246 4168 1404 4225 Mad-

253 4240 394 4310 vig.:
435 4240 700 4309 mamitus·
723 4242 760 4294 i.
781 4258 828 4295 e.
855 4242 1062 4296 occidit
1085 4246 1144 4295 et
1167 4243 1224 4295 in
1249 4259 1406 4297 ocea-

253 4327 392 4364 num
429 4312 563 4365 ruit.
603 4310 710 4366 sed
747 4311 818 4366 cf.
858 4313 1138 4367 Ammian.
1159 4314 1406 4368 Marcell.

254 4381 406 4448 XIV,
424 4383 482 4438 5:
523 4382 606 4450 „si
637 4383 908 4453 principis
941 4383 1198 4452 perditur
1235 4385 1406 4439 vita.“

254 4453 445 4507 Plaut.
502 4454 721 4509 Curcul.
777 4454 822 4520 Ι,
870 4456 922 4520 2,
969 4456 1067 4508 44:
1127 4455 1408 4525 „perditus

255 4542 397 4589 sum,
449 4525 670 4580 miser.“
731 4556 798 4565 -
851 4532 1082 4581 vetarem
1125 4526 1296 4595 libris]
1335 4526 1408 4582 cf.

1496 2665 2653 2795 fflfflfflssssff{ffeffiatzffbzssffflz

1495 2813 1811 2881 tationique
1845 2811 2123 2867 dicantur.
2162 2810 2230 2865 cf.
2258 2810 2371 2865 Sat.
2389 2811 2435 2880 Ι,
2456 2811 2507 2867 6,
2530 2811 2649 2864 128.

1497 2884 1677 2939 Carm.
1714 2883 1759 2951 1,
1805 2886 1849 2943 1,
1886 2884 1973 2936 20.
2028 2912 2093 2921 --
2153 2881 2365 2951 ducere]
2426 2881 2652 2949 oblivia,

1495 2960 1563 3010 ut
1612 2956 1823 3009 vinum.
1900 2953 2069 3023 Verg.
2108 2956 2247 3009 Aen.
2286 2952 2383 3021 vl,
2421 2954 2543 3007 714.
2585 2979 2645 2991 --

1494 3025 1653 3096 faba]
1692 3026 1881 3081 Ioeose
1917 3026 2131 3080 dictum
2168 3042 2239 3079 ex
2274 3026 2371 3078 vul
2410 3024 2492 3078 ari
2532 3022 2649 3094 opi-

1497 3100 1692 3167 nione;
1729 3097 1798 3152 de
1847 3115 1981 3151 vera
2018 3112 2203 3162 causa,
2242 3113 2343 3150 cur
2404 3096 2523 3149 abis
2559 3096 2653 3150 ab·

1497 3170 1775 3224 stinerent
1809 3168 2168 3240 Pythagorei,
2201 3168 2301 3222 alii
2324 3168 2439 3223 alia
2474 3170 2649 3222 rettu-

1497 3242 1701 3297 lerunt.
1768 3240 1839 3296 cf.
1884 3240 1991 3295 cio.
2032 3238 2101 3294 de
2134 3240 2323 3293 Divin.
2360 3240 2407 3308 Ι,
2438 3241 2527 3301 30.
2564 3240 2651 3293 62.

1496 3314 1573 3382 ΙΙ,
1610 3315 1698 3382 58,
1742 3314 1858 3365 119.
1898 3311 2108 3365 Comm.
2148 3310 2339 3380 Cruq.:
2382 3310 2651 3379 „Dubita-

1497 3386 1600 3439 bat
1638 3384 1785 3439 enim
1823 3382 2189 3453 Pythagoras.
2224 3400 2297 3437 an
2332 3382 2393 3435 in
2430 3399 2495 3436 eo
2532 3398 2650 3437 cor-

1497 3473 1637 3526 pore
1689 3456 1893 3509 lateret
1944 3454 2133 3509 anima
2198 3454 2377 3522 patris
2440 3454 2527 3507 sui
2579 3469 2652 3506 an

1498 3527 1731 3582 alterius
1768 3525 2124 3595 propinqui!
2172 3553 2237 3565 -
2285 3529 2455 3579 uncta
2484 3524 2650 3594 satis]

1498 3601 1638 3654 haec
1674 3595 2063 3667 coniungenda
2110 3612 2227 3650 esse
2264 3612 2494 3649 caesura
2528 3612 2651 3649 sua·

1499 3672 1613 3725 det.
1652 3669 1723 3724 cf.
1754 3668 1867 3723 Sat.
1902 3668 1975 3735 H,
1994 3670 2047 3728 2.
2075 3668 2192 3720 117.
2229 3666 2531 3731 Bentleius‚
2562 3667 2653 3721 cui

1497 3742 1643 3797 satis
1688 3740 1919 3811 probari
1972 3755 2133 3809 posse
2178 3756 2291 3792 non
2351 3738 2655 3805 videretur,

1501 3832 1569 3867 ex
1607 3813 1927 3868 coniectura
1962 3810 2205 3865 scribere
2246 3809 2451 3863 maluit
2484 3809 2653 3878 focis3

1499 3884 1811 3939 Meinekius
1842 3882 2013 3949 fabis,
2051 3882 2201 3950 quod
2228 3882 2505 3935 Linkerus
2538 3898 2653 3935 non

1499 3956 1787 4011 dubitavit
1829 3954 2097 4023 recipere,
2142 3952 2447 4008 Teuffelius
2501 3956 2656 4007 recte

1500 4028 1801 4084 refutavit:
1832 4044 1945 4081 non
1968 4026 2171 4081 exilem
2189 4026 2401 4080 victum
2425 4040 2654 4093 quaere-

1499 4100 1602 4155 bat
1618 4099 1907 4167 Horatius,
1926 4098 2023 4152 sed
2044 4098 2371 4167 simplicem.
2402 4096 2655 4151 Mueller.

1499 4172 1695 4227 Lehrs.
1770 4168 1997 4225 Holder.
2064 4170 2303 4239 Kriiger.
2370 4166 2654 4223 Eckstein.

1499 4242 1742 4297 Fritsch.
1799 4242 2087 4313 vulgatam
2150 4241 2519 4295 retinuerunt.
2586 4267 2651 4277 —

1499 4314 1728 4385 meique]
1766 4314 1949 4369 amici.
2025 4313 2223 4367 Noctes
2260 4315 2449 4365 autem
2487 4316 2541 4366 et
2574 4326 2653 4366 ce·

1499 4403 1606 4441 nae
1642 4391 1774 4440 sunt
1796 4402 1963 4440 cenae
1998 4384 2059 4437 in
2090 4388 2311 4437 noctem
2330 4381 2653 4452 productae.

1503 4458 1713 4527 „Canas
1739 4458 1905 4512 deum
1928 4456 2078 4510 dixit
2098 4455 2405 4509 securiores
2426 4458 2484 4507 et
2512 4471 2654 4523 quae

1501 4534 1633 4583 sunt
1650 4530 1770 4584 sine
1788 4526 2217 4584 sollicitudine.“
2256 4526 2465 4581 Comm.
2487 4526 2651 4594 Cruq.

255 4596 374 4652 Sat.
419 4597 492 4665 ΙΙ,
528 4600 582 4666 3,
621 4600 706 4651 11.
777 4598 992 4653 Inertes
1051 4599 1223 4653 horae
1279 4603 1412 4654 sunt
1506 4628 1571 4639 —-
1608 4600 1795 4655 libatis
1830 4596 2092 4671 dapibus]
2128 4599 2252 4655 Liv.
2285 4597 2543 4664 XXXIX,
2565 4600 2655 4652 43.
