3092 5059
1133 219 1295 289 LIB.
1337 220 1423 291 Π.
1470 221 1655 291 ΒΑΤ.
1697 221 1774 291 V.

354 402 603 482 Heres
652 420 753 504 et,
806 407 873 483 si
918 410 1091 508 quis
1142 436 1359 485 casus
1414 436 1742 511 puerum
1794 413 2044 510 egerit
2091 412 2322 511 Orco,

250 562 313 603 so
354 528 445 604 In
500 558 829 609 vacuum
872 534 1175 611 venias:
1225 561 1546 632 perraro
1599 536 1789 613 haec
1840 536 2010 615 alea
2056 537 2280 615 fallit.

353 654 508 748 Qui
555 667 1095 735 testamentum
1144 658 1399 737 tradet
1439 660 1582 735 tibi
1633 686 1964 761 cumque
2015 661 2452 762 legendum,

349 780 723 860 Abnuere
766 794 843 859 et
891 783 1193 861 tabulas
1246 811 1293 861 a
1342 798 1419 861 te
1468 810 1868 863 removere
1917 800 2326 887 momente,

348 904 478 984 Sic
526 920 785 985 tamen
846 922 924 985 ut
971 908 1177 985 limis
1222 909 1478 1009 rapias
1532 910 1723 1011 quid
1768 912 2024 1013 prima
2070 913 2406 989 secundo

348 1030 547 1109 Cera
594 1032 781 1109 velit
826 1060 1091 1132 versu3
1146 1034 1355 1112 solus
1408 1034 1768 1113 multisne
1819 1037 2159 1135 coheres,

250 1190 311 1232 ω
350 1156 623 1233 Veloci
671 1184 1039 1259 percurre
1083 1159 1331 1269 oculo.
1431 1160 1898 1261 Plerumque
1947 1176 2296 1239 recoctus

348 1280 623 1359 Scriba
670 1310 769 1361 ex
817 1282 1330 1385 quinqueviro
1385 1311 1704 1361 corvum
1756 1285 2073 1364 deludet
2119 1288 2480 1382 hiantem,

349 1406 873 1509 Captatorque
924 1410 1146 1487 dabit
1194 1412 1391 1487 risus
1433 1410 1712 1489 Nasica
1763 1409 2149 1490 Corano.“

344 1532 551 1609 Num
603 1536 848 1613 furis?
897 1563 998 1614 an
1050 1537 1391 1638 prudens
1440 1536 1646 1613 ludis
1695 1563 1822 1615 me
1873 1540 2214 1637 obscura,
2253 1541 2645 1619 canendo?

346 1657 467 1755 „O
520 1659 955 1759 Laertiade,
1012 1661 1381 1763 quicquid
1434 1662 1690 1739 dicam
1737 1676 1874 1740 aut
1923 1665 2072 1741 erit
2118 1677 2251 1741 aut
2299 1692 2484 1741 non:
2647 1672 2664 1689 ⁰

245 1822 305 1861 oo
342 1785 711 1863 Divinare
756 1786 1041 1864 etenim
1090 1811 1413 1886 magnus
1466 1789 1658 1864 mihi
1710 1789 1947 1865 donat
1995 1785 2359 1889 Apollo.“

346 1909 560 2003 Quid
610 1924 869 1989 tamen
916 1913 1064 1988 ista
1118 1912 1309 1989 velit
1356 1913 1507 1989 sibi
1557 1913 1846 2011 fabula,
1899 1915 1965 1989 si
2006 1914 2209 2012 licet,
2257 1914 2426 1993 ede.

343 2036 807 2137 „Tempore,
864 2062 1016 2137 quo
1070 2039 1371 2115 iuvenis
1413 2038 1718 2115 Parthis
1767 2038 2200 2115 horrendus
2249 2040 2349 2116 ab
2398 2040 2556 2118 alto

232 2282 517 2345 tanquam
548 2276 659 2331 duo
686 2276 761 2347 (et
782 2306 842 2315 —
865 2277 940 2346 et)
960 2278 1404 2403 distiziffliuntur,

236 2366 394 2417 quae
440 2366 552 2403 una
600 2366 678 2415 re,
725 2348 953 2403 secundi
997 2349 1099 2403 her
1176 2350 1218 2403 's
1261 2348 1403 2418 loce,

234 2420 641 2490 continentum
686 2419 1043 2475 scribendum
1076 2425 1139 2475 ut
1182 2420 1231 2474 εἰ
1266 2420 1403 2475 scri—

232 2492 439 2560 bare,·“
476 2509 607 2545 nam
644 2492 697 2545 ci
732 2509 881 2561 „una
915 2490 1132 2559 syllaba
1167 2510 1281 2558 non
1318 2509 1401 2545 so-

234 2564 357 2617 lum
403 2580 438 2617 a
474 2561 757 2630 Lucretio,
794 2562 891 2617 sed
926 2564 1097 2618 etiam
1128 2582 1163 2617 a
1182 2562 1403 2618 Catullo

232 2634 595 2702 Manilioque
714 2634 887 2689 situm
936 2634 1279 2691 Lachmann.
1330 2635 1402 2690 ad

236 2705 472 2761 Lucret.
489 2723 549 2774 p.
569 2707 635 2759 16
693 2706 1093 2761 demonstrat.“
1128 2706 1401 2761 Miillerus

233 2794 369 2832 cum
416 2776 744 2832 Heindorfio
798 2778 1027 2847 scripsit
1070 2779 1175 2833 uti.
1255 2779 1401 2833 Neu·-

232 2854 401 2903 trum
437 2854 724 2919 receptum
746 2867 781 2904 a
806 2850 1104 2918 Fritschio,
1123 2850 1401 2921 KriigerO,

231 2920 593 2975 EcksteiniO.
645 2950 713 2961 —-
768 2922 1014 2991 tabulas]
1060 2922 1399 2977 testamenti.

235 3021 307 3033 -
338 2993 541 3064 prima
579 2992 726 3061 cera]
764 2993 981 3062 „prima
1018 2992 1230 3062 tabula,
1268 3011 1401 3049 nam

236 3064 561 3191 itgdprimae
590 3063 817 3119 tabulae
826 3065 1093 3190 tsecqnde‘
1107 3082 1273 3191 vergg
1306 3065 1400 3119 he·

236 3154 267 3190 r
366 3154 397 3189 s
456 3152 662 3189 nomen
722 3152 825 3190 con
854 3154 946 3191 me
972 3154 1057 3191 ur.
1267 3154 1400 3191 mm.

236 3208 415 3276 Cruq.
450 3206 645 3261 Primo
670 3224 837 3262 versu
874 3208 1162 3263 testatoris
1196 3224 1400 3263 nomen

235 3280 417 3335 scribi
452 3278 687 3333 solebat.
714 3308 781 3319 —-
817 3280 1144 3349 piamque]
1182 3278 1269 3334 Ea
1304 3297 1400 3333 au-

234 3356 355 3406 tem
378 3351 571 3405 cautio
597 3350 909 3405 necessaria
937 3356 1040 3420 est,
1058 3369 1147 3420 ne,
1165 3351 1224 3405 id
1251 3351 1400 3435 quod

236 3421 663 3564 Ξίῖῗὲῑὲξέξέι
678 3422 1401 3549 Ἒὶἶέἓὲἓοὲἒὲιῖἱῗωὲῖῗ

236 3567 389 3621 stive
415 3571 612 3621 vetera
637 3570 703 3620 ut
719 3565 913 3621 futura
938 3566 1283 3621 vaticinatur
1306 3564 1399 3619 Ti-

240 3638 436 3693 resias.
457 3666 526 3677 —
550 3635 815 3707 recoctus]
854 3636 1089 3705 Quintil.
1116 3637 1242 3705 XII,
1262 3638 1315 3702 6,
1339 3638 1372 3691 7
1384 3657 1397 3691 :

241 3709 583 3778 „Apollonio
642 3709 857 3765 Moloni
875 3748 890 3773 ‚
962 3726 1129 3777 quem
1190 3708 1401 3763 Romae

240 3797 467 3850 quoque
509 3780 784 3843 audierat,
820 3780 1011 3837 Rhodi
1055 3798 1249 3835 rursus
1284 3779 1401 3833 for·

240 3852 509 3906 mendum
546 3870 615 3907 ac
636 3853 795 3909 velut
827 3852 1219 3922 recoquendum
1242 3852 1401 3907 dedit

244 3921 327 3990 (se
364 3922 637 3989 Cicero).“
690 3924 781 3979 Ex
816 3942 930 3995 qua
970 3924 1187 3979 formae
1219 3928 1400 3977 muta-

242 3994 399 4049 tione
417 3994 601 4051 fscilis
620 4000 707 4049 est
739 3998 1010 4051 transitus
1035 3996 1109 4051 ad
1132 3996 1401 4052 astutiam

244 4070 305 4120 et
338 4066 711 4123 calliditatem
732 4085 899 4137 quam
937 4069 997 4123 in
1021 4068 1133 4127 hoc
1166 4069 1291 4123 loco
1318 4067 1401 4121 in-

246 4154 365 4193 esse
386 4143 665 4207 putamus.
688 4168 757 4179 -
780 4156 849 4193 ea·
874 4139 1255 4210 quinqueviro]
1290 4139 1401 4195 Cic.

244 4210 421 4263 Acad.
444 4226 529 4280 pr.
547 4210 622 4279 11,
642 4212 731 4275 44,
759 4212 885 4264 136:
924 4210 1250 4279 „Neminem
1271 4227 1401 4264 con-

244 4280 443 4349 sulem,
476 4286 815 4351 praetorem,
849 4282 1269 4351 imperatorem,
1306 4300 1399 4336 ne·

240 4350 359 4405 scio
422 4370 495 4406 an
554 4370 625 4407 ne
682 4352 1115 4421 quinquevirum
1176 4354 1401 4422 quidem

246 4424 637 4491 quemquam.“
674 4423 889 4495 Digest.
916 4424 981 4478 L.
1003 4423 1047 4481 Ι.
1072 4424 1185 4479 Tit.
1207 4428 1257 4479 2.
1283 4442 1331 4479 c.
1347 4426 1399 4479 2.

241 4491 293 4561 §-
324 4492 417 4547 31:
458 4493 641 4564 „Quia
670 4495 1095 4566 magistratibus
1132 4496 1401 4566 vesperti-

242 4564 333 4617 nis
368 4567 715 4638 temporibus
752 4568 812 4621 in
835 4568 1125 4638 publicum
1162 4585 1281 4623 esse
1317 4568 1399 4621 in-

340 4686 565 4731 norsum
590 4692 651 4733 ed
689 4690 1025 4739 Dmonburger
1051 4690 1125 4731 ed.
1154 4690 1259 4732 vn.

1496 2276 1828 2333 conveniens
1867 2281 2008 2347 erat,
2043 2276 2408 2348 Quinqueviri
2445 2278 2646 2333 consti-

1496 2350 1609 2402 tuti
1645 2354 1777 2404 sunt
1812 2348 1890 2404 cis
1915 2349 2164 2404 Tiberim
2201 2353 2260 2404 et
2296 2354 2452 2405 trans
2484 2348 2646 2405 'ribe-

1496 2421 1622 2485 rim,
1676 2421 1774 2490 qui
1815 2422 2033 2491 possint
2074 2437 2181 2491 pro
2223 2422 2646 2493 magistratibus

1495 2491 1710 2563 fungi.“
1785 2492 2034 2548 Coranus
2075 2492 2254 2576 igitur
2299 2498 2514 2547 astutus
2551 2493 2648 2547 ille

1494 2564 1680 2618 scriba
1713 2568 1816 2632 est,
1852 2564 1990 2618 olim
2023 2564 2376 2635 quinquevir,
2424 2565 2524 2635 qui
2559 2582 2646 2620 ca-

1492 2640 1776 2704 ptatorem
1821 2636 2081 2692 Nasicam
2129 2635 2348 2691 fefellit.
2406 2665 2473 2676 —
2535 2653 2647 2693 cor-

1493 2706 1642 2777 vum]
1682 2707 1750 2761 cf.
1787 2706 2038 2761 fabulam
2073 2707 2141 2762 de
2176 2708 2346 2779 vulpe
2383 2713 2444 2764 et
2477 2725 2646 2765 corvo

1493 2778 1646 2847 apud
1679 2778 1918 2834 Phaedr.
1953 2778 1996 2847 1,
2043 2782 2124 2833 13.

1566 2850 1631 2904 V.
1669 2852 1754 2905 58.
1816 2850 1970 2905 Num
2013 2851 2186 2920 furis]
2247 2850 2428 2907 Ulixis
2475 2852 2647 2907 verba

1494 2928 1644 2990 sunt,
1681 2922 1778 2991 qui
1815 2921 1952 2990 quid
1989 2923 2132 2977 alter
2172 2922 2314 2977 velit
2359 2940 2472 2977 non
2507 2924 2646 2978 satis

1494 3010 1552 3047 sc
1590 2993 1918 3064 intellegere
1951 2992 2177 3048 fatetur.
2245 2994 2383 3049 Inde
2417 2994 2648 3049 uberior

1494 3064 1567 3119 de
1604 3065 1820 3120 Corano
1856 3065 2150 3135 expositio.
2189 3095 2258 3106 —
2294 3066 2488 3134 donat]
2519 3066 2646 3121 Non

1494 3137 1808 3191 necessaria
1866 3141 1953 3191 est
2016 3136 2237 3193 Volarti
2297 3138 2644 3193 coniectura:

1495 3207 1788 3277 „divinare
1809 3207 1950 3262 mihi
1973 3226 2030 3261 m
2143 3225 2208 3263 us
2231 3208 2456 3263 donavit
2474 3210 2646 3279 Apol-

1494 3280 1608 3347 lo“,
1667 3296 1834 3348 quam
1879 3279 2066 3335 Fritsc
2107 3280 2192 3333 ius
2247 3280 2477 3349 recepit.
2568 3282 2648 3335 Et

1494 3350 1570 3406 cf.
1608 3350 1724 3405 Sat.
1771 3351 1818 3420 I,
1855 3353 1906 3419 6,
1948 3355 2029 3406 13.
2109 3351 2321 3422 Vergil.
2366 3354 2508 3406 Aen.
2544 3352 2644 3417 IX,

1493 3423 1616 3477 266.
1691 3422 1892 3477 Catull.
1935 3425 2020 3491 14,
2055 3425 2118 3477 9:
2161 3422 2412 3493 „quodsi,
2447 3428 2515 3478 ut
2557 3441 2646 3478 su·

1494 3494 1697 3563 spicor,
1733 3494 1842 3549 hoc
1877 3512 2085 3549 novum
2116 3512 2180 3549 ac
2213 3499 2501 3564 repertum
2525 3512 2645 3549 mu-

1494 3583 1600 3619 nus
1635 3565 1736 3619 dat
1767 3566 1878 3620 tibi
1913 3565 2070 3621 Sulla
2105 3567 2444 3621 litterator.“
2511 3566 2645 3621 Ver-

1493 3638 1592 3707 gil.
1632 3636 1824 3692 Bucol.
1864 3639 1916 3706 8,
1951 3638 2022 3691 45
2057 3638 2156 3693 ubi
2187 3638 2355 3693 edunt
2389 3654 2496 3707 pro
2532 3637 2646 3692 edi-

1493 3708 1710 3763 derunt.
1758 3738 1821 3749 —
1876 3714 1976 3763 aut
2021 3710 2128 3765 en't
2171 3714 2272 3762 aut
2307 3708 2434 3777 non]
2471 3708 2647 3764 Recte

1492 3780 1718 3835 videtur
1763 3797 1894 3849 pars
1949 3780 2321 3851 interpretum
2375 3780 2648 3850 dilogiam

1494 3852 1776 3921 quandam
1801 3852 2042 3907 iocosam
2067 3852 2289 3915 vidisse,
2311 3855 2380 3906 ut
2411 3851 2646 3906 dubium

1492 3924 1588 3992 sit,
1637 3928 1828 3979 utrum
1889 3924 2101 3979 sincere
2150 3924 2328 3979 dicat:
2383 3928 2486 3978 aut
2541 3924 2646 3979 erit

1494 4001 1596 4050 aut
1627 4012 1738 4049 non
1771 3996 1897 4059 etit,
1923 4000 2094 4065 prout
2130 3996 2322 4051 dixero
2357 4011 2434 4050 an
2457 3994 2644 4049 volue-

1494 4068 1574 4121 rit
1609 4066 1866 4137 quicquid
1913 4066 2095 4122 dicam
2136 4068 2340 4123 eveniet
2390 4072 2490 4122 aut
2535 4082 2648 4121 non

1492 4138 1712 4206 mist,
1757 4138 1946 4193 eadem
1991 4140 2212 4194 omnino
2263 4138 2481 4193 ratione
2535 4154 2646 4206 qua

1490 4214 1623 4264 sunt
1651 4210 1888 4264 aliorum
1909 4226 2020 4265 non
2042 4210 2350 4265 divinorum
2367 4208 2648 4264 hominum

1492 4280 1661 4337 dicta.
1734 4280 1882 4336 Illud
1925 4282 2125 4351 opinor
2160 4281 2342 4336 voluit
2385 4280 2647 4348 Tiresias,

1493 4350 1602 4408 hoc
1616 4352 1906 4421 Horatius,
1942 4354 2038 4422 qui
2071 4370 2186 4407 non
2215 4352 2449 4407 nimiam
2478 4352 2646 4406 fidem

1494 4424 1694 4478 habuit
1725 4424 2238 4479 vaticinationibus.
2295 4454 2362 4463 —
2407 4423 2644 4493 iuvenis]

1494 4494 1850 4551 Octavianus.
1911 4496 2092 4551 Carm.
2128 4494 2172 4561 1,
2210 4498 2264 4558 2,
2299 4496 2389 4550 41.
2436 4526 2503 4536 —
2547 4494 2646 4551 Go-

1490 4567 1656 4637 rano]
1685 4567 1964 4623 Comicam
1985 4568 2100 4623 vim
2120 4566 2284 4622 huius
2303 4568 2646 4623 narrationis

2179 4667 2250 4720 30
