3092 5059
451 206 579 274 490

1400 205 1906 274 SATIRARUM

548 394 834 469 Eruoas
884 392 1201 484 virides,
1256 393 1505 468 inulas
1559 418 1704 490 ego
1760 392 2054 488 primus
2103 417 2398 467 amaras

551 519 979 596 Monstravi
1027 520 1465 617 incoquere,
1520 518 1802 594 inlotos
1855 517 2221 596 Curtillus
2273 516 2607 612 echinos,

550 645 650 720 Ut
701 643 972 720 melius
1022 645 1273 720 muria
1324 645 1537 743 quod
1589 657 1782 720 testa
1833 644 2129 719 marina
2178 638 2571 718 remittit.“

550 768 861 845 Interea
910 795 1277 868 suspensa
1332 795 1608 868 graves
1654 770 1924 847 aulaea
1977 771 2237 845 ruinas

470 923 521 964 ω
556 893 651 968 Ιιι
701 894 1041 991 patinam
1094 895 1370 990 fecere,
1424 896 1808 972 trahentia
1861 895 2196 996 pulveris
2247 895 2392 970 atri

458 997 465 1013 ⁶
554 1018 939 1112 Quantum
994 1049 1151 1096 non
1214 1021 1500 1120 Aquilo
1549 1019 1964 1122 Campanis
2019 1021 2293 1097 excitat
2343 1021 2572 1117 agriS.

428 1127 437 1136 ’
551 1144 711 1220 Nos
766 1148 1012 1221 maiu-
1067 1146 1307 1242 veriti,
1361 1161 1772 1246 postquam
1825 1145 2017 1221 nihil
2069 1171 2235 1222 esse
2277 1145 2546 1242 pericli

552 1269 965 1366 Sensimus,
1020 1272 1430 1366 erigimur3
1486 1271 1730 1346 Rufus
1785 1272 2036 1369 posito
2091 1272 2362 1368 eapite,
2417 1281 2504 1343 ut
2551 1268 2616 1343 si

552 1395 793 1470 Filius
845 1397 1294 1472 immaturus
1348 1398 1655 1494 obisset,
1708 1397 1918 1474 flere.

2024 1396 2214 1489 Quis
2267 1405 2462 1471 esset

476 1552 527 1591 so
561 1519 797 1618 Finis,
851 1523 932 1597 ni
984 1523 1285 1619 sapiens
1340 1523 1446 1598 sie
1496 1523 2020 1598 Nomentanus
2073 1512 2402 1597 amioum

554 1645 929 1723 Tolleret:
986 1647 1237 1743 „Heu,
1292 1647 1656 1741 Fortuna,
1712 1649 1884 1747 quis
1937 1659 2054 1722 est
2101 1642 2496 1720 crudelior
2545 1644 2628 1718 in
2679 1670 2822 1718 nos

557 1770 669 1847 Te
723 1771 964 1848 deus?
1058 1771 1166 1847 Ut
1214 1793 1521 1870 semper
1573 1771 1860 1868 gaudes
1917 1769 2272 1846 inludere
2321 1771 2552 1846 rebus

553 1891 1016 1972 Ηιιιιιιιιῑιιειιι
1116 1896 1399 1972 Varius
1450 1922 1737 1997 mappa
1791 1919 2276 1995 compescere
2327 1895 2564 1970 risum

553 2021 705 2096 Vix
752 2034 1077 2120 poterat.

1178 2022 1490 2098 Balatro
1544 2019 2020 2118 suspendens
2075 2021 2336 2095 omnia
2383 2045 2595 2114 naso,

471 2175 523 2215 σε
562 2145 827 2242 „Haeo
876 2160 993 2224 est
1042 2147 1397 2224 eondioio
1450 2143 1838 2242 vivendi,“

1889 2145 2170 2237 aiebat,
2224 2168 2524 2244 „eoque

555 2272 1041 2371 Responsura
1088 2284 1221 2348 tuo
1274 2297 1670 2370 nunquam
1723 2284 1835 2350 est
1883 2297 2027 2370 par
2075 2271 2286 2346 fama
2324 2270 2601 2346 labori.

556 2394 793 2488 Tene,
845 2410 931 2471 ut
982 2423 1126 2496 ego
1178 2399 1516 2496 accipiar
1567 2397 1792 2490 laute,
1847 2396 2278 2495 torquerier
2327 2395 2539 2470 omni

556 2519 1091 2598 Sollicitudine
1145 2523 1596 2616 districtum,
1649 2548 1747 2596 ne
1799 2520 2017 2621 panis
2071 2521 2409 2619 adustus,

454 2763 588 2832 quia
668 2763 931 2832 frequens
999 2764 1081 2818 ibi
1123 2764 1261 2822 fuit
1334 2769 1607 2836 spartum.

454 2834 717 2890 Scomber
755 2859 825 2883 =
865 2817 1133 2890 Makrele.
1181 2867 1252 2876 —
1298 2837 1607 2906 mutaverit]

454 2906 523 2962 ef.
563 2905 678 2961 Sat.
714 2907 785 2975 11,
822 2910 873 2973 2,
911 2907 999 2961 58.
1059 2907 1207 2963 Vitio
1244 2913 1329 2963 est
1364 2909 1608 2973 dativus,

453 2979 513 3032 in
547 2979 751 3033 vitium
789 2979 827 3032 i.
847 2997 894 3034 e.
933 2980 993 3033 in
1029 2996 1265 3034 acorem.
1289 3009 1355 3020 -
1394 2980 1608 3050 Methy-

451 3053 670 3121 mma]
705 3068 817 3105 uva
850 3052 999 3105 inter
1032 3069 1224 3106 omnes
1269 3051 1608 3106 dulcissima.

454 3121 525 3176 ef.
562 3122 735 3192 Verg1
720 3122 773 3176 ’.1
812 3123 997 3193 Georg
996 3123 1120 3190 .,11
1154 3125 1244 3178 89.
1282 3151 1347 3162 —-·
1383 3122 1608 3206 inlotos]

456 3209 486 3248 e
522 3195 689 3262 vasis,
677 3141 833 3249 glubi
874 3194 992 3249 sale
1028 3164 1244 3249 conditi
1280 3199 1339 3250 et
1374 3195 1610 3265 repositi

455 3265 698 3332 fuerant,
722 3283 851 3320 oum
871 3283 975 3322 sua
997 3267 1281 3337 salsugine
1304 3271 1608 3337 exemptos.

456 3335 597 3390 Vide
640 3306 711 3391 ad
749 3337 863 3391 Sat.
888 3337 961 3403 H,
988 3342 1041 3401 4,
1064 3337 1151 3391 84.
1187 3339 1306 3393 Alii
1344 3356 1413 3392 ex
1448 3338 1610 3392 oodd.

454 3409 680 3462 inlutos,
756 3409 899 3463 Vide
950 3409 1021 3463 ad
1070 3409 1183 3464 Sat.
1222 3411 1293 3478 H,
1330 3415 1379 3476 4,
1416 3410 1503 3464 84.
1541 3440 1608 3451 -

458 3479 603 3533 Plin.
638 3479 707 3533 N.
745 3479 816 3534 H.
858 3479 1030 3546 XXX,
1064 3482 1120 3534 6·
1156 3482 1405 3571 „inlotae
1444 3482 1610 3535 eoch-

456 3550 628 3604 leae.“
668 3579 733 3590 --
772 3557 835 3605 ut
869 3552 1083 3622 melius]
1132 3569 1203 3611 ως
1238 3559 1483 3621 κρεῖττον
1516 3549 1612 3618 ὅν,

457 3622 529 3680 of.
565 3641 619 3676 v.
656 3624 741 3676 89.
792 3650 857 3660 —
908 3623 1059 3691 quod
1096 3624 1351 3694 remittit]
1394 3624 1487 3680 Sie
1522 3641 1612 3680 oo-

458 3693 609 3749 dioes
646 3693 951 3762 Cruquiani
994 3697 1370 3764 antiquissimi
1406 3713 1614 3762 omnes,

458 3766 569 3819 nisi
620 3765 773 3834 quod
817 3766 877 3819 in
920 3766 1121 3821 Bland.
1178 3767 1467 3836 antiquiss.
1524 3773 1614 3822 est

460 3853 593 3906 qum
630 3837 929 3892 relativum
964 3843 1153 3892 autem
1176 3839 1323 3907 quod
1346 3857 1474 3894 eum
1496 3856 1612 3893 non

458 3909 901 3978 intellegeretur,
954 3928 989 3964 a
1033 3911 1231 3964 scribis
1286 3915 1612 3980 corruptum

459 3985 545 4034 est
600 3981 659 4036 in
718 3996 899 4048 quam.
974 3981 1159 4036 Verba
1218 3987 1407 4036 autem
1466 3981 1614 4051 quod

458 4057 600 4106 testa
658 4067 795 4106 mar.
840 4051 1069 4106 remittit
1116 4053 1431 4108 subiectum
1481 4057 1616 4108 sunt

460 4123 611 4190 quod
668 4138 952 4192 vocamus3
1011 4123 1153 4178 illud
1212 4127 1363 4180 enim
1429 4125 1613 4196 ipsum

459 4194 655 4248 melius
702 4211 819 4249 esse
871 4195 1227 4264 praedicatur
1279 4213 1447 4265 quam
1492 4215 1612 4251 mu-

460 4264 562 4320 ria.
636 4267 773 4333 Alii,
809 4271 875 4320 ut
910 4265 1183 4326 Mueller,
1220 4266 1435 4332 Lehrs‚
1476 4268 1612 4322 Hol-

461 4336 597 4404 der„
656 4337 966 4405 Eekstein„
1025 4339 1285 4408 Kriiger„
1352 4339 1612 4406 Fritseh.,

460 4376 671 4462 Keller.
718 4409 841 4476 (qui
893 4409 953 4463 ιιι
1008 4410 1363 4464 eoniunetivo
1423 4411 1612 4466 neseio

464 4483 673 4544 quanto
722 4481 991 4534 maiorem
1026 4480 1365 4550 elegantiam
1408 4499 1612 4537 sermo-

460 4548 549 4602 nis
598 4550 787 4615 sensit)
833 4567 903 4604 ex
967 4551 1129 4606 bonis
1180 4551 1409 4620 quidem
1452 4553 1612 4608 oodd.

1699 2765 2116 2820 coniunctivum
2151 2765 2398 2820 remittat
2433 2765 2860 2834 praetulerunt3

1699 2855 1812 2963 gon
1886 2842 2055 2892 reete.
2132 2867 2200 2876 —-·
2269 2834 2558 2906 Curtillus]
2630 2837 2860 2908 ignotus

1739 2927 1882 2963 omo.

1769 2980 1836 3034 V.
1875 2980 1961 3034 54.
1999 2979 2216 3050 aulaea]
2255 2979 2386 3033 vide
2423 2979 2495 3033 ad
2535 2977 2720 3033 Carm.
2759 2979 2858 3040 111.

1700 3053 1994 3120 29‚15.-
2027 3051 2264 3120 pulveris
2299 3049 2436 3120 atri]
2474 3051 2574 3118 qui
2609 3051 2724 3106 iam
2763 3051 2862 3105 diu

1702 3093 1790 3178 ibi’
1829 3124 2072 3178 intactus
2109 3123 2326 3192 quievit
2357 3127 2426 3176 ut
2471 3123 2532 3176 in
2569 3122 2861 3176 immunda

1703 3197 1886 3250 domo.
1933 3225 1999 3236 -
2048 3210 2226 3249 mmm
2261 3193 2448 3263 veriti]
2495 3194 2720 3248 ruinam
2763 3195 2860 3248 do-

1702 3284 1824 3320 mus
1859 3267 1952 3321 vel
1987 3266 2122 3322 teeti
2165 3265 2417 3320 triclinii.
2471 3293 2539 3304 --
2587 3265 2754 3335 esset]
2791 3265 2862 3320 de

1702 3336 2744 3476 ἒῗῖθῗθὲωιρ’ἓιέ1ῗὲ“ἒέῑίῗῗεῗὲ
2785 3337 2856 3392 ‘'f·

1703 3481 1912 3551 Rufus]
1969 3483 2087 3550 ipse
2133 3479 2484 3546 Nasidienus,
2541 3481 2642 3548 qui
2692 3485 2862 3550 eaput

1703 3553 1962 3608 manibus
1995 3557 2209 3607 tectum
2245 3551 2466 3605 tristis·
2450 3569 2511 3604 ιιι
2535 3569 2731 3606 mensa
2765 3569 2858 3622 po·

1704 3625 1833 3679 suit.
1875 3653 1938 3664 --
1977 3622 2203 3694 mappa]
2238 3623 2474 3676 linteum
2516 3640 2630 3691 quo
2665 3639 2860 3678 manus

1703 3701 1762 3751 et
1797 3713 1900 3750 ora
1931 3693 2332 3765 abstergebant
2363 3692 2706 3763 (Serviette).
2761 3693 2862 3750 Pe·

1703 3773 1851 3842 tron.
1889 3767 1988 3822 32.
2040 3767 2346 3835 „Cir-eaque
2393 3771 2656 3820 oneratas
2708 3772 2860 3822 veste

1705 3833 1950 3895 eervices
1978 3839 2324 3893 laticlaviam
2358 3837 2676 3892 immiserat
2708 3855 2860 3908 map-

1705 3929 1832 3981 pam
1869 3909 2108 3965 fimbriis
2153 3909 2288 3963 hino
2323 3913 2496 3977 atque
2533 3909 2698 3964 illine
2731 3927 2858 3980 pen·

1705 3982 1992 4051 dentibus3
1995 3983 2028 4011 “
2067 3999 2200 4036 nam
2223 3980 2426 4050 quibus
2461 3981 2550 4035 ius
2587 3981 2696 4036 lati
2719 3982 2859 4036 elavi

1705 4059 1843 4120 erat,
1881 4054 1923 4107 ii
1957 4070 2193 4122 mappas
2231 4068 2452 4120 quoque
2488 4057 2548 4107 et
2591 4054 2860 4108 mantelia

1705 4127 1822 4180 lato
1859 4125 2016 4180 olavo
2053 4123 2347 4178 ornabant.
2370 4151 2440 4163 --
2471 4123 2679 4193 risum]
2717 4125 2860 4178 ridet

1705 4201 1764 4252 et
1799 4199 2034 4266 propter
2069 4195 2364 4249 ridendum
2395 4197 2782 4263 spectaculum
2807 4201 2862 4250 et

1705 4285 1922 4323 severas
1959 4267 2262 4322 sententias
2297 4267 2360 4320 in
2383 4283 2484 4320 ore
2505 4267 2738 4324 ridiculi
2756 4268 2859 4322 No-

1703 4339 2065 4394 mentani.—
2101 4337 2456 4407 suspendens]
2493 4339 2628 4393 vide
2657 4339 2734 4393 ad
2751 4339 2856 4394 Sat.

1703 4411 1749 4478 Ι,
1797 4412 1847 4475 6,
1897 4412 1948 4464 ὅ.
2021 4409 2252 4464 Balatro
2300 4409 2658 4464 Nomentano
2707 4411 2858 4480 quasi

1706 4483 2008 4536 assentiens
2069 4497 2190 4535 rem
2253 4480 2442 4536 ioeans
2501 4485 2563 4535 et
2625 4481 2860 4537 irridens

1703 4569 2046 4622 magnopere
2084 4555 2282 4623 auget-3
2335 4569 2470 4606 nam
2515 4553 2692 4622 plena
2727 4555 2864 4610 haee
