<?xml version="1.0" encoding="UTF-8"?>
<!DOCTYPE html PUBLIC "-//W3C//DTD XHTML 1.0 Transitional//EN"
    "http://www.w3.org/TR/xhtml1/DTD/xhtml1-transitional.dtd">
<html xmlns="http://www.w3.org/1999/xhtml" xml:lang="en" lang="en">
 <head>
  <title>
</title>
<meta http-equiv="Content-Type" content="text/html;charset=utf-8" />
  <meta name='ocr-system' content='tesseract 3.04.00' />
  <meta name='ocr-capabilities' content='ocr_page ocr_carea ocr_par ocr_line ocrx_word'/>
</head>
<body>
  <div class='ocr_page' id='page_1' title='image "./qhoratiiflaccio05unkngoog_0614.png"; bbox 0 0 3092 5059; ppageno 0'>
   <div class='ocr_carea' id='block_1_1' title="bbox 442 241 568 307">
    <p class='ocr_par' dir='ltr' id='par_1_1' title="bbox 442 241 568 307">
     <span class='ocr_line' id='line_1_1' title="bbox 442 241 568 307; baseline 0 -1"><span class='ocrx_word' id='word_1_1' title='bbox 442 241 568 307; x_wconf 84' lang='lat'><strong>584</strong></span> 
     </span>
    </p>
   </div>
   <div class='ocr_carea' id='block_1_2' title="bbox 1341 235 1963 307">
    <p class='ocr_par' dir='ltr' id='par_1_2' title="bbox 1341 235 1963 307">
     <span class='ocr_line' id='line_1_2' title="bbox 1341 235 1963 307; baseline 0 -3"><span class='ocrx_word' id='word_1_2' title='bbox 1341 235 1963 307; x_wconf 80' lang='lat' dir='ltr'>EPISTULARUM</span> 
     </span>
    </p>
   </div>
   <div class='ocr_carea' id='block_1_3' title="bbox 449 425 2859 2651">
    <p class='ocr_par' dir='ltr' id='par_1_3' title="bbox 459 425 2856 776">
     <span class='ocr_line' id='line_1_3' title="bbox 459 425 2391 521; baseline -0.003 -16"><span class='ocrx_word' id='word_1_3' title='bbox 459 469 512 510; x_wconf 68' lang='lat'><strong>90</strong></span> <span class='ocrx_word' id='word_1_4' title='bbox 549 427 849 521; x_wconf 79' lang='lat' dir='ltr'>Quodsi</span> <span class='ocrx_word' id='word_1_5' title='bbox 901 443 1058 505; x_wconf 88' lang='lat' dir='ltr'><strong>tam</strong></span> <span class='ocrx_word' id='word_1_6' title='bbox 1111 428 1428 507; x_wconf 82' lang='lat' dir='ltr'><strong>Graecis</strong></span> <span class='ocrx_word' id='word_1_7' title='bbox 1475 427 1777 504; x_wconf 85' lang='lat' dir='ltr'><strong>novitas</strong></span> <span class='ocrx_word' id='word_1_8' title='bbox 1821 426 2072 502; x_wconf 86' lang='lat' dir='ltr'><strong>invisa</strong></span> <span class='ocrx_word' id='word_1_9' title='bbox 2120 425 2391 500; x_wconf 83' lang='lat' dir='ltr'><strong>fuisset</strong></span> 
     </span>
     <span class='ocr_line' id='line_1_4' title="bbox 545 541 2856 651; baseline -0.006 -20"><span class='ocrx_word' id='word_1_10' title='bbox 545 557 798 650; x_wconf 83' lang='lat' dir='ltr'><strong>Quam</strong></span> <span class='ocrx_word' id='word_1_11' title='bbox 835 541 1081 651; x_wconf 83' lang='lat' dir='ltr'><strong>nobis,</strong></span> <span class='ocrx_word' id='word_1_12' title='bbox 1118 551 1307 651; x_wconf 91' lang='lat' dir='ltr'><strong>quid</strong></span> <span class='ocrx_word' id='word_1_13' title='bbox 1342 575 1550 625; x_wconf 88' lang='lat' dir='ltr'><strong>nunc</strong></span> <span class='ocrx_word' id='word_1_14' title='bbox 1584 560 1781 625; x_wconf 90' lang='lat' dir='ltr'><strong>esset</strong></span> <span class='ocrx_word' id='word_1_15' title='bbox 1819 547 2093 625; x_wconf 78' lang='lat' dir='ltr'><strong>vetus?</strong></span> <span class='ocrx_word' id='word_1_16' title='bbox 2130 559 2263 623; x_wconf 90' lang='lat' dir='ltr'><strong>aut</strong></span> <span class='ocrx_word' id='word_1_17' title='bbox 2294 543 2491 644; x_wconf 88' lang='lat' dir='ltr'><strong>quid</strong></span> <span class='ocrx_word' id='word_1_18' title='bbox 2530 544 2856 620; x_wconf 87' lang='lat' dir='ltr'><strong>haberet</strong></span> 
     </span>
     <span class='ocr_line' id='line_1_5' title="bbox 550 671 2641 776; baseline -0.005 -20"><span class='ocrx_word' id='word_1_19' title='bbox 550 678 782 775; x_wconf 85' lang='lat' dir='ltr'><strong>Quod</strong></span> <span class='ocrx_word' id='word_1_20' title='bbox 830 679 1127 776; x_wconf 83' lang='lat' dir='ltr'><strong>legeret</strong></span> <span class='ocrx_word' id='word_1_21' title='bbox 1169 689 1609 774; x_wconf 79' lang='lat' dir='ltr'><strong>tereretque</strong></span> <span class='ocrx_word' id='word_1_22' title='bbox 1660 674 1947 749; x_wconf 85' lang='lat' dir='ltr'><strong>viritim</strong></span> <span class='ocrx_word' id='word_1_23' title='bbox 2001 671 2355 770; x_wconf 85' lang='lat' dir='ltr'><strong>publicus</strong></span> <span class='ocrx_word' id='word_1_24' title='bbox 2407 671 2641 746; x_wconf 79' lang='lat' dir='ltr'><strong>usus?</strong></span> 
     </span>
    </p>

    <p class='ocr_par' dir='ltr' id='par_1_4' title="bbox 542 795 2386 1030">
     <span class='ocr_line' id='line_1_6' title="bbox 542 795 2347 906; baseline -0.007 -23"><span class='ocrx_word' id='word_1_25' title='bbox 542 806 652 883; x_wconf 90' lang='lat' dir='ltr'><strong>Ut</strong></span> <span class='ocrx_word' id='word_1_26' title='bbox 700 806 1036 906; x_wconf 90' lang='lat' dir='ltr'><strong>primum</strong></span> <span class='ocrx_word' id='word_1_27' title='bbox 1091 801 1362 900; x_wconf 89' lang='lat' dir='ltr'><strong>positis</strong></span> <span class='ocrx_word' id='word_1_28' title='bbox 1415 798 1691 898; x_wconf 82' lang='lat' dir='ltr'><strong>nugari</strong></span> <span class='ocrx_word' id='word_1_29' title='bbox 1745 798 2074 878; x_wconf 76' lang='lat' dir='ltr'><strong>Graecia</strong></span> <span class='ocrx_word' id='word_1_30' title='bbox 2126 795 2347 873; x_wconf 88' lang='lat' dir='ltr'><strong>bellis</strong></span> 
     </span>
     <span class='ocr_line' id='line_1_7' title="bbox 545 922 2386 1030; baseline -0.007 -22"><span class='ocrx_word' id='word_1_31' title='bbox 545 929 822 1030; x_wconf 81' lang='lat' dir='ltr'><strong>Coepit</strong></span> <span class='ocrx_word' id='word_1_32' title='bbox 871 939 950 1003; x_wconf 87' lang='lat' dir='ltr'><strong>et</strong></span> <span class='ocrx_word' id='word_1_33' title='bbox 995 928 1076 1002; x_wconf 91' lang='lat' dir='ltr'><strong>in</strong></span> <span class='ocrx_word' id='word_1_34' title='bbox 1128 926 1398 1002; x_wconf 82' lang='lat' dir='ltr'><strong>vitium</strong></span> <span class='ocrx_word' id='word_1_35' title='bbox 1453 925 1767 1000; x_wconf 87' lang='lat' dir='ltr'><strong>fortuna</strong></span> <span class='ocrx_word' id='word_1_36' title='bbox 1819 922 2067 998; x_wconf 82' lang='lat' dir='ltr'><strong>labier</strong></span> <span class='ocrx_word' id='word_1_37' title='bbox 2116 947 2386 1021; x_wconf 85' lang='lat' dir='ltr'><strong>aequa,</strong></span> 
     </span>
    </p>

    <p class='ocr_par' dir='ltr' id='par_1_5' title="bbox 460 1048 2563 1405">
     <span class='ocr_line' id='line_1_8' title="bbox 460 1048 2563 1147; baseline -0.004 -17"><span class='ocrx_word' id='word_1_38' title='bbox 460 1089 512 1130; x_wconf 67' lang='grc' dir='ltr'>ω</span> <span class='ocrx_word' id='word_1_39' title='bbox 547 1055 768 1131; x_wconf 89' lang='lat' dir='ltr'><strong>Nunc</strong></span> <span class='ocrx_word' id='word_1_40' title='bbox 819 1051 1284 1129; x_wconf 81' lang='lat' dir='ltr'><strong>athletarum</strong></span> <span class='ocrx_word' id='word_1_41' title='bbox 1335 1048 1609 1125; x_wconf 87' lang='lat' dir='ltr'><strong>studiis</strong></span> <span class='ocrx_word' id='word_1_42' title='bbox 1663 1075 1870 1124; x_wconf 85' lang='lat' dir='ltr'><strong>nunc</strong></span> <span class='ocrx_word' id='word_1_43' title='bbox 1922 1048 2109 1124; x_wconf 86' lang='lat' dir='ltr'><strong>arsit</strong></span> <span class='ocrx_word' id='word_1_44' title='bbox 2160 1073 2563 1147; x_wconf 89' lang='lat' dir='ltr'><strong>equorum,</strong></span> 
     </span>
     <span class='ocr_line' id='line_1_9' title="bbox 546 1172 2553 1266; baseline -0.004 -11"><span class='ocrx_word' id='word_1_45' title='bbox 546 1178 954 1255; x_wconf 88' lang='lat' dir='ltr'><strong>Marmoris</strong></span> <span class='ocrx_word' id='word_1_46' title='bbox 1005 1191 1140 1253; x_wconf 90' lang='lat' dir='ltr'><strong>aut</strong></span> <span class='ocrx_word' id='word_1_47' title='bbox 1191 1175 1446 1253; x_wconf 90' lang='lat' dir='ltr'><strong>eboris</strong></span> <span class='ocrx_word' id='word_1_48' title='bbox 1495 1173 1761 1249; x_wconf 87' lang='lat' dir='ltr'><strong>fabros</strong></span> <span class='ocrx_word' id='word_1_49' title='bbox 1816 1186 1951 1251; x_wconf 85' lang='lat' dir='ltr'><strong>aut</strong></span> <span class='ocrx_word' id='word_1_50' title='bbox 1993 1173 2189 1249; x_wconf 88' lang='lat' dir='ltr'><strong>aeris</strong></span> <span class='ocrx_word' id='word_1_51' title='bbox 2240 1172 2553 1266; x_wconf 85' lang='lat' dir='ltr'><strong>amavit,</strong></span> 
     </span>
     <span class='ocr_line' id='line_1_10' title="bbox 549 1296 2483 1405; baseline -0.005 -24"><span class='ocrx_word' id='word_1_52' title='bbox 549 1303 965 1405; x_wconf 83' lang='lat' dir='ltr'><strong>Suspendit</strong></span> <span class='ocrx_word' id='word_1_53' title='bbox 1017 1302 1228 1401; x_wconf 90' lang='lat' dir='ltr'><strong>picta</strong></span> <span class='ocrx_word' id='word_1_54' title='bbox 1279 1299 1577 1377; x_wconf 86' lang='lat' dir='ltr'><strong>vultum</strong></span> <span class='ocrx_word' id='word_1_55' title='bbox 1627 1311 2121 1397; x_wconf 84' lang='lat' dir='ltr'><strong>mentemque</strong></span> <span class='ocrx_word' id='word_1_56' title='bbox 2172 1296 2483 1393; x_wconf 86' lang='lat' dir='ltr'><strong>tabella,</strong></span> 
     </span>
    </p>

    <p class='ocr_par' dir='ltr' id='par_1_6' title="bbox 545 1422 2507 1653">
     <span class='ocr_line' id='line_1_11' title="bbox 545 1422 2507 1523; baseline -0.004 -16"><span class='ocrx_word' id='word_1_57' title='bbox 545 1431 768 1507; x_wconf 90' lang='lat' dir='ltr'><strong>Nunc</strong></span> <span class='ocrx_word' id='word_1_58' title='bbox 817 1428 1288 1522; x_wconf 87' lang='lat' dir='ltr'><strong>tibicinibus‚</strong></span> <span class='ocrx_word' id='word_1_59' title='bbox 1339 1427 1570 1502; x_wconf 86' lang='lat' dir='ltr'><strong>nunc</strong></span> <span class='ocrx_word' id='word_1_60' title='bbox 1594 1437 1709 1502; x_wconf 88' lang='lat' dir='ltr'><strong>est</strong></span> <span class='ocrx_word' id='word_1_61' title='bbox 1758 1425 2024 1523; x_wconf 83' lang='lat' dir='ltr'><strong>gavisa</strong></span> <span class='ocrx_word' id='word_1_62' title='bbox 2074 1422 2507 1520; x_wconf 78' lang='lat' dir='ltr'><strong>tragoedis3</strong></span> 
     </span>
     <span class='ocr_line' id='line_1_12' title="bbox 547 1548 2429 1653; baseline -0.004 -21"><span class='ocrx_word' id='word_1_63' title='bbox 547 1555 703 1632; x_wconf 82' lang='lat' dir='ltr'><strong>Sub</strong></span> <span class='ocrx_word' id='word_1_64' title='bbox 755 1554 1056 1629; x_wconf 87' lang='lat' dir='ltr'><strong>nutrice</strong></span> <span class='ocrx_word' id='word_1_65' title='bbox 1105 1552 1370 1653; x_wconf 89' lang='lat' dir='ltr'><strong>puella</strong></span> <span class='ocrx_word' id='word_1_66' title='bbox 1411 1551 1628 1629; x_wconf 86' lang='lat' dir='ltr'><strong>velut</strong></span> <span class='ocrx_word' id='word_1_67' title='bbox 1678 1552 1745 1627; x_wconf 89' lang='lat' dir='ltr'><strong>si</strong></span> <span class='ocrx_word' id='word_1_68' title='bbox 1791 1549 2099 1626; x_wconf 86' lang='lat' dir='ltr'><strong>luderet</strong></span> <span class='ocrx_word' id='word_1_69' title='bbox 2146 1548 2429 1644; x_wconf 83' lang='lat' dir='ltr'><strong>infans,</strong></span> 
     </span>
    </p>

    <p class='ocr_par' dir='ltr' id='par_1_7' title="bbox 449 1673 2435 1779">
     <span class='ocr_line' id='line_1_13' title="bbox 449 1673 2435 1779; baseline -0.002 -27"><span class='ocrx_word' id='word_1_70' title='bbox 449 1713 524 1752; x_wconf 88' lang='lat'><strong>100</strong></span> <span class='ocrx_word' id='word_1_71' title='bbox 550 1679 780 1772; x_wconf 83' lang='lat' dir='ltr'><strong>Quod</strong></span> <span class='ocrx_word' id='word_1_72' title='bbox 833 1679 1115 1779; x_wconf 86' lang='lat' dir='ltr'><strong>cupide</strong></span> <span class='ocrx_word' id='word_1_73' title='bbox 1165 1679 1408 1779; x_wconf 86' lang='lat' dir='ltr'><strong>petiit,</strong></span> <span class='ocrx_word' id='word_1_74' title='bbox 1462 1690 1763 1753; x_wconf 86' lang='lat' dir='ltr'><strong>mature</strong></span> <span class='ocrx_word' id='word_1_75' title='bbox 1810 1675 2045 1774; x_wconf 84' lang='lat' dir='ltr'><strong>plena</strong></span> <span class='ocrx_word' id='word_1_76' title='bbox 2096 1673 2435 1774; x_wconf 86' lang='lat' dir='ltr'><strong>reliquit.</strong></span> 
     </span>
    </p>

    <p class='ocr_par' dir='ltr' id='par_1_8' title="bbox 547 1799 2859 2030">
     <span class='ocr_line' id='line_1_14' title="bbox 549 1799 2859 1902; baseline -0.001 -24"><span class='ocrx_word' id='word_1_77' title='bbox 549 1803 758 1898; x_wconf 85' lang='lat' dir='ltr'><strong>Quid</strong></span> <span class='ocrx_word' id='word_1_78' title='bbox 792 1804 1050 1901; x_wconf 89' lang='lat' dir='ltr'><strong>placet</strong></span> <span class='ocrx_word' id='word_1_79' title='bbox 1093 1815 1226 1880; x_wconf 90' lang='lat' dir='ltr'><strong>aut</strong></span> <span class='ocrx_word' id='word_1_80' title='bbox 1265 1803 1446 1879; x_wconf 90' lang='lat' dir='ltr'><strong>odio</strong></span> <span class='ocrx_word' id='word_1_81' title='bbox 1485 1815 1619 1901; x_wconf 88' lang='lat' dir='ltr'><strong>est,</strong></span> <span class='ocrx_word' id='word_1_82' title='bbox 1660 1802 1873 1902; x_wconf 86' lang='lat' dir='ltr'><strong>quod</strong></span> <span class='ocrx_word' id='word_1_83' title='bbox 1912 1827 2069 1878; x_wconf 89' lang='lat' dir='ltr'><strong>non</strong></span> <span class='ocrx_word' id='word_1_84' title='bbox 2116 1799 2491 1876; x_wconf 85' lang='lat' dir='ltr'><strong>mutabile</strong></span> <span class='ocrx_word' id='word_1_85' title='bbox 2532 1799 2859 1876; x_wconf 85' lang='lat' dir='ltr'><strong>credas?</strong></span> 
     </span>
     <span class='ocr_line' id='line_1_15' title="bbox 547 1917 2507 2030; baseline -0.003 -24"><span class='ocrx_word' id='word_1_86' title='bbox 547 1929 724 2006; x_wconf 88' lang='lat' dir='ltr'><strong>Hoc</strong></span> <span class='ocrx_word' id='word_1_87' title='bbox 777 1928 1004 2030; x_wconf 78' lang='lat' dir='ltr'><strong>pace&#39;s</strong></span> <span class='ocrx_word' id='word_1_88' title='bbox 1057 1928 1398 2006; x_wconf 84' lang='lat' dir='ltr'><strong>habuere</strong></span> <span class='ocrx_word' id='word_1_89' title='bbox 1450 1917 1701 2006; x_wconf 91' lang='lat' dir='ltr'><strong>bonae</strong></span> <span class='ocrx_word' id='word_1_90' title='bbox 1751 1929 2117 2027; x_wconf 82' lang='lat' dir='ltr'><strong>ventique</strong></span> <span class='ocrx_word' id='word_1_91' title='bbox 2168 1926 2507 2004; x_wconf 87' lang='lat' dir='ltr'><strong>secundi.</strong></span> 
     </span>
    </p>

    <p class='ocr_par' dir='ltr' id='par_1_9' title="bbox 548 2050 2405 2132">
     <span class='ocr_line' id='line_1_16' title="bbox 548 2050 2405 2132; baseline -0.002 -2"><span class='ocrx_word' id='word_1_92' title='bbox 548 2057 838 2131; x_wconf 89' lang='lat' dir='ltr'><strong>Romae</strong></span> <span class='ocrx_word' id='word_1_93' title='bbox 887 2054 1114 2130; x_wconf 82' lang='lat' dir='ltr'><strong>dulce</strong></span> <span class='ocrx_word' id='word_1_94' title='bbox 1168 2055 1304 2132; x_wconf 92' lang='lat' dir='ltr'><strong>diu</strong></span> <span class='ocrx_word' id='word_1_95' title='bbox 1352 2055 1498 2131; x_wconf 84' lang='lat' dir='ltr'><strong>fuit</strong></span> <span class='ocrx_word' id='word_1_96' title='bbox 1552 2067 1629 2130; x_wconf 90' lang='lat' dir='ltr'><strong>et</strong></span> <span class='ocrx_word' id='word_1_97' title='bbox 1676 2053 2051 2131; x_wconf 89' lang='lat' dir='ltr'><strong>sollemne</strong></span> <span class='ocrx_word' id='word_1_98' title='bbox 2102 2050 2405 2128; x_wconf 89' lang='lat' dir='ltr'><strong>reclusa</strong></span> 
     </span>
    </p>

    <p class='ocr_par' dir='ltr' id='par_1_10' title="bbox 549 2161 2443 2280">
     <span class='ocr_line' id='line_1_17' title="bbox 549 2161 2443 2280; baseline -0.003 -23"><span class='ocrx_word' id='word_1_99' title='bbox 549 2181 781 2257; x_wconf 85' lang='lat' dir='ltr'><strong>Mane</strong></span> <span class='ocrx_word' id='word_1_100' title='bbox 834 2179 1066 2255; x_wconf 91' lang='lat' dir='ltr'><strong>domo</strong></span> <span class='ocrx_word' id='word_1_101' title='bbox 1123 2179 1472 2276; x_wconf 83' lang='lat' dir='ltr'><strong>vigilare,</strong></span> <span class='ocrx_word' id='word_1_102' title='bbox 1529 2180 1790 2255; x_wconf 87' lang='lat' dir='ltr'><strong>clienti</strong></span> <span class='ocrx_word' id='word_1_103' title='bbox 1837 2204 2197 2280; x_wconf 90' lang='lat' dir='ltr'><strong>promere</strong></span> <span class='ocrx_word' id='word_1_104' title='bbox 2248 2161 2443 2272; x_wconf 82' lang='lat' dir='ltr'><strong>iura,</strong></span> 
     </span>
    </p>

    <p class='ocr_par' dir='ltr' id='par_1_11' title="bbox 451 2303 2520 2651">
     <span class='ocr_line' id='line_1_18' title="bbox 451 2303 2520 2402; baseline -0.001 -22"><span class='ocrx_word' id='word_1_105' title='bbox 451 2341 523 2380; x_wconf 72' lang='grc' dir='ltr'><strong>ιω</strong></span> <span class='ocrx_word' id='word_1_106' title='bbox 551 2305 835 2382; x_wconf 84' lang='lat' dir='ltr'><strong>Cautes</strong></span> <span class='ocrx_word' id='word_1_107' title='bbox 882 2306 1322 2380; x_wconf 74' lang='lat' dir='ltr'><strong>nominibus</strong></span> <span class='ocrx_word' id='word_1_108' title='bbox 1373 2304 1600 2380; x_wconf 90' lang='lat' dir='ltr'><strong>rectis</strong></span> <span class='ocrx_word' id='word_1_109' title='bbox 1652 2303 2091 2402; x_wconf 85' lang='lat' dir='ltr'><strong>expendere</strong></span> <span class='ocrx_word' id='word_1_110' title='bbox 2138 2328 2520 2398; x_wconf 88' lang='lat' dir='ltr'><strong>nummos,</strong></span> 
     </span>
     <span class='ocr_line' id='line_1_19' title="bbox 549 2427 2325 2528; baseline 0.001 -26"><span class='ocrx_word' id='word_1_111' title='bbox 549 2429 884 2512; x_wconf 83' lang='lat' dir='ltr'><strong>Maiores</strong></span> <span class='ocrx_word' id='word_1_112' title='bbox 934 2429 1229 2524; x_wconf 87' lang='lat' dir='ltr'><strong>audire,</strong></span> <span class='ocrx_word' id='word_1_113' title='bbox 1284 2429 1567 2504; x_wconf 91' lang='lat' dir='ltr'><strong>minori</strong></span> <span class='ocrx_word' id='word_1_114' title='bbox 1618 2427 1881 2504; x_wconf 80' lang='lat' dir='ltr'><strong>dicere</strong></span> <span class='ocrx_word' id='word_1_115' title='bbox 1933 2453 2076 2528; x_wconf 91' lang='lat' dir='ltr'><strong>per</strong></span> <span class='ocrx_word' id='word_1_116' title='bbox 2126 2453 2325 2528; x_wconf 87' lang='lat' dir='ltr'><strong>quae</strong></span> 
     </span>
     <span class='ocr_line' id='line_1_20' title="bbox 551 2551 2476 2651; baseline -0.003 -19"><span class='ocrx_word' id='word_1_117' title='bbox 551 2551 920 2632; x_wconf 87' lang='lat' dir='ltr'><strong>Crescere</strong></span> <span class='ocrx_word' id='word_1_118' title='bbox 971 2579 1092 2631; x_wconf 88' lang='lat' dir='ltr'><strong>res</strong></span> <span class='ocrx_word' id='word_1_119' title='bbox 1142 2568 1422 2651; x_wconf 87' lang='lat' dir='ltr'><strong>posset,</strong></span> <span class='ocrx_word' id='word_1_120' title='bbox 1476 2552 1721 2628; x_wconf 90' lang='lat' dir='ltr'><strong>minui</strong></span> <span class='ocrx_word' id='word_1_121' title='bbox 1771 2551 2141 2629; x_wconf 89' lang='lat' dir='ltr'><strong>damnosa</strong></span> <span class='ocrx_word' id='word_1_122' title='bbox 2191 2551 2476 2628; x_wconf 82' lang='lat' dir='ltr'><strong>libido:</strong></span> 
     </span>
    </p>
   </div>
   <div class='ocr_carea' id='block_1_4' title="bbox 445 2801 1609 4664">
    <p class='ocr_par' dir='ltr' id='par_1_12' title="bbox 448 2801 1609 4021">
     <span class='ocr_line' id='line_1_21' title="bbox 448 2801 1607 2888; baseline 0.003 -33"><span class='ocrx_word' id='word_1_123' title='bbox 448 2801 594 2874; x_wconf 76' lang='lat' dir='ltr'><strong>gar).</strong></span> <span class='ocrx_word' id='word_1_124' title='bbox 623 2831 689 2841; x_wconf 96' lang='lat'>—</span> <span class='ocrx_word' id='word_1_125' title='bbox 715 2806 908 2856; x_wconf 72' lang='lat' dir='ltr'><strong>nostra</strong></span> <span class='ocrx_word' id='word_1_126' title='bbox 925 2802 1039 2873; x_wconf 73' lang='lat' dir='ltr'><strong>sed]</strong></span> <span class='ocrx_word' id='word_1_127' title='bbox 1079 2805 1296 2872; x_wconf 84' lang='lat' dir='ltr'><strong>Aperta</strong></span> <span class='ocrx_word' id='word_1_128' title='bbox 1319 2804 1414 2859; x_wconf 84' lang='lat' dir='ltr'><strong>hio</strong></span> <span class='ocrx_word' id='word_1_129' title='bbox 1438 2820 1607 2888; x_wconf 73' lang='lat' dir='ltr'><strong>causa</strong></span> 
     </span>
     <span class='ocr_line' id='line_1_22' title="bbox 451 2873 1609 2946; baseline 0.001 -16"><span class='ocrx_word' id='word_1_130' title='bbox 451 2879 538 2930; x_wconf 83' lang='lat' dir='ltr'><strong>est</strong></span> <span class='ocrx_word' id='word_1_131' title='bbox 569 2889 671 2929; x_wconf 88' lang='lat' dir='ltr'><strong>cur</strong></span> <span class='ocrx_word' id='word_1_132' title='bbox 705 2873 799 2928; x_wconf 77' lang='lat' dir='ltr'><strong>sed</strong></span> <span class='ocrx_word' id='word_1_133' title='bbox 833 2878 980 2944; x_wconf 84' lang='lat' dir='ltr'><strong>part.</strong></span> <span class='ocrx_word' id='word_1_134' title='bbox 1026 2876 1103 2929; x_wconf 89' lang='lat' dir='ltr'><strong>sit</strong></span> <span class='ocrx_word' id='word_1_135' title='bbox 1136 2877 1476 2946; x_wconf 78' lang='lat' dir='ltr'><strong>postposita3</strong></span> <span class='ocrx_word' id='word_1_136' title='bbox 1525 2876 1609 2931; x_wconf 90' lang='lat' dir='ltr'><strong>sic</strong></span> 
     </span>
     <span class='ocr_line' id='line_1_23' title="bbox 450 2945 1606 3002; baseline 0.001 -1"><span class='ocrx_word' id='word_1_137' title='bbox 450 2947 600 3001; x_wconf 88' lang='lat' dir='ltr'><strong>enim</strong></span> <span class='ocrx_word' id='word_1_138' title='bbox 657 2945 838 3000; x_wconf 85' lang='lat' dir='ltr'><strong>maior</strong></span> <span class='ocrx_word' id='word_1_139' title='bbox 883 2948 1151 3002; x_wconf 84' lang='lat' dir='ltr'><strong>accrescit</strong></span> <span class='ocrx_word' id='word_1_140' title='bbox 1195 2948 1276 3002; x_wconf 86' lang='lat' dir='ltr'><strong>vis</strong></span> <span class='ocrx_word' id='word_1_141' title='bbox 1332 2948 1606 3002; x_wconf 79' lang='lat' dir='ltr'><strong>vocabulo</strong></span> 
     </span>
     <span class='ocr_line' id='line_1_24' title="bbox 449 3020 1605 3089; baseline 0.003 -18"><span class='ocrx_word' id='word_1_142' title='bbox 449 3022 660 3084; x_wconf 74' lang='lat' dir='ltr'><strong>nostra,</strong></span> <span class='ocrx_word' id='word_1_143' title='bbox 697 3034 823 3072; x_wconf 86' lang='lat' dir='ltr'><strong>cum</strong></span> <span class='ocrx_word' id='word_1_144' title='bbox 849 3020 1134 3089; x_wconf 81' lang='lat' dir='ltr'><strong>gravitate</strong></span> <span class='ocrx_word' id='word_1_145' title='bbox 1159 3025 1356 3089; x_wconf 87' lang='lat' dir='ltr'><strong>postea</strong></span> <span class='ocrx_word' id='word_1_146' title='bbox 1381 3020 1605 3074; x_wconf 84' lang='lat' dir='ltr'><strong>iterate.</strong></span> 
     </span>
     <span class='ocr_line' id='line_1_25' title="bbox 452 3087 1605 3161; baseline 0.003 -19"><span class='ocrx_word' id='word_1_147' title='bbox 452 3119 518 3129; x_wconf 94' lang='lat'>—</span> <span class='ocrx_word' id='word_1_148' title='bbox 577 3087 775 3156; x_wconf 72' lang='lat' dir='ltr'><strong>quodsi</strong></span> <span class='ocrx_word' id='word_1_149' title='bbox 833 3094 946 3144; x_wconf 78' lang='lat' dir='ltr'><strong>tam</strong></span> <span class='ocrx_word' id='word_1_150' title='bbox 1005 3091 1258 3161; x_wconf 77' lang='lat' dir='ltr'><strong>Graecis]</strong></span> <span class='ocrx_word' id='word_1_151' title='bbox 1325 3091 1372 3145; x_wconf 87' lang='lat' dir='ltr'><strong>si</strong></span> <span class='ocrx_word' id='word_1_152' title='bbox 1438 3091 1605 3160; x_wconf 85' lang='lat' dir='ltr'><strong>idem,</strong></span> 
     </span>
     <span class='ocr_line' id='line_1_26' title="bbox 449 3159 1609 3228; baseline 0.002 -14"><span class='ocrx_word' id='word_1_153' title='bbox 449 3160 653 3228; x_wconf 87' lang='lat' dir='ltr'><strong>inquit,</strong></span> <span class='ocrx_word' id='word_1_154' title='bbox 705 3159 966 3216; x_wconf 81' lang='lat' dir='ltr'><strong>fecissent</strong></span> <span class='ocrx_word' id='word_1_155' title='bbox 1003 3162 1225 3223; x_wconf 87' lang='lat' dir='ltr'><strong>Graeci.</strong></span> <span class='ocrx_word' id='word_1_156' title='bbox 1273 3163 1417 3217; x_wconf 88' lang='lat' dir='ltr'><strong>nihil</strong></span> <span class='ocrx_word' id='word_1_157' title='bbox 1457 3180 1609 3217; x_wconf 89' lang='lat' dir='ltr'><strong>nunc</strong></span> 
     </span>
     <span class='ocr_line' id='line_1_27' title="bbox 450 3232 1607 3303; baseline 0.002 -17"><span class='ocrx_word' id='word_1_158' title='bbox 450 3237 596 3286; x_wconf 77' lang='lat' dir='ltr'><strong>esset</strong></span> <span class='ocrx_word' id='word_1_159' title='bbox 645 3232 795 3301; x_wconf 85' lang='lat' dir='ltr'><strong>quod</strong></span> <span class='ocrx_word' id='word_1_160' title='bbox 837 3234 1136 3303; x_wconf 87' lang='lat' dir='ltr'><strong>antiquum</strong></span> <span class='ocrx_word' id='word_1_161' title='bbox 1169 3235 1607 3302; x_wconf 81' lang='lat' dir='ltr'><strong>admiraremur3</strong></span> 
     </span>
     <span class='ocr_line' id='line_1_28' title="bbox 449 3276 1607 3377; baseline 0.003 -20"><span class='ocrx_word' id='word_1_162' title='bbox 449 3320 650 3358; x_wconf 82' lang='lat' dir='ltr'><strong>verum</strong></span> <span class='ocrx_word' id='word_1_163' title='bbox 723 3303 924 3360; x_wconf 86' lang='lat' dir='ltr'><strong>Graeci</strong></span> <span class='ocrx_word' id='word_1_164' title='bbox 995 3323 1337 3377; x_wconf 77' lang='lat' dir='ltr'><strong>magnopere</strong></span> <span class='ocrx_word' id='word_1_165' title='bbox 1395 3276 1607 3361; x_wconf 74' lang='lat' dir='ltr'><strong>diversi</strong></span> 
     </span>
     <span class='ocr_line' id='line_1_29' title="bbox 452 3375 1607 3449; baseline 0.001 -19"><span class='ocrx_word' id='word_1_166' title='bbox 452 3380 617 3430; x_wconf 87' lang='lat' dir='ltr'><strong>erant</strong></span> <span class='ocrx_word' id='word_1_167' title='bbox 651 3393 686 3429; x_wconf 89' lang='lat' dir='ltr'><strong>a</strong></span> <span class='ocrx_word' id='word_1_168' title='bbox 719 3375 896 3430; x_wconf 84' lang='lat' dir='ltr'><strong>nobis.</strong></span> <span class='ocrx_word' id='word_1_169' title='bbox 935 3377 1048 3431; x_wconf 87' lang='lat' dir='ltr'><strong>Nos</strong></span> <span class='ocrx_word' id='word_1_170' title='bbox 1077 3395 1463 3449; x_wconf 84' lang='lat' dir='ltr'><strong>quaecumque</strong></span> <span class='ocrx_word' id='word_1_171' title='bbox 1487 3395 1607 3432; x_wconf 87' lang='lat' dir='ltr'><strong>sur-</strong></span> 
     </span>
     <span class='ocr_line' id='line_1_30' title="bbox 451 3448 1605 3533; baseline 0.004 -34"><span class='ocrx_word' id='word_1_172' title='bbox 451 3451 596 3518; x_wconf 77' lang='lat' dir='ltr'><strong>gunt</strong></span> <span class='ocrx_word' id='word_1_173' title='bbox 653 3463 800 3502; x_wconf 87' lang='lat' dir='ltr'><strong>nova</strong></span> <span class='ocrx_word' id='word_1_174' title='bbox 860 3448 1080 3503; x_wconf 88' lang='lat' dir='ltr'><strong>odimus</strong></span> <span class='ocrx_word' id='word_1_175' title='bbox 1147 3467 1328 3519; x_wconf 88' lang='lat' dir='ltr'><strong>neque</strong></span> <span class='ocrx_word' id='word_1_176' title='bbox 1392 3450 1605 3533; x_wconf 84' lang='lat' dir='ltr'><strong>poesim</strong></span> 
     </span>
     <span class='ocr_line' id='line_1_31' title="bbox 451 3520 1607 3590; baseline 0.004 -19"><span class='ocrx_word' id='word_1_177' title='bbox 451 3523 705 3572; x_wconf 80' lang='lat' dir='ltr'><strong>nostram</strong></span> <span class='ocrx_word' id='word_1_178' title='bbox 742 3520 914 3574; x_wconf 88' lang='lat' dir='ltr'><strong>altius</strong></span> <span class='ocrx_word' id='word_1_179' title='bbox 951 3538 1068 3575; x_wconf 87' lang='lat' dir='ltr'><strong>sese</strong></span> <span class='ocrx_word' id='word_1_180' title='bbox 1095 3521 1298 3576; x_wconf 84' lang='lat' dir='ltr'><strong>tollere</strong></span> <span class='ocrx_word' id='word_1_181' title='bbox 1329 3521 1607 3590; x_wconf 82' lang='lat' dir='ltr'><strong>patimur3</strong></span> 
     </span>
     <span class='ocr_line' id='line_1_32' title="bbox 452 3589 1605 3648; baseline 0.003 -3"><span class='ocrx_word' id='word_1_182' title='bbox 452 3589 653 3646; x_wconf 84' lang='lat' dir='ltr'><strong>Graeci</strong></span> <span class='ocrx_word' id='word_1_183' title='bbox 690 3596 887 3646; x_wconf 82' lang='lat' dir='ltr'><strong>contra</strong></span> <span class='ocrx_word' id='word_1_184' title='bbox 928 3592 999 3646; x_wconf 89' lang='lat' dir='ltr'><strong>ab</strong></span> <span class='ocrx_word' id='word_1_185' title='bbox 1046 3593 1158 3647; x_wconf 87' lang='lat' dir='ltr'><strong>alia</strong></span> <span class='ocrx_word' id='word_1_186' title='bbox 1193 3592 1266 3647; x_wconf 85' lang='lat' dir='ltr'><strong>ad</strong></span> <span class='ocrx_word' id='word_1_187' title='bbox 1311 3593 1480 3648; x_wconf 83' lang='lat' dir='ltr'><strong>aliam</strong></span> <span class='ocrx_word' id='word_1_188' title='bbox 1517 3611 1605 3648; x_wconf 86' lang='lat' dir='ltr'><strong>ar-</strong></span> 
     </span>
     <span class='ocr_line' id='line_1_33' title="bbox 450 3666 1606 3732; baseline 0.003 -16"><span class='ocrx_word' id='word_1_189' title='bbox 450 3667 566 3716; x_wconf 88' lang='lat' dir='ltr'><strong>tem</strong></span> <span class='ocrx_word' id='word_1_190' title='bbox 621 3666 974 3718; x_wconf 80' lang='lat' dir='ltr'><strong>transeuntes</strong></span> <span class='ocrx_word' id='word_1_191' title='bbox 1021 3680 1212 3718; x_wconf 88' lang='lat' dir='ltr'><strong>omnes</strong></span> <span class='ocrx_word' id='word_1_192' title='bbox 1261 3681 1438 3732; x_wconf 86' lang='lat' dir='ltr'><strong>aequo</strong></span> <span class='ocrx_word' id='word_1_193' title='bbox 1491 3683 1606 3719; x_wconf 83' lang='lat' dir='ltr'><strong>am-</strong></span> 
     </span>
     <span class='ocr_line' id='line_1_34' title="bbox 448 3733 1607 3806; baseline 0.005 -20"><span class='ocrx_word' id='word_1_194' title='bbox 448 3733 844 3804; x_wconf 70' lang='lat' dir='ltr'><strong>plectebantur</strong></span> <span class='ocrx_word' id='word_1_195' title='bbox 896 3753 1087 3789; x_wconf 89' lang='lat' dir='ltr'><strong>amore</strong></span> <span class='ocrx_word' id='word_1_196' title='bbox 1142 3736 1214 3791; x_wconf 84' lang='lat' dir='ltr'><strong>ad</strong></span> <span class='ocrx_word' id='word_1_197' title='bbox 1264 3735 1607 3806; x_wconf 86' lang='lat' dir='ltr'><strong>eandemque</strong></span> 
     </span>
     <span class='ocr_line' id='line_1_35' title="bbox 449 3805 1607 3878; baseline 0.003 -19"><span class='ocrx_word' id='word_1_198' title='bbox 449 3805 789 3876; x_wconf 81' lang='lat' dir='ltr'><strong>dignitatem</strong></span> <span class='ocrx_word' id='word_1_199' title='bbox 863 3813 1184 3862; x_wconf 83' lang='lat' dir='ltr'><strong>evexerunt.</strong></span> <span class='ocrx_word' id='word_1_200' title='bbox 1258 3837 1322 3848; x_wconf 88' lang='lat'>—</span> <span class='ocrx_word' id='word_1_201' title='bbox 1397 3809 1607 3878; x_wconf 76' lang='lat' dir='ltr'><strong>tereret]</strong></span> 
     </span>
     <span class='ocr_line' id='line_1_36' title="bbox 451 3875 1607 3949; baseline 0 -17"><span class='ocrx_word' id='word_1_202' title='bbox 451 3877 522 3932; x_wconf 82' lang='lat' dir='ltr'><strong>cf.</strong></span> <span class='ocrx_word' id='word_1_203' title='bbox 571 3875 683 3932; x_wconf 89' lang='lat' dir='ltr'><strong>Cic.</strong></span> <span class='ocrx_word' id='word_1_204' title='bbox 723 3878 794 3932; x_wconf 88' lang='lat' dir='ltr'><strong>ad</strong></span> <span class='ocrx_word' id='word_1_205' title='bbox 833 3877 989 3932; x_wconf 88' lang='lat' dir='ltr'><strong>Fam.</strong></span> <span class='ocrx_word' id='word_1_206' title='bbox 1027 3878 1126 3937; x_wconf 86' lang='lat' dir='ltr'><strong>IX.</strong></span> <span class='ocrx_word' id='word_1_207' title='bbox 1167 3881 1256 3946; x_wconf 77' lang='lat'><strong>25,</strong></span> <span class='ocrx_word' id='word_1_208' title='bbox 1297 3882 1351 3933; x_wconf 87' lang='lat'><strong>1:</strong></span> <span class='ocrx_word' id='word_1_209' title='bbox 1433 3886 1607 3949; x_wconf 81' lang='lat' dir='ltr'><strong>„-Hae</strong></span> 
     </span>
     <span class='ocr_line' id='line_1_37' title="bbox 449 3919 1605 4021; baseline 0.002 -19"><span class='ocrx_word' id='word_1_210' title='bbox 449 3949 606 4002; x_wconf 74' lang='grc' dir='ltr'><strong><em>δείαν</em></strong></span> <span class='ocrx_word' id='word_1_211' title='bbox 653 3945 837 4018; x_wconf 80' lang='grc' dir='ltr'><strong>Κύρου</strong></span> <span class='ocrx_word' id='word_1_212' title='bbox 883 3919 1260 4005; x_wconf 80' lang='lat' dir='ltr'><strong>contriverani</strong></span> <span class='ocrx_word' id='word_1_213' title='bbox 1311 3951 1605 4021; x_wconf 61' lang='lat' dir='ltr'><strong>legendof‘</strong></span> 
     </span>
    </p>

    <p class='ocr_par' dir='ltr' id='par_1_13' title="bbox 445 4020 1607 4664">
     <span class='ocr_line' id='line_1_38' title="bbox 451 4020 1605 4092; baseline 0.004 -20"><span class='ocrx_word' id='word_1_214' title='bbox 451 4049 516 4060; x_wconf 89' lang='lat'>—</span> <span class='ocrx_word' id='word_1_215' title='bbox 572 4020 802 4090; x_wconf 58' lang='grc' dir='ltr'><strong>παραυ]</strong></span> <span class='ocrx_word' id='word_1_216' title='bbox 860 4021 980 4075; x_wconf 86' lang='lat' dir='ltr'><strong>sine</strong></span> <span class='ocrx_word' id='word_1_217' title='bbox 1031 4022 1464 4092; x_wconf 84' lang='lat' dir='ltr'><strong>reprehensione</strong></span> <span class='ocrx_word' id='word_1_218' title='bbox 1521 4023 1605 4077; x_wconf 89' lang='lat' dir='ltr'><strong>di-</strong></span> 
     </span>
     <span class='ocr_line' id='line_1_39' title="bbox 449 4093 1605 4160; baseline 0.001 -13"><span class='ocrx_word' id='word_1_219' title='bbox 449 4095 602 4147; x_wconf 87' lang='lat' dir='ltr'><strong>ctum</strong></span> <span class='ocrx_word' id='word_1_220' title='bbox 636 4097 746 4160; x_wconf 86' lang='lat' dir='ltr'><strong>est;</strong></span> <span class='ocrx_word' id='word_1_221' title='bbox 795 4111 924 4147; x_wconf 88' lang='lat' dir='ltr'><strong>nam</strong></span> <span class='ocrx_word' id='word_1_222' title='bbox 973 4093 1189 4148; x_wconf 83' lang='lat' dir='ltr'><strong>artibus</strong></span> <span class='ocrx_word' id='word_1_223' title='bbox 1239 4094 1605 4149; x_wconf 78' lang='lat' dir='ltr'><strong>hilarioribus</strong></span> 
     </span>
     <span class='ocr_line' id='line_1_40' title="bbox 448 4133 1605 4232; baseline 0.003 -14"><span class='ocrx_word' id='word_1_224' title='bbox 448 4168 508 4218; x_wconf 87' lang='lat' dir='ltr'><strong>et</strong></span> <span class='ocrx_word' id='word_1_225' title='bbox 543 4163 628 4218; x_wconf 78' lang='lat' dir='ltr'><strong>lev</strong></span> <span class='ocrx_word' id='word_1_226' title='bbox 633 4133 846 4218; x_wconf 73' lang='lat' dir='ltr'><strong>ior-ibus</strong></span> <span class='ocrx_word' id='word_1_227' title='bbox 891 4183 950 4218; x_wconf 88' lang='lat' dir='ltr'><strong>se</strong></span> <span class='ocrx_word' id='word_1_228' title='bbox 997 4165 1149 4232; x_wconf 85' lang='lat' dir='ltr'><strong>dare,</strong></span> <span class='ocrx_word' id='word_1_229' title='bbox 1185 4166 1234 4219; x_wconf 90' lang='lat' dir='ltr'><strong>si</strong></span> <span class='ocrx_word' id='word_1_230' title='bbox 1271 4165 1418 4220; x_wconf 89' lang='lat' dir='ltr'><strong>bella</strong></span> <span class='ocrx_word' id='word_1_231' title='bbox 1458 4183 1605 4221; x_wconf 86' lang='lat' dir='ltr'><strong>com·</strong></span> 
     </span>
     <span class='ocr_line' id='line_1_41' title="bbox 447 4205 1607 4320; baseline 0.003 -31"><span class='ocrx_word' id='word_1_232' title='bbox 447 4236 756 4320; x_wconf 63' lang='lat' dir='ltr'><strong>paraveris3</strong></span> <span class='ocrx_word' id='word_1_233' title='bbox 800 4237 1004 4320; x_wconf 80' lang='lat' dir='ltr'><strong>nugari</strong></span> <span class='ocrx_word' id='word_1_234' title='bbox 1053 4205 1352 4292; x_wconf 64' lang='lat' dir='ltr'><strong>vid’ebitur.</strong></span> <span class='ocrx_word' id='word_1_235' title='bbox 1413 4267 1484 4278; x_wconf 90' lang='lat'><strong>—</strong></span> <span class='ocrx_word' id='word_1_236' title='bbox 1539 4238 1607 4292; x_wconf 73' lang='lat' dir='ltr'><strong>in</strong></span> 
     </span>
     <span class='ocr_line' id='line_1_42' title="bbox 445 4305 1603 4379; baseline 0.003 -17"><span class='ocrx_word' id='word_1_237' title='bbox 445 4305 718 4377; x_wconf 69' lang='lat' dir='ltr'><strong>vitiunq,</strong></span> <span class='ocrx_word' id='word_1_238' title='bbox 723 4307 800 4375; x_wconf 90' lang='lat' dir='ltr'><strong>,in</strong></span> <span class='ocrx_word' id='word_1_239' title='bbox 837 4308 1041 4362; x_wconf 77' lang='lat' dir='ltr'><strong>vitium</strong></span> <span class='ocrx_word' id='word_1_240' title='bbox 1088 4309 1434 4376; x_wconf 81' lang='lat' dir='ltr'><strong>deliciarum,</strong></span> <span class='ocrx_word' id='word_1_241' title='bbox 1477 4327 1603 4379; x_wconf 86' lang='lat' dir='ltr'><strong>pro·</strong></span> 
     </span>
     <span class='ocr_line' id='line_1_43' title="bbox 447 4379 1603 4449; baseline 0.004 -17"><span class='ocrx_word' id='word_1_242' title='bbox 447 4382 578 4447; x_wconf 85' lang='lat' dir='ltr'><strong>pter</strong></span> <span class='ocrx_word' id='word_1_243' title='bbox 596 4380 1030 4449; x_wconf 66' lang='lat' dir='ltr'><strong>prosperitatem</strong></span> <span class='ocrx_word' id='word_1_244' title='bbox 1048 4379 1326 4436; x_wconf 79' lang='lat' dir='ltr'><strong>fortunae.</strong></span> <span class='ocrx_word' id='word_1_245' title='bbox 1337 4380 1362 4410; x_wconf 79' lang='lat'><strong>‘⁸</strong></span> <span class='ocrx_word' id='word_1_246' title='bbox 1391 4381 1603 4436; x_wconf 86' lang='lat' dir='ltr'><strong>Oomm.</strong></span> 
     </span>
     <span class='ocr_line' id='line_1_44' title="bbox 450 4449 1601 4536; baseline 0.004 -33"><span class='ocrx_word' id='word_1_247' title='bbox 450 4449 616 4518; x_wconf 83' lang='lat' dir='ltr'><strong>Gruq.</strong></span> <span class='ocrx_word' id='word_1_248' title='bbox 655 4481 722 4490; x_wconf 93' lang='lat'>—</span> <span class='ocrx_word' id='word_1_249' title='bbox 759 4451 1048 4536; x_wconf 73' lang='lat' dir='ltr'><strong>suspendit</strong></span> <span class='ocrx_word' id='word_1_250' title='bbox 1069 4451 1307 4522; x_wconf 72' lang='lat' dir='ltr'><strong>vultum]</strong></span> <span class='ocrx_word' id='word_1_251' title='bbox 1345 4455 1601 4508; x_wconf 85' lang='lat' dir='ltr'><strong>attentis-</strong></span> 
     </span>
     <span class='ocr_line' id='line_1_45' title="bbox 447 4521 1601 4592; baseline 0.005 -19"><span class='ocrx_word' id='word_1_252' title='bbox 447 4521 586 4574; x_wconf 83' lang='lat' dir='ltr'><strong>sime</strong></span> <span class='ocrx_word' id='word_1_253' title='bbox 618 4523 920 4592; x_wconf 77' lang='lat' dir='ltr'><strong>spectavit3</strong></span> <span class='ocrx_word' id='word_1_254' title='bbox 959 4523 1236 4578; x_wconf 80' lang='lat' dir='ltr'><strong>admirata</strong></span> <span class='ocrx_word' id='word_1_255' title='bbox 1272 4529 1374 4578; x_wconf 89' lang='lat' dir='ltr'><strong>est.</strong></span> <span class='ocrx_word' id='word_1_256' title='bbox 1413 4553 1480 4564; x_wconf 93' lang='lat'><em>-</em></span> <span class='ocrx_word' id='word_1_257' title='bbox 1518 4541 1601 4580; x_wconf 75' lang='lat' dir='ltr'><strong>rc·</strong></span> 
     </span>
     <span class='ocr_line' id='line_1_46' title="bbox 447 4591 1316 4664; baseline 0.006 -19"><span class='ocrx_word' id='word_1_258' title='bbox 447 4591 636 4660; x_wconf 73' lang='lat' dir='ltr'><strong>liquit]</strong></span> <span class='ocrx_word' id='word_1_259' title='bbox 677 4593 926 4662; x_wconf 85' lang='lat' dir='ltr'><strong>Graecia,</strong></span> <span class='ocrx_word' id='word_1_260' title='bbox 963 4611 1076 4649; x_wconf 89' lang='lat' dir='ltr'><strong>non</strong></span> <span class='ocrx_word' id='word_1_261' title='bbox 1109 4594 1316 4664; x_wconf 89' lang='lat' dir='ltr'><strong>puella.</strong></span> 
     </span>
    </p>
   </div>
   <div class='ocr_carea' id='block_1_5' title="bbox 1697 2801 2861 4237">
    <p class='ocr_par' dir='ltr' id='par_1_14' title="bbox 1697 2801 2861 4237">
     <span class='ocr_line' id='line_1_47' title="bbox 1769 2801 2861 2874; baseline 0 -14"><span class='ocrx_word' id='word_1_262' title='bbox 1769 2804 1835 2860; x_wconf 86' lang='lat' dir='ltr'><strong>V.</strong></span> <span class='ocrx_word' id='word_1_263' title='bbox 1874 2803 1993 2859; x_wconf 90' lang='grc'><strong>101.</strong></span> <span class='ocrx_word' id='word_1_264' title='bbox 2044 2803 2183 2874; x_wconf 70' lang='lat' dir='ltr'><strong>quid</strong></span> <span class='ocrx_word' id='word_1_265' title='bbox 2225 2801 2433 2874; x_wconf 77' lang='lat' dir='ltr'><strong>placet]</strong></span> <span class='ocrx_word' id='word_1_266' title='bbox 2484 2803 2749 2860; x_wconf 67' lang='lat' dir='ltr'><strong>Keller-us</strong></span> <span class='ocrx_word' id='word_1_267' title='bbox 2804 2809 2861 2860; x_wconf 82' lang='lat' dir='ltr'><strong>et</strong></span> 
     </span>
     <span class='ocr_line' id='line_1_48' title="bbox 1697 2875 2855 2946; baseline 0 -16"><span class='ocrx_word' id='word_1_268' title='bbox 1697 2875 1974 2931; x_wconf 77' lang='lat' dir='ltr'><strong>Miillerus</strong></span> <span class='ocrx_word' id='word_1_269' title='bbox 2030 2893 2157 2932; x_wconf 89' lang='lat' dir='ltr'><strong>cum</strong></span> <span class='ocrx_word' id='word_1_270' title='bbox 2206 2875 2570 2930; x_wconf 84' lang='lat' dir='ltr'><strong>Lachmanno</strong></span> <span class='ocrx_word' id='word_1_271' title='bbox 2620 2881 2757 2946; x_wconf 85' lang='lat' dir='ltr'><strong>post</strong></span> <span class='ocrx_word' id='word_1_272' title='bbox 2804 2895 2855 2930; x_wconf 77' lang='lat' dir='ltr'><strong>v.</strong></span> 
     </span>
     <span class='ocr_line' id='line_1_49' title="bbox 1703 2947 2859 3014; baseline 0.001 -14"><span class='ocrx_word' id='word_1_273' title='bbox 1703 2949 1804 3000; x_wconf 87' lang='grc'><strong>107</strong></span> <span class='ocrx_word' id='word_1_274' title='bbox 1856 2947 2237 3014; x_wconf 77' lang='lat' dir='ltr'><strong>collocarunt3</strong></span> <span class='ocrx_word' id='word_1_275' title='bbox 2306 2963 2422 3000; x_wconf 88' lang='lat' dir='ltr'><strong>non</strong></span> <span class='ocrx_word' id='word_1_276' title='bbox 2486 2953 2621 3001; x_wconf 87' lang='lat' dir='ltr'><strong>sunt</strong></span> <span class='ocrx_word' id='word_1_277' title='bbox 2680 2947 2859 3003; x_wconf 85' lang='lat' dir='ltr'><strong>secuti</strong></span> 
     </span>
     <span class='ocr_line' id='line_1_50' title="bbox 1698 3019 2855 3090; baseline 0 -16"><span class='ocrx_word' id='word_1_278' title='bbox 1698 3020 1971 3074; x_wconf 81' lang='lat' dir='ltr'><strong>Meineke.</strong></span> <span class='ocrx_word' id='word_1_279' title='bbox 2017 3019 2245 3074; x_wconf 85' lang='lat' dir='ltr'><strong>Linker.</strong></span> <span class='ocrx_word' id='word_1_280' title='bbox 2285 3019 2526 3090; x_wconf 78' lang='lat' dir='ltr'><strong>Kriiger.</strong></span> <span class='ocrx_word' id='word_1_281' title='bbox 2564 3019 2855 3074; x_wconf 83' lang='lat' dir='ltr'><strong>Eekstein.</strong></span> 
     </span>
     <span class='ocr_line' id='line_1_51' title="bbox 1699 3091 2859 3156; baseline 0.001 -11"><span class='ocrx_word' id='word_1_282' title='bbox 1699 3091 2048 3156; x_wconf 86' lang='lat' dir='ltr'><strong>Doederlin.,</strong></span> <span class='ocrx_word' id='word_1_283' title='bbox 2118 3107 2223 3146; x_wconf 87' lang='lat' dir='ltr'><strong>nec</strong></span> <span class='ocrx_word' id='word_1_284' title='bbox 2282 3091 2421 3145; x_wconf 82' lang='lat' dir='ltr'><strong>satis</strong></span> <span class='ocrx_word' id='word_1_285' title='bbox 2482 3109 2687 3146; x_wconf 81' lang='lat' dir='ltr'><strong>causae</strong></span> <span class='ocrx_word' id='word_1_286' title='bbox 2740 3109 2859 3146; x_wconf 75' lang='lat' dir='ltr'><strong>ease</strong></span> 
     </span>
     <span class='ocr_line' id='line_1_52' title="bbox 1700 3163 2859 3225; baseline 0 -7"><span class='ocrx_word' id='word_1_287' title='bbox 1700 3163 1941 3225; x_wconf 83' lang='lat' dir='ltr'><strong>videtur,</strong></span> <span class='ocrx_word' id='word_1_288' title='bbox 1988 3181 2087 3218; x_wconf 88' lang='lat' dir='ltr'><strong>cur</strong></span> <span class='ocrx_word' id='word_1_289' title='bbox 2132 3179 2397 3218; x_wconf 83' lang='lat' dir='ltr'><strong>versuum</strong></span> <span class='ocrx_word' id='word_1_290' title='bbox 2440 3163 2703 3218; x_wconf 84' lang='lat' dir='ltr'><strong>ordinem</strong></span> <span class='ocrx_word' id='word_1_291' title='bbox 2737 3181 2859 3218; x_wconf 86' lang='lat' dir='ltr'><strong>mu-</strong></span> 
     </span>
     <span class='ocr_line' id='line_1_53' title="bbox 1698 3233 2857 3295; baseline 0.001 -6"><span class='ocrx_word' id='word_1_292' title='bbox 1698 3239 1896 3290; x_wconf 87' lang='lat' dir='ltr'><strong>temus.</strong></span> <span class='ocrx_word' id='word_1_293' title='bbox 1968 3235 2102 3295; x_wconf 78' lang='lat' dir='ltr'><strong>Alii,</strong></span> <span class='ocrx_word' id='word_1_294' title='bbox 2153 3239 2219 3289; x_wconf 88' lang='lat' dir='ltr'><strong>ut</strong></span> <span class='ocrx_word' id='word_1_295' title='bbox 2254 3233 2527 3288; x_wconf 84' lang='lat' dir='ltr'><strong>Ribbeck.</strong></span> <span class='ocrx_word' id='word_1_296' title='bbox 2566 3239 2626 3289; x_wconf 87' lang='lat' dir='ltr'><strong>et</strong></span> <span class='ocrx_word' id='word_1_297' title='bbox 2659 3234 2857 3290; x_wconf 80' lang='lat' dir='ltr'><strong>Lehrs.</strong></span> 
     </span>
     <span class='ocr_line' id='line_1_54' title="bbox 1698 3304 2857 3376; baseline 0 -16"><span class='ocrx_word' id='word_1_298' title='bbox 1698 3325 1752 3361; x_wconf 86' lang='lat' dir='ltr'><strong>v.</strong></span> <span class='ocrx_word' id='word_1_299' title='bbox 1795 3309 1890 3360; x_wconf 88' lang='lat'><strong>101</strong></span> <span class='ocrx_word' id='word_1_300' title='bbox 1936 3307 2163 3361; x_wconf 89' lang='lat' dir='ltr'><strong>omnino</strong></span> <span class='ocrx_word' id='word_1_301' title='bbox 2208 3304 2525 3361; x_wconf 86' lang='lat' dir='ltr'><strong>eiciendum</strong></span> <span class='ocrx_word' id='word_1_302' title='bbox 2560 3313 2857 3376; x_wconf 77' lang='lat' dir='ltr'><strong>putarunt,</strong></span> 
     </span>
     <span class='ocr_line' id='line_1_55' title="bbox 1700 3376 2859 3448; baseline -0.002 -14"><span class='ocrx_word' id='word_1_303' title='bbox 1700 3378 1921 3434; x_wconf 87' lang='lat' dir='ltr'><strong>etiamsi</strong></span> <span class='ocrx_word' id='word_1_304' title='bbox 1977 3379 2035 3432; x_wconf 88' lang='lat' dir='ltr'><strong>in</strong></span> <span class='ocrx_word' id='word_1_305' title='bbox 2092 3377 2351 3432; x_wconf 87' lang='lat' dir='ltr'><strong>omnibus</strong></span> <span class='ocrx_word' id='word_1_306' title='bbox 2394 3376 2555 3432; x_wconf 87' lang='lat' dir='ltr'><strong>codd.</strong></span> <span class='ocrx_word' id='word_1_307' title='bbox 2600 3383 2662 3432; x_wconf 86' lang='lat' dir='ltr'><strong>et</strong></span> <span class='ocrx_word' id='word_1_308' title='bbox 2708 3379 2859 3448; x_wconf 85' lang='lat' dir='ltr'><strong>apud</strong></span> 
     </span>
     <span class='ocr_line' id='line_1_56' title="bbox 1700 3449 2857 3534; baseline 0.002 -30"><span class='ocrx_word' id='word_1_309' title='bbox 1700 3450 2142 3534; x_wconf 81' lang='lat' dir='ltr'><strong>Porphyrionem</strong></span> <span class='ocrx_word' id='word_1_310' title='bbox 2189 3449 2491 3519; x_wconf 86' lang='lat' dir='ltr'><strong>reperitur.</strong></span> <span class='ocrx_word' id='word_1_311' title='bbox 2544 3479 2619 3490; x_wconf 92' lang='lat'><strong>—-</strong></span> <span class='ocrx_word' id='word_1_312' title='bbox 2670 3449 2857 3521; x_wconf 75' lang='lat' dir='ltr'><strong>paces]</strong></span> 
     </span>
     <span class='ocr_line' id='line_1_57' title="bbox 1698 3521 2859 3593; baseline 0 -17"><span class='ocrx_word' id='word_1_313' title='bbox 1698 3521 1853 3593; x_wconf 87' lang='lat' dir='ltr'><strong>pacis</strong></span> <span class='ocrx_word' id='word_1_314' title='bbox 1900 3526 2158 3590; x_wconf 84' lang='lat' dir='ltr'><strong>tempora</strong></span> <span class='ocrx_word' id='word_1_315' title='bbox 2206 3537 2353 3589; x_wconf 87' lang='lat' dir='ltr'><strong>quae</strong></span> <span class='ocrx_word' id='word_1_316' title='bbox 2397 3521 2659 3576; x_wconf 83' lang='lat' dir='ltr'><strong>omnibus</strong></span> <span class='ocrx_word' id='word_1_317' title='bbox 2710 3522 2859 3576; x_wconf 76' lang='lat' dir='ltr'><strong>vitae</strong></span> 
     </span>
     <span class='ocr_line' id='line_1_58' title="bbox 1700 3591 2857 3663; baseline -0.001 -14"><span class='ocrx_word' id='word_1_318' title='bbox 1700 3593 2007 3649; x_wconf 86' lang='lat' dir='ltr'><strong>commodis</strong></span> <span class='ocrx_word' id='word_1_319' title='bbox 2044 3593 2347 3648; x_wconf 82' lang='lat' dir='ltr'><strong>favent.—</strong></span> <span class='ocrx_word' id='word_1_320' title='bbox 2283 3592 2545 3663; x_wconf 74' lang='lat' dir='ltr'><strong>—ventiJ</strong></span> <span class='ocrx_word' id='word_1_321' title='bbox 2570 3591 2645 3648; x_wconf 81' lang='lat' dir='ltr'><strong>cf.</strong></span> <span class='ocrx_word' id='word_1_322' title='bbox 2674 3593 2857 3648; x_wconf 77' lang='lat' dir='ltr'><strong>Carni.</strong></span> 
     </span>
     <span class='ocr_line' id='line_1_59' title="bbox 1699 3663 2855 3748; baseline 0 -28"><span class='ocrx_word' id='word_1_323' title='bbox 1699 3665 1967 3733; x_wconf 81' lang='lat'><strong>1,14.—-</strong></span> <span class='ocrx_word' id='word_1_324' title='bbox 1992 3665 2201 3720; x_wconf 77' lang='lat' dir='ltr'><strong>Romae</strong></span> <span class='ocrx_word' id='word_1_325' title='bbox 2237 3663 2417 3748; x_wconf 68' lang='grc' dir='ltr'><strong>ᾇυῑοο]</strong></span> <span class='ocrx_word' id='word_1_326' title='bbox 2438 3663 2683 3718; x_wconf 80' lang='lat' dir='ltr'><strong>Romani</strong></span> <span class='ocrx_word' id='word_1_327' title='bbox 2720 3665 2855 3720; x_wconf 83' lang='lat' dir='ltr'><strong>olim</strong></span> 
     </span>
     <span class='ocr_line' id='line_1_60' title="bbox 1698 3735 2857 3806; baseline 0 -16"><span class='ocrx_word' id='word_1_328' title='bbox 1698 3737 1843 3791; x_wconf 86' lang='lat' dir='ltr'><strong>nihil</strong></span> <span class='ocrx_word' id='word_1_329' title='bbox 1880 3736 2159 3791; x_wconf 79' lang='lat' dir='ltr'><strong>curabant</strong></span> <span class='ocrx_word' id='word_1_330' title='bbox 2200 3735 2311 3790; x_wconf 89' lang='lat' dir='ltr'><strong>nisi</strong></span> <span class='ocrx_word' id='word_1_331' title='bbox 2346 3737 2579 3806; x_wconf 85' lang='lat' dir='ltr'><strong>negotia</strong></span> <span class='ocrx_word' id='word_1_332' title='bbox 2614 3741 2677 3791; x_wconf 85' lang='lat' dir='ltr'><strong>et</strong></span> <span class='ocrx_word' id='word_1_333' title='bbox 2712 3753 2857 3792; x_wconf 84' lang='lat' dir='ltr'><strong>com-</strong></span> 
     </span>
     <span class='ocr_line' id='line_1_61' title="bbox 1700 3809 2856 3876; baseline -0.002 -13"><span class='ocrx_word' id='word_1_334' title='bbox 1700 3809 1892 3876; x_wconf 87' lang='lat' dir='ltr'><strong>moda;</strong></span> <span class='ocrx_word' id='word_1_335' title='bbox 1956 3813 2105 3863; x_wconf 85' lang='lat' dir='ltr'><strong>artes</strong></span> <span class='ocrx_word' id='word_1_336' title='bbox 2168 3811 2524 3876; x_wconf 80' lang='lat' dir='ltr'><strong>contemptae</strong></span> <span class='ocrx_word' id='word_1_337' title='bbox 2578 3809 2856 3863; x_wconf 79' lang='lat' dir='ltr'><strong>iacebant.</strong></span> 
     </span>
     <span class='ocr_line' id='line_1_62' title="bbox 1700 3879 2853 3950; baseline -0.001 -15"><span class='ocrx_word' id='word_1_338' title='bbox 1700 3880 1772 3935; x_wconf 79' lang='lat' dir='ltr'><strong>cf.</strong></span> <span class='ocrx_word' id='word_1_339' title='bbox 1806 3880 1987 3950; x_wconf 85' lang='lat' dir='ltr'><strong>Epist.</strong></span> <span class='ocrx_word' id='word_1_340' title='bbox 2026 3879 2071 3944; x_wconf 88' lang='grc' dir='ltr'><strong>Ι,</strong></span> <span class='ocrx_word' id='word_1_341' title='bbox 2113 3882 2161 3946; x_wconf 90' lang='grc'><strong>1,</strong></span> <span class='ocrx_word' id='word_1_342' title='bbox 2199 3881 2285 3932; x_wconf 75' lang='grc'><strong>58.</strong></span> <span class='ocrx_word' id='word_1_343' title='bbox 2312 3907 2379 3919; x_wconf 83' lang='grc'>-</span> <span class='ocrx_word' id='word_1_344' title='bbox 2406 3879 2588 3950; x_wconf 77' lang='lat' dir='ltr'><strong>mne]</strong></span> <span class='ocrx_word' id='word_1_345' title='bbox 2628 3879 2703 3934; x_wconf 81' lang='lat' dir='ltr'><strong>cf.</strong></span> <span class='ocrx_word' id='word_1_346' title='bbox 2742 3879 2853 3934; x_wconf 75' lang='lat' dir='ltr'><strong>Sat.</strong></span> 
     </span>
     <span class='ocr_line' id='line_1_63' title="bbox 1699 3950 2853 4020; baseline -0.002 -14"><span class='ocrx_word' id='word_1_347' title='bbox 1699 3951 1743 4016; x_wconf 93' lang='lat'><strong>1,</strong></span> <span class='ocrx_word' id='word_1_348' title='bbox 1785 3954 1833 4014; x_wconf 88' lang='grc'><strong>1</strong></span> <span class='ocrx_word' id='word_1_349' title='bbox 1880 3954 1958 4004; x_wconf 84' lang='grc'><strong>10.</strong></span> <span class='ocrx_word' id='word_1_350' title='bbox 1991 3981 2057 3991; x_wconf 92' lang='grc'><strong>-</strong></span> <span class='ocrx_word' id='word_1_351' title='bbox 2082 3950 2419 4020; x_wconf 71' lang='lat' dir='ltr'><strong>nominibus]</strong></span> <span class='ocrx_word' id='word_1_352' title='bbox 2453 3950 2586 4006; x_wconf 83' lang='lat' dir='ltr'><strong>vide</strong></span> <span class='ocrx_word' id='word_1_353' title='bbox 2622 3952 2697 4006; x_wconf 86' lang='lat' dir='ltr'><strong>ad</strong></span> <span class='ocrx_word' id='word_1_354' title='bbox 2742 3951 2853 4006; x_wconf 71' lang='lat' dir='ltr'><strong>Sat-</strong></span> 
     </span>
     <span class='ocr_line' id='line_1_64' title="bbox 1699 4022 2853 4092; baseline -0.001 -15"><span class='ocrx_word' id='word_1_355' title='bbox 1699 4024 1816 4091; x_wconf 86' lang='lat'>1‚2‚</span> <span class='ocrx_word' id='word_1_356' title='bbox 1843 4023 1926 4077; x_wconf 89' lang='grc'><strong>16.</strong></span> <span class='ocrx_word' id='word_1_357' title='bbox 1978 4023 2057 4076; x_wconf 88' lang='lat' dir='ltr'><strong>Et</strong></span> <span class='ocrx_word' id='word_1_358' title='bbox 2094 4028 2243 4077; x_wconf 76' lang='lat' dir='ltr'><strong>recta</strong></span> <span class='ocrx_word' id='word_1_359' title='bbox 2276 4022 2509 4076; x_wconf 83' lang='lat' dir='ltr'><strong>nomina</strong></span> <span class='ocrx_word' id='word_1_360' title='bbox 2544 4027 2681 4077; x_wconf 88' lang='lat' dir='ltr'><strong>sunt</strong></span> <span class='ocrx_word' id='word_1_361' title='bbox 2716 4039 2853 4092; x_wconf 84' lang='lat' dir='ltr'><strong>qnae</strong></span> 
     </span>
     <span class='ocr_line' id='line_1_65' title="bbox 1700 4063 2852 4164; baseline -0.002 -14"><span class='ocrx_word' id='word_1_362' title='bbox 1700 4063 1839 4150; x_wconf 77' lang='lat' dir='ltr'><strong>alias</strong></span> <span class='ocrx_word' id='word_1_363' title='bbox 1876 4094 2236 4164; x_wconf 82' lang='lat' dir='ltr'><strong>appellantur</strong></span> <span class='ocrx_word' id='word_1_364' title='bbox 2282 4093 2445 4158; x_wconf 51' lang='lat' dir='ltr'><strong>boma</strong></span> <span class='ocrx_word' id='word_1_365' title='bbox 2510 4111 2687 4163; x_wconf 84' lang='lat' dir='ltr'><strong>quare</strong></span> <span class='ocrx_word' id='word_1_366' title='bbox 2734 4095 2852 4148; x_wconf 85' lang='lat' dir='ltr'><strong>iure</strong></span> 
     </span>
     <span class='ocr_line' id='line_1_66' title="bbox 1698 4165 2847 4237; baseline -0.001 -16"><span class='ocrx_word' id='word_1_367' title='bbox 1698 4167 2044 4237; x_wconf 80' lang='lat' dir='ltr'><strong>neglegimus</strong></span> <span class='ocrx_word' id='word_1_368' title='bbox 2084 4166 2321 4220; x_wconf 80' lang='lat' dir='ltr'><strong>alteram</strong></span> <span class='ocrx_word' id='word_1_369' title='bbox 2346 4165 2647 4220; x_wconf 88' lang='lat' dir='ltr'><strong>lectionem</strong></span> <span class='ocrx_word' id='word_1_370' title='bbox 2674 4167 2847 4222; x_wconf 66' lang='lat' dir='ltr'><strong>mus.</strong></span> 
     </span>
    </p>
   </div>
   <div class='ocr_carea' id='block_1_6' title="bbox 1698 4235 2851 4379">
    <p class='ocr_par' dir='ltr' id='par_1_15' title="bbox 1698 4235 2851 4378">
     <span class='ocr_line' id='line_1_67' title="bbox 1698 4235 2849 4306; baseline -0.002 -14"><span class='ocrx_word' id='word_1_371' title='bbox 1698 4267 1769 4279; x_wconf 89' lang='lat'>—</span> <span class='ocrx_word' id='word_1_372' title='bbox 1800 4237 2119 4306; x_wconf 53' lang='lat' dir='ltr'><strong>cavendae]</strong></span> <span class='ocrx_word' id='word_1_373' title='bbox 2158 4235 2229 4290; x_wconf 83' lang='lat' dir='ltr'><strong>cf.</strong></span> <span class='ocrx_word' id='word_1_374' title='bbox 2268 4236 2381 4290; x_wconf 85' lang='lat' dir='ltr'><strong>Cic.</strong></span> <span class='ocrx_word' id='word_1_375' title='bbox 2418 4235 2507 4290; x_wconf 88' lang='lat' dir='ltr'><strong>Fl.</strong></span> <span class='ocrx_word' id='word_1_376' title='bbox 2532 4238 2629 4290; x_wconf 81' lang='lat'><strong>28:</strong></span> <span class='ocrx_word' id='word_1_377' title='bbox 2668 4241 2849 4306; x_wconf 47' lang='lat' dir='ltr'><strong>‚Ante</strong></span> 
     </span>
     <span class='ocr_line' id='line_1_68' title="bbox 1698 4307 2851 4379; baseline -0.001 -14.964"><span class='ocrx_word' id='word_1_378' title='bbox 1698 4310 1867 4379; x_wconf 86' lang='lat' dir='ltr'><strong>pedes</strong></span> <span class='ocrx_word' id='word_1_379' title='bbox 1920 4309 2199 4378; x_wconf 82' lang='lat' dir='ltr'><strong>praetoris</strong></span> <span class='ocrx_word' id='word_1_380' title='bbox 2256 4309 2317 4362; x_wconf 91' lang='lat' dir='ltr'><strong>in</strong></span> <span class='ocrx_word' id='word_1_381' title='bbox 2373 4307 2503 4363; x_wconf 87' lang='lat' dir='ltr'><strong>foro</strong></span> <span class='ocrx_word' id='word_1_382' title='bbox 2560 4323 2851 4378; x_wconf 63' lang='lat' dir='ltr'><strong>expensum</strong></span> 
     </span>
    </p>
   </div>
   <div class='ocr_carea' id='block_1_7' title="bbox 1697 4379 2848 4666">
    <p class='ocr_par' dir='ltr' id='par_1_16' title="bbox 1698 4379 2847 4451">
     <span class='ocr_line' id='line_1_69' title="bbox 1698 4379 2847 4451; baseline -0.001 -15"><span class='ocrx_word' id='word_1_383' title='bbox 1698 4386 1785 4436; x_wconf 87' lang='lat' dir='ltr'><strong>est</strong></span> <span class='ocrx_word' id='word_1_384' title='bbox 1808 4380 2178 4451; x_wconf 83' lang='lat' dir='ltr'><strong>(ausgesahlt)</strong></span> <span class='ocrx_word' id='word_1_385' title='bbox 2204 4381 2327 4435; x_wconf 80' lang='lat' dir='ltr'><strong>auri</strong></span> <span class='ocrx_word' id='word_1_386' title='bbox 2353 4379 2545 4448; x_wconf 88' lang='lat' dir='ltr'><strong>pondo</strong></span> <span class='ocrx_word' id='word_1_387' title='bbox 2574 4381 2847 4435; x_wconf 67' lang='lat' dir='ltr'><strong>centnm-⁶</strong></span> 
     </span>
    </p>

    <p class='ocr_par' dir='ltr' id='par_1_17' title="bbox 1697 4451 2848 4666">
     <span class='ocr_line' id='line_1_70' title="bbox 1698 4451 2848 4520; baseline -0.003 -13"><span class='ocrx_word' id='word_1_388' title='bbox 1698 4483 1763 4494; x_wconf 88' lang='lat'><em>-</em></span> <span class='ocrx_word' id='word_1_389' title='bbox 1816 4453 2049 4507; x_wconf 74' lang='lat' dir='ltr'><strong>maiores</strong></span> <span class='ocrx_word' id='word_1_390' title='bbox 2102 4451 2319 4520; x_wconf 64' lang='lat' dir='ltr'><strong>auam]</strong></span> <span class='ocrx_word' id='word_1_391' title='bbox 2368 4451 2479 4506; x_wconf 87' lang='lat' dir='ltr'><strong>Cic.</strong></span> <span class='ocrx_word' id='word_1_392' title='bbox 2533 4451 2605 4506; x_wconf 89' lang='lat' dir='ltr'><strong>de</strong></span> <span class='ocrx_word' id='word_1_393' title='bbox 2656 4451 2763 4506; x_wconf 82' lang='lat' dir='ltr'><strong>off.</strong></span> <span class='ocrx_word' id='word_1_394' title='bbox 2808 4451 2848 4516; x_wconf 90' lang='grc' dir='ltr'><strong>Ι,</strong></span> 
     </span>
     <span class='ocr_line' id='line_1_71' title="bbox 1697 4521 2844 4593; baseline 0.001 -16"><span class='ocrx_word' id='word_1_395' title='bbox 1697 4527 1785 4593; x_wconf 79' lang='grc'><strong>34,</strong></span> <span class='ocrx_word' id='word_1_396' title='bbox 1834 4524 1953 4578; x_wconf 83' lang='lat'><strong>112.</strong></span> <span class='ocrx_word' id='word_1_397' title='bbox 2036 4523 2192 4578; x_wconf 89' lang='lat' dir='ltr'><strong>Lael.</strong></span> <span class='ocrx_word' id='word_1_398' title='bbox 2237 4522 2283 4592; x_wconf 91' lang='lat'><strong>1,</strong></span> <span class='ocrx_word' id='word_1_399' title='bbox 2334 4526 2380 4576; x_wconf 85' lang='lat'><strong>1.</strong></span> <span class='ocrx_word' id='word_1_400' title='bbox 2436 4551 2507 4564; x_wconf 90' lang='lat'>—</span> <span class='ocrx_word' id='word_1_401' title='bbox 2562 4521 2844 4592; x_wconf 66' lang='lat' dir='ltr'><strong>domama]</strong></span> 
     </span>
     <span class='ocr_line' id='line_1_72' title="bbox 1697 4593 2845 4666; baseline 0 -16"><span class='ocrx_word' id='word_1_402' title='bbox 1697 4596 1880 4666; x_wconf 84' lang='lat' dir='ltr'><strong>Epist.</strong></span> <span class='ocrx_word' id='word_1_403' title='bbox 1924 4595 1968 4663; x_wconf 93' lang='lat'><strong>1,</strong></span> <span class='ocrx_word' id='word_1_404' title='bbox 2009 4597 2093 4664; x_wconf 85' lang='lat'><strong>18,</strong></span> <span class='ocrx_word' id='word_1_405' title='bbox 2130 4596 2216 4649; x_wconf 87' lang='grc'><strong>21.</strong></span> <span class='ocrx_word' id='word_1_406' title='bbox 2290 4593 2559 4650; x_wconf 87' lang='lat' dir='ltr'><strong>Libidine</strong></span> <span class='ocrx_word' id='word_1_407' title='bbox 2608 4600 2667 4650; x_wconf 86' lang='lat' dir='ltr'><strong>et</strong></span> <span class='ocrx_word' id='word_1_408' title='bbox 2704 4595 2845 4665; x_wconf 85' lang='lat' dir='ltr'><strong>eupi-</strong></span> 
     </span>
    </p>
   </div>
  </div>
 </body>
</html>
