3092 5059
1031 242 1198 311 LIB.
1243 245 1294 310 Ι.
1341 242 1524 311 SAT.
1568 242 1686 309 IX.
1732 242 1815 309 X.

2519 238 2647 303 409

276 461 328 501 το
364 426 614 507 Curtis
666 428 972 505 Iudaeis
1027 422 1512 527 oppedere?“
1616 424 1893 523 „Nulla
1948 418 2206 517 mihi‚“
2259 423 2600 523 inquam,

361 554 708 652 „Religio
765 547 949 627 est.“
1005 550 1163 648 „At
1215 552 1356 644 mi3
1414 576 1582 627 sum
1626 551 1861 648 paulo
1911 550 2309 645 infirmior,
2363 574 2557 624 unus

357 678 822 773 Multorum3
877 678 1267 773 ignosces3
1326 676 1514 751 alias
1566 675 1861 775 loquar.

1870 670 1911 711 ‘⁴
2001 674 2359 749 Huncine
2410 672 2651 748 solem

357 804 550 879 Tam
603 804 911 899 nigrum
965 827 1270 879 surrexe
1321 801 1553 876 mihi!
1655 800 1888 897 Fugit
1942 799 2337 897 improbus
2391 824 2483 873 ac
2532 823 2656 873 me

358 926 518 1005 Sub
571 929 816 1004 cultro
868 927 1172 1027 linquit.
1269 928 1468 1006 Casu
1519 926 1734 1003 venit
1786 924 2053 1000 obvius
2108 922 2224 998 illi

277 1084 328 1128 τις
368 1052 878 1129 Adversarius
937 1065 1043 1127 et:
1101 1050 1322 1149 „Quo
1377 1066 1458 1125 tu
1507 1042 2043 1149 turpissime?“
2096 1026 2381 1145 magna

357 1176 734 1253 Inclamat
785 1204 998 1275 voce,
1057 1191 1166 1253 et:
1225 1176 1487 1274 „Licet
1539 1171 2004 1253 antestari?“
2057 1173 2221 1270 Ego
2266 1198 2453 1251 vero

362 1301 695 1402 Oppono
747 1302 1192 1379 auriculam.
1269 1302 1501 1401 Rapit
1555 1302 1633 1377 in
1688 1302 1843 1396 ius3
1900 1300 2191 1375 clamor
2242 1297 2653 1397 utrimque,

360 1426 723 1528 Undique
775 1452 1210 1503 concursus.
1261 1426 1374 1504 Sit
1430 1453 1557 1504 me
1606 1426 1943 1503 servavit
1993 1421 2308 1520 Apollo.

1361 1640 1560 1649 ——-——-

1229 1776 1559 1864 SA'mRA
1624 1780 1725 1861 X.

364 1942 647 2039 Lucili,
701 1968 926 2043 quam
975 1948 1082 2018 sis
1131 1946 1543 2039 mendosus,
1600 1956 1775 2019 teste
1828 1940 2109 2020 Catone

361 2064 775 2170 Desemore
825 2079 952 2143 tuo
995 2073 1465 2169 pervincum,
1519 2074 1660 2171 qui
1696 2072 1895 2146 male
1926 2066 2194 2172 factos

263 2315 574 2381 sequuntur
612 2310 694 2365 sic
727 2311 1042 2366 coniunxit:
1085 2309 1308 2378 „curtis
1325 2309 1416 2364 Iu·

261 2383 418 2438 daeis
453 2382 731 2451 oppedere
775 2383 930 2437 nulla
967 2382 1122 2451 mihi,
1167 2382 1415 2451 inquam,

261 2454 464 2525 religio
490 2453 607 2508 est“
627 2458 684 2508 et
702 2454 940 2509 Horatio
970 2454 1187 2509 tribuit.
1205 2484 1271 2492 —
1295 2469 1416 2508 cm·-

262 2524 362 2595 tis]
419 2526 774 2581 circumcisis.
847 2525 1037 2581 Iudaei
1094 2524 1308 2580 creduli
1361 2528 1418 2579 et

263 2597 514 2667 religiosi
535 2601 594 2652 et
611 2598 765 2651 anxii
790 2598 850 2652 in
874 2596 1233 2652 observandis
1258 2613 1416 2666 prae-

267 2669 444 2737 ceptis
479 2669 650 2723 sacris
668 2668 936 2723 Romanis
973 2686 1136 2738 saepe
1169 2672 1300 2722 sunt
1335 2668 1415 2721 lu-

266 2740 467 2795 dibrio.
521 2739 590 2795 of.
625 2739 737 2794 Sat.
779 2741 822 2809 1,
861 2742 910 2800 ὗ,
953 2743 1072 2795 100.
1119 2740 1165 2805 Ι,
1205 2742 1255 2803 4,
1297 2742 1414 2794 143.

265 2812 352 2867 De
400 2812 554 2867 cultu
593 2810 816 2866 Iudaico
863 2812 1074 2867 Romae
1121 2811 1190 2866 cf.
1227 2810 1416 2865 Iuven.

263 2882 361 2951 IV,
421 2885 504 2951 14,
551 2884 620 2936 96
670 2900 815 2952 sqq.:
894 2882 1165 2952 „Quidam
1228 2882 1417 2937 sortiti

264 2959 607 3010 metuentem
636 2955 867 3010 sabbata
901 2960 1121 3024 patrem
1139 2954 1232 3008 Nil
1257 2970 1416 3023 prae-

264 3032 356 3081 ter
405 3026 582 3080 nubes
627 3031 686 3081 et
734 3026 872 3081 caeli
921 3044 1126 3080 numen
1164 3026 1418 3089 adorant,

263 3098 382 3153 Nec
436 3096 648 3152 distare
701 3102 906 3167 putant
950 3098 1193 3151 humana
1254 3114 1420 3151 carne

263 3170 508 3232 suillam,
557 3167 678 3236 Qua
721 3174 882 3238 pater
932 3169 1233 3230 abstinuitz
1287 3185 1418 3222 mox

266 3245 328 3296 et
378 3240 676 3309 praeputia
725 3246 962 3309 ponunt,
998 3240 1279 3295 Romanas
1324 3257 1418 3294 au·

265 3317 381 3367 tem
417 3312 572 3365 soliti
619 3316 973 3366 contemnere
1029 3312 1194 3381 leges,
1237 3311 1419 3365 Iudai-

267 3400 395 3439 cum
431 3382 686 3438 ediscunt
721 3388 778 3437 et
813 3388 1039 3438 servant
1070 3388 1128 3437 et
1162 3386 1422 3437 metuunt

268 3453 410 3509 ius.“
461 3484 526 3496 --
575 3454 693 3524 vin]
737 3472 806 3509 ex
851 3472 954 3507 usu
1001 3454 1308 3509 cottidiano
1363 3458 1422 3509 et

266 3526 635 3595 comicorum3
671 3526 884 3581 factum
923 3543 993 3580 ex
1026 3526 1188 3581 visne.
1229 3554 1296 3564 —-
1334 3526 1421 3579 in-

263 3597 500 3667 ssmior]
548 3596 730 3666 „Quid
772 3597 978 3651 mirum
1019 3596 1214 3667 igitur,
1263 3597 1310 3650 si
1361 3598 1420 3650 in

267 3668 530 3739 auspiciis
567 3673 626 3723 et
659 3669 720 3722 in
758 3669 911 3723 omni
939 3668 1286 3723 divinatione
1321 3668 1418 3721 im·

264 3740 440 3795 bacilli
475 3740 655 3795 animi
687 3740 1076 3809 superstitiosa
1101 3741 1212 3794 ista
1239 3739 1420 3795 couci·

268 3812 448 3881 piant,
468 3828 662 3866 verum
696 3811 968 3881 dispicere
1003 3828 1118 3866 non
1148 3811 1418 3881 possint.“

269 3882 381 3937 Cic.
424 3883 494 3937 de
531 3882 702 3937 divin.
744 3882 814 3949 11,
840 3884 926 3937 39.
964 3912 1032 3923 -
1069 3882 1304 3938 huncine
1337 3898 1419 3937 so·

265 3953 388 4025 lan]
445 3954 600 4009 Haec
643 3972 863 4024 quoque
905 3959 965 4008 et
1013 3956 1202 4009 omnia
1246 3970 1420 4022 usquo

265 4025 342 4080 ad
378 4026 584 4095 linquit
607 4026 828 4080 Horatii
865 4030 997 4080 sunt
1035 4044 1150 4080 non
1187 4042 1420 4081 narran-

265 4098 342 4151 tis
371 4096 468 4151 sed
504 4097 884 4163 exclamantis,
931 4114 1058 4153 cum
1100 4098 1170 4151 ab
1208 4097 1421 4152 Aristio

267 4168 634 4223 desereretur.
665 4196 728 4207 -
753 4168 1124 4238 adversarium]
1163 4170 1422 4223 Necessa-

265 4241 354 4294 rio
391 4239 538 4294 idem
577 4244 665 4294 est
701 4240 797 4309 qui
833 4238 982 4294 huno
1011 4240 1294 4295 hominem
1329 4256 1422 4293 va-

265 4312 431 4367 datus
474 4312 615 4375 erat‚
653 4328 764 4365 non
801 4310 959 4365 alius.
1005 4340 1076 4351 —
1126 4310 1420 4381 antestari]

265 4384 478 4438 Acron:
523 4383 608 4451 „si
645 4383 768 4452 quis
817 4382 1025 4437 vadato
1064 4399 1178 4437 non
1215 4382 1426 4450 paruis·

267 4458 373 4522 set,
407 4453 459 4509 ei
503 4452 854 4509 adversarius
893 4454 1140 4523 aliquem
1167 4452 1236 4508 de
1260 4470 1420 4523 prae-

267 4526 522 4581 sentibus
559 4525 946 4580 antestabatur
993 4526 1028 4579 i.
1065 4542 1113 4579 e.
1153 4526 1424 4597 tangebat

270 4597 390 4654 eius
427 4614 618 4653 aurem
646 4600 705 4652 et
729 4596 977 4653 dicebat:
1016 4596 1242 4654 Licetne
1275 4601 1423 4653 ante·

1507 2312 1651 2367 stari
1662 2311 1693 2367 ?
1764 2310 1823 2367 Si
1876 2311 2252 2380 respondisset
2306 2309 2423 2364 ille:
2480 2309 2658 2379 Licet,

1507 2388 1643 2440 tunc
1702 2383 1970 2438 iniciebat
2024 2382 2260 2437 vadatus
2314 2396 2541 2435 manum
2595 2382 2660 2437 in

1510 2473 1653 2524 eum,
1697 2456 1794 2525 qui
1840 2471 1957 2509 non
1996 2453 2290 2523 paruisset,
2327 2458 2384 2507 et
2419 2452 2661 2507 ducebat

1508 2527 1568 2581 in
1614 2526 1911 2593 iudicium;
1947 2524 2113 2580 aliter
2148 2525 2196 2579 si
2232 2524 2511 2579 iniecisset
2545 2541 2660 2579 ma-

1509 2598 2007 2667 num,iniuriarum
2025 2601 2252 2666 poterat
2270 2596 2573 2651 accusari-‘⁸
2591 2626 2657 2635 —

1511 2669 1837 2739 auriculam]
1864 2668 2081 2723 Vellere
2098 2684 2289 2723 aurem
2310 2666 2659 2722 admonentis

1512 2746 1615 2797 est.
1656 2739 1769 2796 Ver
1811 2782 1823 2793 .
1853 2740 1989 2795 Buc.
2018 2741 2068 2805 6,
2100 2740 2151 2794 4.
2190 2738 2333 2794 Plin.
2370 2738 2440 2793 N.
2466 2738 2536 2793 H.
2565 2738 2665 2808 XI,

1515 2815 1647 2867 103:
1724 2852 1758 2881 „
1810 2817 1864 2866 st
1909 2812 1968 2865 in
2014 2828 2149 2866 aure
2191 2810 2307 2866 ima
2360 2810 2662 2865 memoriae

1512 2885 1683 2947 locus,
1718 2900 1883 2953 quem
1921 2887 2213 2953 tangentes
2260 2882 2661 2937 antestamur.“

1512 2955 1830 3025 Dernburg.
1854 2954 1891 3008 l.
1918 2954 1957 3007 l.
1975 2972 2029 3023 p.
2052 2955 2151 3008 20:
2192 2952 2496 3022 „Offenbar
2518 2952 2663 3007 wird

1513 3028 1614 3081 der
1659 3026 1860 3081 Scherz
1916 3043 2025 3080 nur
2081 3023 2333 3080 dadurch
2386 3025 2662 3094 motivirt,

1513 3099 1638 3153 dass
1686 3095 1965 3152 nunmehr
2012 3096 2196 3151 Horaz
2244 3096 2341 3151 das
2392 3096 2663 3150 Juristen·

1511 3170 1743 3235 Viertel,
1780 3170 1888 3224 den
1914 3168 2030 3222 Sitz
2054 3168 2151 3222 des
2174 3169 2380 3237 Apollo
2404 3167 2543 3222 iuris
2567 3184 2659 3237 pe-

1511 3241 1657 3297 ritus
1678 3241 1936 3295 betreten
1967 3239 2067 3293 hat
2092 3239 2208 3293 und
2233 3239 2359 3293 dass
2378 3238 2526 3309 jetzt
2562 3238 2663 3293 der

1514 3314 1651 3368 Gott
1700 3313 1807 3366 den
1852 3311 2062 3365 Poeten
2110 3309 2288 3365 durch
2336 3309 2428 3365 die
2470 3310 2663 3365 Mittel

1512 3385 1736 3454 befreit,
1772 3383 1863 3437 die
1901 3382 2016 3437 ihm
2054 3400 2163 3436 nur
2195 3382 2320 3436 hier
2356 3400 2423 3436 zu
2449 3382 2663 3436 Gebote

1514 3457 1709 3511 stehen
1748 3455 1861 3509 und
1897 3454 1989 3508 die
2010 3453 2137 3509 dem
2163 3454 2384 3523 platten
2410 3452 2665 3507 Gesellen

1514 3528 1684 3583 allein
1722 3542 2077 3597 angemessen
2114 3525 2256 3579 sind.
2301 3524 2439 3579 Hier
2474 3523 2663 3579 finden

1512 3601 1619 3653 wir
1663 3597 1808 3654 auch
1857 3597 2020 3651 einen
2057 3596 2296 3666 Apollo·
2311 3594 2539 3665 Tempel
2584 3598 2663 3650 im

1513 3670 1803 3743 Regionen
1822 3698 1843 3709 -
1864 3666 2259 3723 Verzeichniss.
2355 3666 2535 3739 Regio
2584 3666 2663 3721 XI

1517 3784 1528 3797 .
1560 3784 1571 3795 .
1601 3785 1612 3797 .
1638 3746 1863 3813 portam
1907 3738 2305 3810 Trigeminam,
2341 3738 2662 3809 Apollinem

1514 3814 1899 3884 Gaelispicem,
1962 3810 2253 3865 Herculem
2326 3809 2661 3879 olivarium,

1513 3884 1870 3941 Velabrum.“
1904 3882 2149 3937 Iuvenal.
2169 3881 2286 3937 Sat.
2312 3885 2357 3949 1,
2382 3882 2507 3935 128:
2549 3880 2663 3950 „iu-

1513 3958 1701 4027 risque
1734 3956 1949 4026 peritus
1969 3953 2228 4023 Apollo‚“
2264 3953 2362 4007 ubi
2388 3952 2656 4007 scholion:

1515 4030 1686 4098 „quia
1722 4028 1881 4083 iuxta
1913 4025 2192 4095 Apollinis
2218 4025 2489 4095 templum
2526 4024 2663 4078 iuris

1513 4100 1687 4170 periti
1728 4098 1997 4153 sedebant
2044 4102 2101 4152 et
2146 4097 2469 4152 tractabant
2514 4094 2663 4163 (Dis-

1513 4172 1845 4241 putationen
1859 4168 2374 4235 veraustalteten).“
2396 4168 2663 4223 Horatius

1515 4243 1698 4298 iocose
1735 4257 1948 4297 memor
1985 4245 2068 4295 est
2112 4239 2277 4294 Hom.
2305 4238 2368 4293 ss.
2390 4238 2514 4308 XX,
2542 4240 2662 4293 443.

1890 4352 2168 4410 Satira
2212 4352 2279 4406 X.

1588 4451 1676 4506 Ad
1697 4450 2137 4506 confirmandum
2166 4447 2317 4518 quod
2343 4451 2547 4517 quarta
2565 4448 2664 4501 hu·

1516 4524 1605 4578 ius
1642 4523 1773 4578 libri
1810 4523 1985 4577 satira
2008 4519 2223 4575 factum
2250 4524 2373 4575 erat
2396 4518 2665 4574 iudicium

1519 4596 1591 4651 de
1644 4594 1864 4651 Lucilio
1918 4592 2185 4649 Horatius
2238 4596 2466 4663 praeter
2522 4591 2666 4646 risus
