3092 5059
952 263 1117 330 LIB.
1160 261 1276 330 ΠΙ.
1323 262 1575 330 ΟΑΒΜ.
1623 260 1799 328 XVI.

2458 268 2584 333 207

584 449 776 526 Late
823 451 1323 548 conspicuum
1375 449 1653 527 tollere
1700 451 2089 548 verticem,

500 604 552 646 so
783 575 1214 672 Maecenas,
1275 576 1622 675 equitum
1678 575 1935 652 decus.

593 725 900 818 Quanto
956 726 1280 825 quisque
1331 725 1478 801 sibi
1527 724 1754 825 plura
1805 727 2227 825 negaverit,

587 849 713 926 Ab
773 849 888 925 dis
939 849 1170 949 plura
1221 849 1460 926 feret:
1516 847 1629 923 nil
1680 848 2153 947 cupientium

590 973 862 1050 Nudus
919 987 1170 1052 castra
1217 987 1396 1075 peto
1457 989 1535 1050 et
1576 973 1978 1074 transfuga
2028 975 2351 1053 divitum

783 1099 1070 1176 Partes·
1105 1098 1460 1198 linquere
1511 1099 1785 1197 gesti0,

505 1280 555 1322 ω
592 1246 1100 1349 Contemptae
1155 1246 1514 1324 dominus
1561 1247 2043 1348 splendidior
2088 1251 2206 1327 rei

591 1371 843 1466 Quam
895 1373 963 1448 si
1007 1371 1374 1472 quicquid
1425 1385 1596 1448 arat
1645 1373 1978 1471 impiger
2028 1373 2333 1474 Apulus

585 1495 998 1574 Occultare
1043 1499 1236 1576 meis
1291 1497 1591 1574 dicerer
1642 1497 1939 1575 horreis

784 1624 1108 1720 Magnas
1155 1623 1358 1698 inter
1407 1647 1595 1724 opes
1648 1623 1893 1722 inops.

588 1775 840 1852 Purae
887 1775 1098 1851 rivus
1150 1798 1400 1874 aquae
1448 1773 1800 1872 silvaque
1842 1774 2196 1871 iugerum

502 1928 554 1969 ω
589 1898 1023 1976 Paucorum
1077 1911 1152 1974 et
1201 1900 1479 1998 segetis
1532 1910 1741 1974 certa
1788 1898 1981 1975 fides
2024 1923 2242 1975 meae

589 2023 652 2098 F
655 2023 1052 2120 ulgentem
1106 2024 1432 2123 imperio
1486 2022 1769 2098 fertilis
1819 2021 2138 2098 Africae

779 2147 1011 2224 Fallit
1061 2159 1266 2224 sorte
1303 2147 1625 2225 beatior.

213 2383 342 2441 banc
371 2388 848 2459 compellationem
885 2389 1173 2460 dicebant;
1207 2408 1340 2444 nam

213 2455 477 2514 Maecenas
512 2465 741 2529 poterat
790 2479 907 2516 esse
949 2463 1132 2516 maior
1168 2479 1336 2532 quam

214 2530 431 2587 volebat.
503 2532 576 2586 cf.
615 2533 688 2588 ad
725 2533 768 2602 Ι,
807 2536 854 2602 1,
893 2537 942 2587 1.

271 2601 332 2655 V.
389 2605 474 2658 21.
527 2604 718 2673 plura]
784 2603 1072 2660 Sententia
1137 2604 1337 2673 plana:

215 2689 430 2730 summas
477 2691 596 2730 esse
651 2675 712 2730 in
765 2674 1112 2730 continentia
1165 2675 1341 2731 animi

215 2742 435 2800 divitias.
469 2746 580 2802 Sed
615 2746 744 2802 vide
779 2747 1140 2802 artificiosam
1175 2747 1342 2817 plura

217 2817 448 2872 vocabuli
484 2818 838 2888 positionem,
885 2819 971 2872 bis
1007 2819 1178 2873 arsim
1214 2819 1339 2874 dac-

215 2888 301 2953 tyli
363 2891 604 2944 tenentis
670 2891 1022 2960 maximeque
1091 2891 1340 2946 animum

215 2960 490 3030 tangentis.
525 2990 601 3002 —
635 2961 818 3016 nudus
859 2961 1068 3033 castra]
1121 2962 1340 3017 Castro-

215 3044 318 3084 rum
351 3032 538 3104 imago
573 3050 691 3087 non
727 3051 857 3088 rara
892 3033 964 3088 de
1013 3034 1178 3088 sectis
1215 3033 1337 3103 phi·

217 3099 580 3172 losophorum3
617 3105 705 3158 cui
732 3105 968 3175 imagini
1005 3105 1190 3160 nudus
1217 3121 1339 3159 voc.

215 3170 336 3229 bene
401 3175 882 3232 accommodatum
942 3181 1058 3245 est;
1129 3176 1338 3246 quippe

215 3243 335 3299 nihil
367 3265 426 3302 se
461 3264 764 3312 armorum,
803 3247 839 3302 i.
877 3265 921 3302 e.
969 3248 1179 3302 artium
1220 3247 1339 3316 qui·

218 3313 304 3369 bus
335 3323 608 3388 parentur
653 3336 786 3388 opes
823 3335 1010 3373 secum
1057 3318 1206 3374 ferre
1241 3319 1339 3374 ait.

215 3383 380 3444 Etiam
438 3391 502 3444 in
565 3389 1000 3459 amplificatione
1056 3395 1106 3445 et
1159 3396 1340 3446 trans-

215 3457 334 3527 suya
361 3461 532 3530 aestio
585 3461 916 3531 metaphora
963 3461 1339 3518 continuatur.

217 3555 270 3568 -
305 3532 668 3601 splendidior]
717 3531 892 3602 Saepe
938 3534 1017 3587 sic
1063 3532 1341 3588 adiectiva

218 3615 246 3652 a
274 3599 530 3658 Romanis
565 3605 866 3674 participio
909 3605 1067 3660 verbi
1103 3621 1216 3661 esse
1251 3621 1339 3660 ca-

217 3675 442 3729 rentibus
457 3676 751 3745 participii
776 3677 956 3730 instar
978 3679 1337 3746 usurpantur.

217 3741 390 3800 Graeci
452 3746 670 3802 addunt
718 3741 812 3802 ὤν.
867 3777 935 3786 -
989 3747 1338 3818 contemptae]

217 3813 456 3872 nimirum
509 3818 582 3873 ab
637 3817 780 3873 aliis.
831 3849 898 3859 ——
949 3820 1099 3888 arat]
1149 3819 1221 3874 cf.
1268 3819 1340 3873 ad

219 3883 374 3942 Carm.
403 3889 508 3955 111,
547 3891 602 3958 5,
641 3891 726 3944 17.
770 3891 890 3945 Alii
927 3892 1112 3945 versui
1150 3907 1340 3960 super·

217 3971 492 4016 vacaneam
528 3960 804 4016 medelam
840 3961 1169 4017 adhibentes
1205 3961 1339 4016 scri-

217 4038 425 4106 pserunt
479 4049 596 4088 non
637 4033 795 4102 piger
839 4051 944 4102 pro
989 4034 1234 4103 impiyer.
1271 4063 1336 4072 —

217 4105 340 4155 mter
359 4117 483 4172 opes
505 4103 670 4171 inops
721 4103 1026 4174 Splendida
1060 4105 1198 4161 haec
1220 4121 1340 4160 sen-

219 4171 378 4254 tentia
426 4191 498 4228 ne
551 4175 650 4244 qui
759 4177 986 4258 amittat
1045 4176 1343 4259 gravitatis

222 4247 1341 4393 Efflfiifssssffirffssnssssgssffioegfssssgffssss

223 4385 430 4456 tissima,
465 4393 532 4443 ut
569 4389 682 4444 cio.
720 4389 882 4446 Tusc.
918 4391 1020 4460 111,
1048 4394 1132 4461 19,
1156 4393 1240 4446 44.
1271 4419 1339 4430 —

225 4451 424 4530 horreis]
459 4459 530 4516 cf.
570 4459 754 4516 Carni.
793 4461 838 4530 1,
877 4466 926 4531 1,
963 4464 1016 4518 9.

283 4525 340 4580 V.
371 4531 453 4586 29.
505 4537 658 4588 corta
708 4531 868 4604 fides]
921 4533 1046 4590 Hoc
1093 4550 1208 4588 non
1257 4533 1341 4588 ita

227 4593 354 4654 dmt
373 4605 634 4672 tanquam
662 4603 752 4659 sui
785 4605 910 4676 agri
935 4622 1152 4676 semper
1187 4609 1342 4662 certa

1440 2393 1585 2445 esset
1621 2387 1775 2456 fides,
1810 2405 2005 2443 verum
2046 2387 2193 2444 inest
2226 2386 2586 2458 hypothetica

1439 2461 1628 2531 potius
1654 2460 1961 2516 sententia:
2000 2459 2047 2514 si
2074 2460 2289 2530 agellus
2326 2477 2440 2514 non
2464 2477 2586 2529 pre-

1438 2535 1616 2587 mitur
1652 2532 1969 2587 sterilitate.
2008 2531 2267 2586 Ceterum
2304 2531 2376 2586 cf.
2404 2531 2585 2586 Carm.

1439 2603 1540 2666 111,
1588 2607 1635 2666 1,
1676 2604 1764 2659 30.
1801 2603 2041 2672 Reliqua
2076 2620 2207 2672 pars
2242 2603 2409 2656 huius
2444 2606 2587 2658 stro·

1437 2677 1585 2746 phae
1618 2676 1811 2730 multis
1848 2693 1917 2731 ac
1950 2675 2123 2729 variis
2168 2675 2587 2744 interpretatio-

1437 2748 1605 2802 nibus
1644 2752 1867 2802 tentata
1902 2751 2003 2800 est.
2044 2746 2466 2816 Simplicissima
2500 2751 2586 2800 ta·

1439 2837 1568 2873 men
1604 2819 1911 2874 verissima.
1984 2817 2115 2872 Sors
2172 2818 2321 2872 enim
2371 2835 2437 2872 ea
2483 2821 2587 2882 est,

1439 2907 1607 2960 quam
1661 2890 1881 2945 modica
1933 2888 2109 2952 bona,
2174 2889 2363 2957 qualia
2420 2889 2587 2944 modo

1439 2967 1573 3016 sunt
1608 2962 1906 3032 descripta,
1943 2959 2124 3016 sdlent
2158 2961 2459 3030 praebere;
2494 2978 2587 3016 cu·

1437 3034 1524 3087 ius
1564 3033 1791 3102 quidem
1828 3031 2253 3103 significationis
2290 3032 2441 3101 apud
2474 3031 2587 3086 Ho-

1438 3105 1647 3160 ratium
1685 3105 1893 3173 ubique
1925 3103 2290 3158 inveniuntur
2314 3104 2585 3173 exempla.

1437 3176 1633 3245 Neque
1676 3177 1937 3242 alterum,
1993 3175 2053 3229 in
2104 3193 2215 3244 quo
2260 3174 2585 3243 haerebant,

1439 3247 1682 3303 insolens
1716 3251 1825 3302 est:
1859 3246 2011 3314 fallit
2035 3247 2245 3302 beatior
2265 3246 2587 3315 fulqentenu

1436 3320 1631 3385 fallere
1667 3319 1816 3373 enim
1854 3317 2086 3373 verbum
2122 3335 2249 3373 cum
2284 3317 2587 3387 participio

1437 3408 1553 3445 non
1614 3390 1799 3446 minus
1867 3394 2022 3444 recte
2083 3389 2345 3460 coniungi
2418 3406 2587 3458 quam

1509 3479 1705 3517 aecum
1752 3455 2063 3529 λανθάνειν,
2122 3461 2473 3544 intellegitur
2518 3478 2587 3516 ex

1437 3532 1843 3660 lsssffhbsstissg'
1874 3534 1992 3658 022³
2024 3533 2335 3673 3133er
2350 3537 2588 3674 εἶιιηὼηωῳ

1964 3644 1978 3672 ‚
2564 3633 2586 3645 -

1439 3675 1587 3744 dios-3
1626 3676 2007 3732 accusativum
2042 3674 2245 3730 deinde
2285 3675 2357 3729 ab
2393 3677 2589 3731 eodem

1439 3747 1613 3803 verbo
1648 3765 1775 3802 cum
1810 3747 2113 3816 participio
2140 3747 2437 3802 coniuncto
2474 3765 2587 3802 non

1440 3835 1558 3874 esse
1604 3819 1849 3874 alienum
1896 3819 2009 3874 Ver
2054 3819 2251 3873 'lianus
2296 3819 2449 3874 locus
2494 3820 2587 3873 de·

1439 3894 1719 3946 monstrat
1752 3893 1893 3945 Aen.
1930 3891 1979 3945 V
2038 3930 2053 3958 ,
2091 3892 2197 3944 350
2233 3907 2314 3961 sq.
2350 3890 2422 3946 of.
2460 3891 2585 3946 Liv.

1439 3962 1591 4030 VIII,
1634 3964 1721 4024 20,
1762 3964 1813 4015 5.
1872 3962 2012 4016 Stat.
2046 3961 2181 4016 Silv.
2218 3961 2263 4030 1,
2300 3965 2351 4030 2,
2394 3964 2459 4016 10
2496 3967 2589 4032 „et

1437 4033 1653 4088 medias
1677 4032 1828 4088 fallit
1852 4033 2135 4102 permixta
2156 4032 2425 4088 sorores.“
2463 4033 2585 4088 Iam

1440 4121 1567 4160 cum
1590 4106 1800 4160 beatam
1833 4105 1892 4158 id
1912 4122 2135 4174 quoque
2160 4105 2234 4158 sit
2260 4104 2409 4174 quod
2433 4104 2583 4172 beat,

1440 4175 1630 4232 felices
1677 4175 1864 4232 reddit
1912 4175 2164 4231 homines
2200 4175 2291 4245 (cf.
2324 4175 2503 4244 Epist.
2540 4175 2585 4238 Ι,

1447 4249 1530 4317 10,
1572 4250 1655 4301 14.
1728 4247 1908 4302 Carm.
1946 4246 1990 4316 Ι,
2026 4249 2115 4316 29,
2156 4249 2203 4300 1.
2275 4247 2350 4315 11,
2387 4247 2439 4315 6,
2476 4249 2587 4316 21),

1440 4319 1587 4374 hanc
1630 4318 1863 4374 habebis
1906 4319 2263 4374 sententiam:
2338 4318 2584 4388 „agellus

1439 4407 1597 4446 meus
1633 4395 1784 4446 sorte
1820 4407 1989 4460 quam
2018 4389 2253 4461 praebet
2276 4389 2585 4446 beatiorem

1439 4479 1531 4517 me
1585 4461 1793 4530 reddit,
1845 4478 2013 4531 quam
2060 4478 2259 4531 capere
2302 4465 2492 4531 potest
2535 4462 2584 4516 is

1441 4534 1540 4604 qui
1576 4535 1823 4588 maxima
1848 4533 2019 4588 habet
2044 4538 2103 4588 et
2124 4533 2471 4588 fertilissima
2506 4534 2585 4590 la·

1442 4604 1739 4660 tifuudia.“
1794 4633 1863 4646 —
1916 4603 2171 4674 Africae]
2232 4603 2407 4661 Recte
2472 4605 2585 4660 iam
