<?xml version="1.0" encoding="UTF-8"?>
<!DOCTYPE html PUBLIC "-//W3C//DTD XHTML 1.0 Transitional//EN"
    "http://www.w3.org/TR/xhtml1/DTD/xhtml1-transitional.dtd">
<html xmlns="http://www.w3.org/1999/xhtml" xml:lang="en" lang="en">
 <head>
  <title>
</title>
<meta http-equiv="Content-Type" content="text/html;charset=utf-8" />
  <meta name='ocr-system' content='tesseract 3.04.00' />
  <meta name='ocr-capabilities' content='ocr_page ocr_carea ocr_par ocr_line ocrx_word'/>
</head>
<body>
  <div class='ocr_page' id='page_1' title='image "./qhoratiiflaccio05unkngoog_0156.png"; bbox 0 0 3092 5059; ppageno 0'>
   <div class='ocr_carea' id='block_1_1' title="bbox 457 158 580 224">
    <p class='ocr_par' dir='ltr' id='par_1_1' title="bbox 457 158 580 224">
     <span class='ocr_line' id='line_1_1' title="bbox 457 158 580 224; baseline 0.008 -1"><span class='ocrx_word' id='word_1_1' title='bbox 457 158 580 224; x_wconf 84' lang='lat'><strong>126</strong></span> 
     </span>
    </p>
   </div>
   <div class='ocr_carea' id='block_1_2' title="bbox 1427 158 1887 230">
    <p class='ocr_par' dir='ltr' id='par_1_2' title="bbox 1427 158 1887 230">
     <span class='ocr_line' id='line_1_2' title="bbox 1427 158 1887 230; baseline -0.002 -2"><span class='ocrx_word' id='word_1_2' title='bbox 1427 158 1887 230; x_wconf 80' lang='lat' dir='ltr'>CARMINUM</span> 
     </span>
    </p>
   </div>
   <div class='ocr_carea' id='block_1_3' title="bbox 850 346 2333 427">
    <p class='ocr_par' dir='ltr' id='par_1_3' title="bbox 850 346 2333 427">
     <span class='ocr_line' id='line_1_3' title="bbox 850 346 2333 427; baseline 0.003 -4"><span class='ocrx_word' id='word_1_3' title='bbox 850 346 1136 425; x_wconf 78' lang='lat' dir='ltr'><strong>Fertili-</strong></span> <span class='ocrx_word' id='word_1_4' title='bbox 1175 348 1477 425; x_wconf 84' lang='lat' dir='ltr'><strong>Baccho</strong></span> <span class='ocrx_word' id='word_1_5' title='bbox 1533 349 1937 426; x_wconf 88' lang='lat' dir='ltr'><strong>minimum</strong></span> <span class='ocrx_word' id='word_1_6' title='bbox 1987 350 2333 427; x_wconf 79' lang='lat' dir='ltr'>Falernis</span> 
     </span>
    </p>
   </div>
   <div class='ocr_carea' id='block_1_4' title="bbox 752 474 1589 550">
    <p class='ocr_par' dir='ltr' id='par_1_4' title="bbox 752 474 1589 550">
     <span class='ocr_line' id='line_1_4' title="bbox 752 474 1589 550; baseline 0.002 -3"><span class='ocrx_word' id='word_1_7' title='bbox 752 506 806 547; x_wconf 73' lang='grc' dir='ltr'><strong>ω</strong></span> <span class='ocrx_word' id='word_1_8' title='bbox 1038 474 1348 550; x_wconf 83' lang='lat' dir='ltr'><strong>Invidet</strong></span> <span class='ocrx_word' id='word_1_9' title='bbox 1397 475 1589 549; x_wconf 81' lang='lat' dir='ltr'><strong>uvis.</strong></span> 
     </span>
    </p>
   </div>
   <div class='ocr_carea' id='block_1_5' title="bbox 843 625 2267 975">
    <p class='ocr_par' dir='ltr' id='par_1_5' title="bbox 843 625 2267 975">
     <span class='ocr_line' id='line_1_5' title="bbox 843 625 2176 702; baseline 0 -2"><span class='ocrx_word' id='word_1_10' title='bbox 843 625 991 700; x_wconf 90' lang='lat' dir='ltr'><strong>Ille</strong></span> <span class='ocrx_word' id='word_1_11' title='bbox 1030 639 1108 702; x_wconf 84' lang='lat' dir='ltr'><strong>te</strong></span> <span class='ocrx_word' id='word_1_12' title='bbox 1161 651 1462 702; x_wconf 89' lang='lat' dir='ltr'><strong>mecum</strong></span> <span class='ocrx_word' id='word_1_13' title='bbox 1515 626 1733 701; x_wconf 91' lang='lat' dir='ltr'><strong>locus</strong></span> <span class='ocrx_word' id='word_1_14' title='bbox 1782 638 1856 701; x_wconf 88' lang='lat' dir='ltr'><strong>et</strong></span> <span class='ocrx_word' id='word_1_15' title='bbox 1910 628 2176 701; x_wconf 86' lang='lat' dir='ltr'><strong>beatae</strong></span> 
     </span>
     <span class='ocr_line' id='line_1_6' title="bbox 848 750 2265 827; baseline -0.001 -2"><span class='ocrx_word' id='word_1_16' title='bbox 848 750 1250 826; x_wconf 85' lang='lat' dir='ltr'><strong>Postulant</strong></span> <span class='ocrx_word' id='word_1_17' title='bbox 1294 777 1549 827; x_wconf 85' lang='lat' dir='ltr'><strong>arces:</strong></span> <span class='ocrx_word' id='word_1_18' title='bbox 1602 751 1717 826; x_wconf 88' lang='lat' dir='ltr'><strong>ibi</strong></span> <span class='ocrx_word' id='word_1_19' title='bbox 1768 763 1851 825; x_wconf 90' lang='lat' dir='ltr'><strong>tu</strong></span> <span class='ocrx_word' id='word_1_20' title='bbox 1894 750 2265 827; x_wconf 86' lang='lat' dir='ltr'><strong>calentem</strong></span> 
     </span>
     <span class='ocr_line' id='line_1_7' title="bbox 854 874 2267 975; baseline -0.001 -25"><span class='ocrx_word' id='word_1_21' title='bbox 854 877 1146 975; x_wconf 54' lang='lat' dir='ltr'><strong>Debita¹</strong></span> <span class='ocrx_word' id='word_1_22' title='bbox 1173 900 1489 975; x_wconf 79' lang='lat' dir='ltr'><strong>sparges</strong></span> <span class='ocrx_word' id='word_1_23' title='bbox 1544 876 1865 951; x_wconf 84' lang='lat' dir='ltr'><strong>lacrima</strong></span> <span class='ocrx_word' id='word_1_24' title='bbox 1916 874 2267 951; x_wconf 85' lang='lat' dir='ltr'><strong>favillam</strong></span> 
     </span>
    </p>
   </div>
   <div class='ocr_carea' id='block_1_6' title="bbox 1053 1002 1571 1077">
    <p class='ocr_par' dir='ltr' id='par_1_6' title="bbox 1053 1002 1571 1077">
     <span class='ocr_line' id='line_1_8' title="bbox 1053 1002 1571 1077; baseline 0 -3"><span class='ocrx_word' id='word_1_25' title='bbox 1053 1002 1266 1076; x_wconf 85' lang='lat' dir='ltr'><strong>Vatis</strong></span> <span class='ocrx_word' id='word_1_26' title='bbox 1321 1002 1571 1077; x_wconf 84' lang='lat' dir='ltr'><strong>amici.</strong></span> 
     </span>
    </p>
   </div>
   <div class='ocr_carea' id='block_1_7' title="bbox 1543 1185 1745 1198">
    <p class='ocr_par' dir='ltr' id='par_1_7' title="bbox 1543 1185 1745 1198">
     <span class='ocr_line' id='line_1_9' title="bbox 1543 1185 1745 1198; baseline 0 0"><span class='ocrx_word' id='word_1_27' title='bbox 1543 1185 1745 1198; x_wconf 95' lang='lat' dir='ltr'><strong> </strong></span> 
     </span>
    </p>
   </div>
   <div class='ocr_carea' id='block_1_8' title="bbox 1343 1307 1965 1395">
    <p class='ocr_par' dir='ltr' id='par_1_8' title="bbox 1343 1307 1965 1395">
     <span class='ocr_line' id='line_1_10' title="bbox 1343 1307 1965 1395; baseline -0.002 -1"><span class='ocrx_word' id='word_1_28' title='bbox 1343 1307 1727 1395; x_wconf 74' lang='lat' dir='ltr'><strong>GARMEN</strong></span> <span class='ocrx_word' id='word_1_29' title='bbox 1795 1308 1965 1393; x_wconf 90' lang='lat' dir='ltr'><strong>VII.</strong></span> 
     </span>
    </p>
   </div>
   <div class='ocr_carea' id='block_1_9' title="bbox 847 1475 2453 1697">
    <p class='ocr_par' dir='ltr' id='par_1_9' title="bbox 847 1475 2453 1697">
     <span class='ocr_line' id='line_1_11' title="bbox 850 1475 2453 1574; baseline 0 -22"><span class='ocrx_word' id='word_1_30' title='bbox 850 1475 917 1553; x_wconf 90' lang='lat' dir='ltr'><strong>O</strong></span> <span class='ocrx_word' id='word_1_31' title='bbox 975 1500 1203 1574; x_wconf 86' lang='lat' dir='ltr'><strong>saepe</strong></span> <span class='ocrx_word' id='word_1_32' title='bbox 1255 1501 1556 1551; x_wconf 89' lang='lat' dir='ltr'><strong>mecum</strong></span> <span class='ocrx_word' id='word_1_33' title='bbox 1610 1489 1909 1573; x_wconf 88' lang='lat' dir='ltr'><strong>tempus</strong></span> <span class='ocrx_word' id='word_1_34' title='bbox 1964 1476 2044 1550; x_wconf 90' lang='lat' dir='ltr'><strong>in</strong></span> <span class='ocrx_word' id='word_1_35' title='bbox 2098 1475 2453 1552; x_wconf 89' lang='lat' dir='ltr'><strong>ultimum</strong></span> 
     </span>
     <span class='ocr_line' id='line_1_12' title="bbox 847 1598 2127 1697; baseline 0 -22"><span class='ocrx_word' id='word_1_36' title='bbox 847 1600 1193 1676; x_wconf 88' lang='lat' dir='ltr'><strong>Deducte</strong></span> <span class='ocrx_word' id='word_1_37' title='bbox 1243 1602 1484 1675; x_wconf 88' lang='lat' dir='ltr'><strong>Bruto</strong></span> <span class='ocrx_word' id='word_1_38' title='bbox 1537 1598 1857 1675; x_wconf 87' lang='lat' dir='ltr'><strong>militiae</strong></span> <span class='ocrx_word' id='word_1_39' title='bbox 1911 1598 2127 1697; x_wconf 88' lang='lat' dir='ltr'><strong>duce,</strong></span> 
     </span>
    </p>
   </div>
   <div class='ocr_carea' id='block_1_10' title="bbox 439 1797 1603 4158">
    <p class='ocr_par' dir='ltr' id='par_1_10' title="bbox 439 1797 1603 4158">
     <span class='ocr_line' id='line_1_13' title="bbox 451 1797 1601 1866; baseline -0.004 -11"><span class='ocrx_word' id='word_1_40' title='bbox 451 1801 661 1856; x_wconf 89' lang='lat' dir='ltr'><strong>Contra</strong></span> <span class='ocrx_word' id='word_1_41' title='bbox 701 1798 958 1855; x_wconf 74' lang='lat' dir='ltr'><strong>Orellius:</strong></span> <span class='ocrx_word' id='word_1_42' title='bbox 1037 1798 1176 1866; x_wconf 86' lang='lat' dir='ltr'><strong>„Est</strong></span> <span class='ocrx_word' id='word_1_43' title='bbox 1209 1814 1458 1852; x_wconf 75' lang='lat' dir='ltr'><strong>recessus</strong></span> <span class='ocrx_word' id='word_1_44' title='bbox 1507 1797 1601 1851; x_wconf 90' lang='lat' dir='ltr'><strong>de·</strong></span> 
     </span>
     <span class='ocr_line' id='line_1_14' title="bbox 448 1869 1601 1942; baseline -0.005 -15"><span class='ocrx_word' id='word_1_45' title='bbox 448 1872 693 1942; x_wconf 74' lang='lat' dir='ltr'><strong>pressior</strong></span> <span class='ocrx_word' id='word_1_46' title='bbox 743 1871 990 1941; x_wconf 78' lang='lat' dir='ltr'>regionis</span> <span class='ocrx_word' id='word_1_47' title='bbox 1039 1869 1380 1924; x_wconf 72' lang='lat' dir='ltr'><strong>Tarentinae</strong></span> <span class='ocrx_word' id='word_1_48' title='bbox 1424 1886 1601 1938; x_wconf 90' lang='lat' dir='ltr'><strong>prope</strong></span> 
     </span>
     <span class='ocr_line' id='line_1_15' title="bbox 447 1940 1603 2012; baseline -0.004 -15"><span class='ocrx_word' id='word_1_49' title='bbox 447 1944 734 2012; x_wconf 87' lang='lat' dir='ltr'><strong>Saturum,</strong></span> <span class='ocrx_word' id='word_1_50' title='bbox 773 1942 940 1997; x_wconf 87' lang='lat' dir='ltr'><strong>hodie</strong></span> <span class='ocrx_word' id='word_1_51' title='bbox 989 1942 1252 1996; x_wconf 81' lang='lat' dir='ltr'><strong>Melone.“</strong></span> <span class='ocrx_word' id='word_1_52' title='bbox 1299 1970 1371 1981; x_wconf 88' lang='lat'><strong>--</strong></span> <span class='ocrx_word' id='word_1_53' title='bbox 1421 1940 1603 2005; x_wconf 61' lang='lat' dir='ltr'><strong>fertili</strong></span> 
     </span>
     <span class='ocr_line' id='line_1_16' title="bbox 447 2012 1599 2084; baseline -0.005 -15"><span class='ocrx_word' id='word_1_54' title='bbox 447 2014 687 2084; x_wconf 78' lang='lat' dir='ltr'><strong>Baccho]</strong></span> <span class='ocrx_word' id='word_1_55' title='bbox 754 2014 845 2068; x_wconf 89' lang='lat' dir='ltr'><strong>Sic</strong></span> <span class='ocrx_word' id='word_1_56' title='bbox 911 2014 1110 2067; x_wconf 87' lang='lat' dir='ltr'><strong>melius</strong></span> <span class='ocrx_word' id='word_1_57' title='bbox 1171 2030 1336 2081; x_wconf 87' lang='lat' dir='ltr'><strong>quam</strong></span> <span class='ocrx_word' id='word_1_58' title='bbox 1392 2012 1599 2077; x_wconf 74' lang='lat' dir='ltr'><strong>fertilis</strong></span> 
     </span>
     <span class='ocr_line' id='line_1_17' title="bbox 449 2083 1597 2155; baseline -0.005 -14"><span class='ocrx_word' id='word_1_59' title='bbox 449 2087 686 2154; x_wconf 76' lang='lat' dir='ltr'><strong>BacchO,</strong></span> <span class='ocrx_word' id='word_1_60' title='bbox 725 2086 874 2153; x_wconf 91' lang='lat' dir='ltr'><strong>quod</strong></span> <span class='ocrx_word' id='word_1_61' title='bbox 923 2084 1240 2155; x_wconf 74' lang='lat' dir='ltr'><strong>pedestrem</strong></span> <span class='ocrx_word' id='word_1_62' title='bbox 1285 2083 1597 2137; x_wconf 84' lang='lat' dir='ltr'><strong>orationem</strong></span> 
     </span>
     <span class='ocr_line' id='line_1_18' title="bbox 449 2154 1597 2227; baseline -0.004 -15"><span class='ocrx_word' id='word_1_63' title='bbox 449 2160 615 2227; x_wconf 90' lang='lat' dir='ltr'><strong>sapit.</strong></span> <span class='ocrx_word' id='word_1_64' title='bbox 689 2158 790 2211; x_wconf 77' lang='lat' dir='ltr'><strong>Est</strong></span> <span class='ocrx_word' id='word_1_65' title='bbox 829 2162 1016 2212; x_wconf 89' lang='lat' dir='ltr'><strong>autem</strong></span> <span class='ocrx_word' id='word_1_66' title='bbox 1062 2157 1305 2220; x_wconf 82' lang='lat' dir='ltr'><strong>dativus,</strong></span> <span class='ocrx_word' id='word_1_67' title='bbox 1351 2172 1464 2209; x_wconf 89' lang='lat' dir='ltr'><strong>non</strong></span> <span class='ocrx_word' id='word_1_68' title='bbox 1503 2154 1597 2208; x_wconf 89' lang='lat' dir='ltr'><strong>ab·</strong></span> 
     </span>
     <span class='ocr_line' id='line_1_19' title="bbox 447 2226 1595 2296; baseline -0.005 -12"><span class='ocrx_word' id='word_1_69' title='bbox 447 2231 673 2284; x_wconf 82' lang='lat' dir='ltr'><strong>lativus.</strong></span> <span class='ocrx_word' id='word_1_70' title='bbox 727 2228 796 2283; x_wconf 84' lang='lat' dir='ltr'><strong>cf.</strong></span> <span class='ocrx_word' id='word_1_71' title='bbox 845 2228 946 2295; x_wconf 91' lang='lat'>111,</span> <span class='ocrx_word' id='word_1_72' title='bbox 988 2230 1070 2296; x_wconf 88' lang='lat'><strong>16,</strong></span> <span class='ocrx_word' id='word_1_73' title='bbox 1111 2228 1196 2281; x_wconf 83' lang='lat'><strong>34.</strong></span> <span class='ocrx_word' id='word_1_74' title='bbox 1237 2228 1306 2281; x_wconf 85' lang='lat' dir='ltr'><strong>cf.</strong></span> <span class='ocrx_word' id='word_1_75' title='bbox 1346 2226 1595 2280; x_wconf 85' lang='lat' dir='ltr'><strong>Martial.</strong></span> 
     </span>
     <span class='ocr_line' id='line_1_20' title="bbox 445 2297 1597 2368; baseline -0.004 -13"><span class='ocrx_word' id='word_1_76' title='bbox 445 2301 599 2367; x_wconf 86' lang='lat' dir='ltr'>XIII,</span> <span class='ocrx_word' id='word_1_77' title='bbox 644 2302 770 2355; x_wconf 81' lang='lat'>125:</span> <span class='ocrx_word' id='word_1_78' title='bbox 811 2300 1047 2368; x_wconf 89' lang='lat' dir='ltr'><strong>„nobilis</strong></span> <span class='ocrx_word' id='word_1_79' title='bbox 1087 2306 1144 2353; x_wconf 91' lang='lat' dir='ltr'><strong>et</strong></span> <span class='ocrx_word' id='word_1_80' title='bbox 1180 2300 1326 2353; x_wconf 89' lang='lat' dir='ltr'><strong>lanis</strong></span> <span class='ocrx_word' id='word_1_81' title='bbox 1363 2304 1422 2351; x_wconf 85' lang='lat' dir='ltr'><strong>et</strong></span> <span class='ocrx_word' id='word_1_82' title='bbox 1458 2297 1597 2351; x_wconf 84' lang='lat' dir='ltr'><strong>felix</strong></span> 
     </span>
     <span class='ocr_line' id='line_1_21' title="bbox 445 2369 1597 2439; baseline -0.004 -12"><span class='ocrx_word' id='word_1_83' title='bbox 445 2373 658 2427; x_wconf 80' lang='lat' dir='ltr'><strong>vitibus</strong></span> <span class='ocrx_word' id='word_1_84' title='bbox 679 2373 866 2426; x_wconf 86' lang='lat' dir='ltr'><strong>Aulon</strong></span> <span class='ocrx_word' id='word_1_85' title='bbox 907 2370 1020 2425; x_wconf 92' lang='lat' dir='ltr'><strong>Det</strong></span> <span class='ocrx_word' id='word_1_86' title='bbox 1054 2372 1303 2439; x_wconf 88' lang='lat' dir='ltr'><strong>pretiosa</strong></span> <span class='ocrx_word' id='word_1_87' title='bbox 1341 2370 1447 2423; x_wconf 91' lang='lat' dir='ltr'><strong>tibi</strong></span> <span class='ocrx_word' id='word_1_88' title='bbox 1483 2369 1597 2423; x_wconf 88' lang='lat' dir='ltr'><strong>vel·</strong></span> 
     </span>
     <span class='ocr_line' id='line_1_22' title="bbox 445 2440 1597 2511; baseline -0.003 -14"><span class='ocrx_word' id='word_1_89' title='bbox 445 2444 584 2511; x_wconf 84' lang='lat' dir='ltr'><strong>Iera,</strong></span> <span class='ocrx_word' id='word_1_90' title='bbox 619 2444 752 2498; x_wconf 78' lang='lat' dir='ltr'><strong>vina</strong></span> <span class='ocrx_word' id='word_1_91' title='bbox 787 2443 981 2497; x_wconf 85' lang='lat' dir='ltr'><strong>mihi.“</strong></span> <span class='ocrx_word' id='word_1_92' title='bbox 1055 2442 1278 2496; x_wconf 82' lang='lat' dir='ltr'><strong>Miiller.</strong></span> <span class='ocrx_word' id='word_1_93' title='bbox 1313 2440 1597 2495; x_wconf 87' lang='lat' dir='ltr'><strong>Eckstein.</strong></span> 
     </span>
     <span class='ocr_line' id='line_1_23' title="bbox 449 2513 1599 2579; baseline -0.003 -11"><span class='ocrx_word' id='word_1_94' title='bbox 449 2514 659 2570; x_wconf 88' lang='lat' dir='ltr'><strong>Keller.</strong></span> <span class='ocrx_word' id='word_1_95' title='bbox 693 2532 762 2569; x_wconf 82' lang='lat' dir='ltr'><strong>ex</strong></span> <span class='ocrx_word' id='word_1_96' title='bbox 799 2514 1014 2569; x_wconf 89' lang='lat' dir='ltr'><strong>Heinsii</strong></span> <span class='ocrx_word' id='word_1_97' title='bbox 1065 2514 1298 2569; x_wconf 89' lang='lat' dir='ltr'><strong>coniect.</strong></span> <span class='ocrx_word' id='word_1_98' title='bbox 1340 2513 1599 2579; x_wconf 75' lang='lat' dir='ltr'><strong>amictus3</strong></span> 
     </span>
     <span class='ocr_line' id='line_1_24' title="bbox 445 2585 1595 2653; baseline -0.004 -12"><span class='ocrx_word' id='word_1_99' title='bbox 445 2604 559 2641; x_wconf 88' lang='lat' dir='ltr'><strong>non</strong></span> <span class='ocrx_word' id='word_1_100' title='bbox 595 2587 752 2641; x_wconf 90' lang='lat' dir='ltr'><strong>bene.</strong></span> <span class='ocrx_word' id='word_1_101' title='bbox 793 2586 862 2641; x_wconf 83' lang='lat' dir='ltr'><strong>cf.</strong></span> <span class='ocrx_word' id='word_1_102' title='bbox 901 2586 1041 2640; x_wconf 85' lang='lat' dir='ltr'><strong>Stat.</strong></span> <span class='ocrx_word' id='word_1_103' title='bbox 1080 2586 1212 2639; x_wconf 82' lang='lat' dir='ltr'><strong>Silv.</strong></span> <span class='ocrx_word' id='word_1_104' title='bbox 1239 2585 1312 2653; x_wconf 85' lang='lat'><strong>11,</strong></span> <span class='ocrx_word' id='word_1_105' title='bbox 1349 2585 1399 2637; x_wconf 84' lang='lat'><strong>2.</strong></span> <span class='ocrx_word' id='word_1_106' title='bbox 1441 2588 1474 2635; x_wconf 88' lang='grc'><strong>4</strong></span> <span class='ocrx_word' id='word_1_107' title='bbox 1513 2600 1595 2651; x_wconf 89' lang='lat' dir='ltr'><strong>sq.</strong></span> 
     </span>
     <span class='ocr_line' id='line_1_25' title="bbox 449 2655 1597 2727; baseline -0.005 -14"><span class='ocrx_word' id='word_1_108' title='bbox 449 2658 606 2727; x_wconf 78' lang='lat' dir='ltr'><strong>„Qua</strong></span> <span class='ocrx_word' id='word_1_109' title='bbox 629 2658 856 2712; x_wconf 89' lang='lat' dir='ltr'><strong>Bromio</strong></span> <span class='ocrx_word' id='word_1_110' title='bbox 895 2658 1132 2711; x_wconf 82' lang='lat' dir='ltr'><strong>dilectus</strong></span> <span class='ocrx_word' id='word_1_111' title='bbox 1157 2674 1292 2727; x_wconf 85' lang='lat' dir='ltr'><strong>ager</strong></span> <span class='ocrx_word' id='word_1_112' title='bbox 1317 2655 1597 2723; x_wconf 84' lang='lat' dir='ltr'><strong>collesque</strong></span> 
     </span>
     <span class='ocr_line' id='line_1_26' title="bbox 453 2728 1593 2800; baseline -0.004 -16"><span class='ocrx_word' id='word_1_113' title='bbox 453 2748 557 2800; x_wconf 87' lang='lat' dir='ltr'><strong>per</strong></span> <span class='ocrx_word' id='word_1_114' title='bbox 595 2732 738 2784; x_wconf 89' lang='lat' dir='ltr'><strong>altos</strong></span> <span class='ocrx_word' id='word_1_115' title='bbox 783 2730 983 2785; x_wconf 88' lang='lat' dir='ltr'><strong>Uritur</strong></span> <span class='ocrx_word' id='word_1_116' title='bbox 1029 2734 1086 2783; x_wconf 88' lang='lat' dir='ltr'><strong>et</strong></span> <span class='ocrx_word' id='word_1_117' title='bbox 1121 2728 1294 2798; x_wconf 86' lang='lat' dir='ltr'><strong>prelis</strong></span> <span class='ocrx_word' id='word_1_118' title='bbox 1345 2744 1460 2781; x_wconf 87' lang='lat' dir='ltr'><strong>non</strong></span> <span class='ocrx_word' id='word_1_119' title='bbox 1509 2728 1593 2779; x_wconf 89' lang='lat' dir='ltr'><strong>in-</strong></span> 
     </span>
     <span class='ocr_line' id='line_1_27' title="bbox 445 2799 1595 2868; baseline -0.003 -13"><span class='ocrx_word' id='word_1_120' title='bbox 445 2802 604 2855; x_wconf 82' lang='lat' dir='ltr'><strong>videt</strong></span> <span class='ocrx_word' id='word_1_121' title='bbox 642 2819 750 2855; x_wconf 83' lang='lat' dir='ltr'><strong>uva</strong></span> <span class='ocrx_word' id='word_1_122' title='bbox 789 2800 1094 2867; x_wconf 85' lang='lat' dir='ltr'><strong>Falernis,“</strong></span> <span class='ocrx_word' id='word_1_123' title='bbox 1131 2801 1226 2868; x_wconf 88' lang='lat' dir='ltr'><strong>qui</strong></span> <span class='ocrx_word' id='word_1_124' title='bbox 1253 2800 1308 2854; x_wconf 88' lang='lat' dir='ltr'><strong>h.</strong></span> <span class='ocrx_word' id='word_1_125' title='bbox 1336 2799 1372 2851; x_wconf 94' lang='lat' dir='ltr'><strong>l.</strong></span> <span class='ocrx_word' id='word_1_126' title='bbox 1399 2802 1595 2867; x_wconf 87' lang='lat' dir='ltr'><strong>aperte</strong></span> 
     </span>
     <span class='ocr_line' id='line_1_28' title="bbox 445 2872 1594 2941; baseline -0.004 -14"><span class='ocrx_word' id='word_1_127' title='bbox 445 2874 698 2929; x_wconf 87' lang='lat' dir='ltr'><strong>imitatus</strong></span> <span class='ocrx_word' id='word_1_128' title='bbox 723 2878 808 2926; x_wconf 91' lang='lat' dir='ltr'><strong>est</strong></span> <span class='ocrx_word' id='word_1_129' title='bbox 833 2878 892 2926; x_wconf 91' lang='lat' dir='ltr'><strong>et</strong></span> <span class='ocrx_word' id='word_1_130' title='bbox 926 2874 1134 2925; x_wconf 73' lang='lat' dir='ltr'><strong>amicus</strong></span> <span class='ocrx_word' id='word_1_131' title='bbox 1173 2872 1328 2941; x_wconf 83' lang='lat' dir='ltr'><strong>legit.</strong></span> <span class='ocrx_word' id='word_1_132' title='bbox 1368 2898 1434 2909; x_wconf 89' lang='lat'><em>-</em></span> <span class='ocrx_word' id='word_1_133' title='bbox 1473 2872 1594 2923; x_wconf 81' lang='lat' dir='ltr'><strong>bea·</strong></span> 
     </span>
     <span class='ocr_line' id='line_1_29' title="bbox 445 2941 1595 3012; baseline -0.003 -14"><span class='ocrx_word' id='word_1_134' title='bbox 445 2951 536 2999; x_wconf 79' lang='lat' dir='ltr'><strong>tae</strong></span> <span class='ocrx_word' id='word_1_135' title='bbox 571 2945 748 3012; x_wconf 75' lang='lat' dir='ltr'><strong>arces]</strong></span> <span class='ocrx_word' id='word_1_136' title='bbox 785 2944 913 2998; x_wconf 83' lang='lat' dir='ltr'><strong>Adi.</strong></span> <span class='ocrx_word' id='word_1_137' title='bbox 953 2944 1140 2998; x_wconf 83' lang='lat' dir='ltr'><strong>beatae</strong></span> <span class='ocrx_word' id='word_1_138' title='bbox 1173 2960 1286 2995; x_wconf 86' lang='lat' dir='ltr'><strong>non</strong></span> <span class='ocrx_word' id='word_1_139' title='bbox 1333 2941 1404 2995; x_wconf 86' lang='lat' dir='ltr'><strong>ad</strong></span> <span class='ocrx_word' id='word_1_140' title='bbox 1440 2958 1595 2995; x_wconf 84' lang='lat' dir='ltr'><strong>arces</strong></span> 
     </span>
     <span class='ocr_line' id='line_1_30' title="bbox 444 3012 1591 3082; baseline -0.004 -12"><span class='ocrx_word' id='word_1_141' title='bbox 444 3016 624 3070; x_wconf 82' lang='lat' dir='ltr'><strong>solum</strong></span> <span class='ocrx_word' id='word_1_142' title='bbox 683 3014 778 3069; x_wconf 89' lang='lat' dir='ltr'><strong>sed</strong></span> <span class='ocrx_word' id='word_1_143' title='bbox 829 3015 901 3069; x_wconf 85' lang='lat' dir='ltr'><strong>ad</strong></span> <span class='ocrx_word' id='word_1_144' title='bbox 955 3016 1128 3069; x_wconf 80' lang='lat' dir='ltr'><strong>locum</strong></span> <span class='ocrx_word' id='word_1_145' title='bbox 1181 3032 1400 3082; x_wconf 90' lang='lat' dir='ltr'><strong>quoque</strong></span> <span class='ocrx_word' id='word_1_146' title='bbox 1446 3012 1591 3066; x_wconf 86' lang='lat' dir='ltr'><strong>refe·</strong></span> 
     </span>
     <span class='ocr_line' id='line_1_31' title="bbox 443 3084 1593 3153; baseline -0.004 -11"><span class='ocrx_word' id='word_1_147' title='bbox 443 3088 695 3142; x_wconf 88' lang='lat' dir='ltr'><strong>rendum.</strong></span> <span class='ocrx_word' id='word_1_148' title='bbox 733 3087 876 3140; x_wconf 84' lang='lat' dir='ltr'><strong>Vide</strong></span> <span class='ocrx_word' id='word_1_149' title='bbox 909 3087 982 3140; x_wconf 92' lang='lat' dir='ltr'><strong>ad</strong></span> <span class='ocrx_word' id='word_1_150' title='bbox 1025 3086 1205 3140; x_wconf 87' lang='lat' dir='ltr'><strong>Carm.</strong></span> <span class='ocrx_word' id='word_1_151' title='bbox 1231 3086 1276 3153; x_wconf 87' lang='grc' dir='ltr'><strong>Ι,</strong></span> <span class='ocrx_word' id='word_1_152' title='bbox 1303 3088 1354 3148; x_wconf 81' lang='grc'><strong>2,</strong></span> <span class='ocrx_word' id='word_1_153' title='bbox 1385 3090 1430 3139; x_wconf 89' lang='lat'><strong>1.</strong></span> <span class='ocrx_word' id='word_1_154' title='bbox 1483 3084 1593 3137; x_wconf 86' lang='lat' dir='ltr'><strong>Lo-</strong></span> 
     </span>
     <span class='ocr_line' id='line_1_32' title="bbox 442 3158 1594 3228; baseline -0.004 -15"><span class='ocrx_word' id='word_1_155' title='bbox 442 3176 538 3213; x_wconf 76' lang='lat' dir='ltr'><strong>cus</strong></span> <span class='ocrx_word' id='word_1_156' title='bbox 561 3166 750 3213; x_wconf 79' lang='lat' dir='ltr'><strong>autem</strong></span> <span class='ocrx_word' id='word_1_157' title='bbox 775 3162 860 3212; x_wconf 87' lang='lat' dir='ltr'><strong>est</strong></span> <span class='ocrx_word' id='word_1_158' title='bbox 885 3176 1020 3228; x_wconf 79' lang='lat' dir='ltr'><strong>ager</strong></span> <span class='ocrx_word' id='word_1_159' title='bbox 1044 3158 1404 3225; x_wconf 82' lang='lat' dir='ltr'><strong>Tarentinus;</strong></span> <span class='ocrx_word' id='word_1_160' title='bbox 1442 3171 1594 3209; x_wconf 77' lang='lat' dir='ltr'><strong>arces</strong></span> 
     </span>
     <span class='ocr_line' id='line_1_33' title="bbox 445 3228 1595 3300; baseline -0.005 -16"><span class='ocrx_word' id='word_1_161' title='bbox 445 3232 721 3285; x_wconf 84' lang='lat' dir='ltr'><strong>Aulonem</strong></span> <span class='ocrx_word' id='word_1_162' title='bbox 740 3236 990 3283; x_wconf 89' lang='lat' dir='ltr'><strong>montem</strong></span> <span class='ocrx_word' id='word_1_163' title='bbox 1015 3228 1346 3300; x_wconf 81' lang='lat' dir='ltr'><strong>significant.</strong></span> <span class='ocrx_word' id='word_1_164' title='bbox 1373 3229 1466 3283; x_wconf 90' lang='lat' dir='ltr'><strong>Sic</strong></span> <span class='ocrx_word' id='word_1_165' title='bbox 1485 3242 1595 3281; x_wconf 74' lang='lat' dir='ltr'><strong>arx</strong></span> 
     </span>
     <span class='ocr_line' id='line_1_34' title="bbox 442 3300 1589 3367; baseline -0.005 -12"><span class='ocrx_word' id='word_1_166' title='bbox 442 3304 534 3356; x_wconf 82' lang='lat' dir='ltr'><strong>vel</strong></span> <span class='ocrx_word' id='word_1_167' title='bbox 571 3318 723 3357; x_wconf 76' lang='lat' dir='ltr'><strong>arces</strong></span> <span class='ocrx_word' id='word_1_168' title='bbox 759 3302 830 3355; x_wconf 89' lang='lat' dir='ltr'><strong>de</strong></span> <span class='ocrx_word' id='word_1_169' title='bbox 867 3306 1056 3355; x_wconf 87' lang='lat' dir='ltr'><strong>monte</strong></span> <span class='ocrx_word' id='word_1_170' title='bbox 1095 3302 1152 3354; x_wconf 92' lang='lat' dir='ltr'><strong>C.</strong></span> <span class='ocrx_word' id='word_1_171' title='bbox 1191 3300 1242 3353; x_wconf 92' lang='lat' dir='ltr'><strong>S.</strong></span> <span class='ocrx_word' id='word_1_172' title='bbox 1283 3302 1367 3354; x_wconf 85' lang='lat'><strong>65.</strong></span> <span class='ocrx_word' id='word_1_173' title='bbox 1423 3300 1589 3367; x_wconf 82' lang='lat' dir='ltr'><strong>Verg.</strong></span> 
     </span>
     <span class='ocr_line' id='line_1_35' title="bbox 444 3372 1591 3445; baseline -0.006 -16"><span class='ocrx_word' id='word_1_174' title='bbox 444 3374 647 3445; x_wconf 85' lang='lat' dir='ltr'><strong>Georg.</strong></span> <span class='ocrx_word' id='word_1_175' title='bbox 672 3372 745 3442; x_wconf 89' lang='lat'><strong>11,</strong></span> <span class='ocrx_word' id='word_1_176' title='bbox 771 3374 892 3426; x_wconf 83' lang='lat'><strong>535.</strong></span> <span class='ocrx_word' id='word_1_177' title='bbox 936 3372 1098 3427; x_wconf 85' lang='lat' dir='ltr'><strong>ovid.</strong></span> <span class='ocrx_word' id='word_1_178' title='bbox 1130 3372 1268 3427; x_wconf 89' lang='lat' dir='ltr'><strong>Met.</strong></span> <span class='ocrx_word' id='word_1_179' title='bbox 1301 3372 1345 3439; x_wconf 89' lang='grc' dir='ltr'><strong>Ι,</strong></span> <span class='ocrx_word' id='word_1_180' title='bbox 1371 3374 1494 3425; x_wconf 80' lang='lat'><strong>467.</strong></span> <span class='ocrx_word' id='word_1_181' title='bbox 1524 3398 1591 3408; x_wconf 93' lang='lat'><strong>—-</strong></span> 
     </span>
     <span class='ocr_line' id='line_1_36' title="bbox 441 3440 1591 3512; baseline -0.006 -12"><span class='ocrx_word' id='word_1_182' title='bbox 441 3445 590 3501; x_wconf 77' lang='lat' dir='ltr'><strong>vatis</strong></span> <span class='ocrx_word' id='word_1_183' title='bbox 627 3444 810 3512; x_wconf 75' lang='lat' dir='ltr'><strong>amici]</strong></span> <span class='ocrx_word' id='word_1_184' title='bbox 850 3443 1027 3499; x_wconf 86' lang='lat' dir='ltr'><strong>Tacit.</strong></span> <span class='ocrx_word' id='word_1_185' title='bbox 1049 3444 1180 3497; x_wconf 89' lang='lat' dir='ltr'><strong>dial.</strong></span> <span class='ocrx_word' id='word_1_186' title='bbox 1203 3446 1262 3497; x_wconf 84' lang='lat'><strong>9:</strong></span> <span class='ocrx_word' id='word_1_187' title='bbox 1304 3442 1474 3511; x_wconf 78' lang='lat' dir='ltr'><strong>„Quis</strong></span> <span class='ocrx_word' id='word_1_188' title='bbox 1495 3440 1591 3494; x_wconf 87' lang='lat' dir='ltr'><strong>Sa-</strong></span> 
     </span>
     <span class='ocr_line' id='line_1_37' title="bbox 443 3513 1591 3586; baseline -0.004 -17"><span class='ocrx_word' id='word_1_189' title='bbox 443 3518 614 3571; x_wconf 87' lang='lat' dir='ltr'><strong>leium</strong></span> <span class='ocrx_word' id='word_1_190' title='bbox 653 3522 920 3578; x_wconf 86' lang='lat' dir='ltr'><strong>nostrum,</strong></span> <span class='ocrx_word' id='word_1_191' title='bbox 959 3516 1227 3586; x_wconf 72' lang='lat' dir='ltr'><strong>eqreyium</strong></span> <span class='ocrx_word' id='word_1_192' title='bbox 1265 3520 1479 3584; x_wconf 80' lang='lat' dir='ltr'><strong>poetam</strong></span> <span class='ocrx_word' id='word_1_193' title='bbox 1501 3513 1591 3565; x_wconf 82' lang='lat' dir='ltr'><strong>vel</strong></span> 
     </span>
     <span class='ocr_line' id='line_1_38' title="bbox 443 3584 1591 3657; baseline -0.003 -16"><span class='ocrx_word' id='word_1_194' title='bbox 443 3588 490 3641; x_wconf 86' lang='lat' dir='ltr'><strong>si</strong></span> <span class='ocrx_word' id='word_1_195' title='bbox 529 3588 636 3641; x_wconf 92' lang='lat' dir='ltr'><strong>hoc</strong></span> <span class='ocrx_word' id='word_1_196' title='bbox 669 3586 1124 3642; x_wconf 85' lang='lat' dir='ltr'><strong>honorificentius</strong></span> <span class='ocrx_word' id='word_1_197' title='bbox 1156 3594 1240 3641; x_wconf 85' lang='lat' dir='ltr'><strong>est</strong></span> <span class='ocrx_word' id='word_1_198' title='bbox 1263 3584 1591 3657; x_wconf 87' lang='lat' dir='ltr'><strong>praeclaris-</strong></span> 
     </span>
     <span class='ocr_line' id='line_1_39' title="bbox 447 3655 1588 3727; baseline -0.004 -14"><span class='ocrx_word' id='word_1_199' title='bbox 447 3660 652 3713; x_wconf 87' lang='lat' dir='ltr'><strong>simum</strong></span> <span class='ocrx_word' id='word_1_200' title='bbox 687 3664 879 3727; x_wconf 74' lang='lat' dir='ltr'><strong>vatem,</strong></span> <span class='ocrx_word' id='word_1_201' title='bbox 917 3660 1144 3714; x_wconf 77' lang='lat' dir='ltr'><strong>deducit</strong></span> <span class='ocrx_word' id='word_1_202' title='bbox 1179 3664 1280 3713; x_wconf 87' lang='lat' dir='ltr'><strong>aut</strong></span> <span class='ocrx_word' id='word_1_203' title='bbox 1307 3655 1588 3713; x_wconf 85' lang='lat' dir='ltr'><strong>salutat?“</strong></span> 
     </span>
     <span class='ocr_line' id='line_1_40' title="bbox 444 3729 1591 3798; baseline -0.003 -14"><span class='ocrx_word' id='word_1_204' title='bbox 444 3730 620 3786; x_wconf 86' lang='lat' dir='ltr'><strong>Poeta</strong></span> <span class='ocrx_word' id='word_1_205' title='bbox 658 3729 864 3784; x_wconf 75' lang='lat' dir='ltr'><strong>artifex</strong></span> <span class='ocrx_word' id='word_1_206' title='bbox 901 3736 1003 3798; x_wconf 84' lang='lat' dir='ltr'><strong>est,</strong></span> <span class='ocrx_word' id='word_1_207' title='bbox 1029 3736 1182 3785; x_wconf 83' lang='lat' dir='ltr'><strong>vates</strong></span> <span class='ocrx_word' id='word_1_208' title='bbox 1207 3748 1362 3785; x_wconf 83' lang='lat' dir='ltr'><strong>sacer</strong></span> <span class='ocrx_word' id='word_1_209' title='bbox 1387 3736 1444 3784; x_wconf 88' lang='lat' dir='ltr'><strong>et</strong></span> <span class='ocrx_word' id='word_1_210' title='bbox 1471 3730 1591 3781; x_wconf 85' lang='lat' dir='ltr'><strong>Mu-</strong></span> 
     </span>
     <span class='ocr_line' id='line_1_41' title="bbox 445 3800 1592 3871; baseline -0.003 -15"><span class='ocrx_word' id='word_1_211' title='bbox 445 3803 520 3856; x_wconf 77' lang='lat' dir='ltr'><strong>sis</strong></span> <span class='ocrx_word' id='word_1_212' title='bbox 558 3803 794 3869; x_wconf 83' lang='lat' dir='ltr'><strong>amicus3</strong></span> <span class='ocrx_word' id='word_1_213' title='bbox 833 3802 902 3856; x_wconf 81' lang='lat' dir='ltr'><strong>cf.</strong></span> <span class='ocrx_word' id='word_1_214' title='bbox 931 3803 1114 3857; x_wconf 84' lang='lat' dir='ltr'><strong>Carm.</strong></span> <span class='ocrx_word' id='word_1_215' title='bbox 1150 3803 1243 3868; x_wconf 85' lang='lat' dir='ltr'><strong>lv,</strong></span> <span class='ocrx_word' id='word_1_216' title='bbox 1282 3806 1334 3871; x_wconf 86' lang='lat'><strong>6,</strong></span> <span class='ocrx_word' id='word_1_217' title='bbox 1371 3805 1456 3854; x_wconf 76' lang='lat'><strong>44.</strong></span> <span class='ocrx_word' id='word_1_218' title='bbox 1495 3800 1592 3855; x_wconf 90' lang='lat' dir='ltr'><strong>Ce-</strong></span> 
     </span>
     <span class='ocr_line' id='line_1_42' title="bbox 439 3873 1590 3930; baseline -0.003 -1"><span class='ocrx_word' id='word_1_219' title='bbox 439 3880 624 3930; x_wconf 87' lang='lat' dir='ltr'><strong>terum</strong></span> <span class='ocrx_word' id='word_1_220' title='bbox 674 3874 812 3928; x_wconf 82' lang='lat' dir='ltr'><strong>haec</strong></span> <span class='ocrx_word' id='word_1_221' title='bbox 853 3874 1133 3928; x_wconf 83' lang='lat' dir='ltr'><strong>tristicula</strong></span> <span class='ocrx_word' id='word_1_222' title='bbox 1177 3873 1455 3928; x_wconf 87' lang='lat' dir='ltr'><strong>sententia</strong></span> <span class='ocrx_word' id='word_1_223' title='bbox 1501 3888 1590 3925; x_wconf 88' lang='lat' dir='ltr'><strong>ve-</strong></span> 
     </span>
     <span class='ocr_line' id='line_1_43' title="bbox 441 3942 1591 4013; baseline -0.005 -12"><span class='ocrx_word' id='word_1_224' title='bbox 441 3952 564 4002; x_wconf 86' lang='lat' dir='ltr'><strong>tare</strong></span> <span class='ocrx_word' id='word_1_225' title='bbox 602 3946 847 4013; x_wconf 78' lang='lat' dir='ltr'><strong>videtur,</strong></span> <span class='ocrx_word' id='word_1_226' title='bbox 885 3962 956 3999; x_wconf 91' lang='lat' dir='ltr'><strong>ne</strong></span> <span class='ocrx_word' id='word_1_227' title='bbox 991 3962 1215 4000; x_wconf 87' lang='lat' dir='ltr'><strong>carmen</strong></span> <span class='ocrx_word' id='word_1_228' title='bbox 1252 3962 1380 3999; x_wconf 90' lang='lat' dir='ltr'><strong>cum</strong></span> <span class='ocrx_word' id='word_1_229' title='bbox 1405 3942 1591 3999; x_wconf 90' lang='lat' dir='ltr'><strong>Peerl-</strong></span> 
     </span>
     <span class='ocr_line' id='line_1_44' title="bbox 439 4016 1589 4087; baseline -0.003 -14"><span class='ocrx_word' id='word_1_230' title='bbox 439 4018 626 4087; x_wconf 85' lang='lat' dir='ltr'><strong>kamp.</strong></span> <span class='ocrx_word' id='word_1_231' title='bbox 671 4018 786 4071; x_wconf 85' lang='lat' dir='ltr'><strong>iam</strong></span> <span class='ocrx_word' id='word_1_232' title='bbox 835 4034 883 4071; x_wconf 87' lang='lat' dir='ltr'><strong>a.</strong></span> <span class='ocrx_word' id='word_1_233' title='bbox 925 4017 1028 4069; x_wconf 86' lang='lat'><strong>714</strong></span> <span class='ocrx_word' id='word_1_234' title='bbox 1068 4017 1152 4071; x_wconf 86' lang='lat' dir='ltr'><strong>vel</strong></span> <span class='ocrx_word' id='word_1_235' title='bbox 1203 4034 1328 4072; x_wconf 90' lang='lat' dir='ltr'><strong>cum</strong></span> <span class='ocrx_word' id='word_1_236' title='bbox 1366 4016 1589 4071; x_wconf 89' lang='lat' dir='ltr'><strong>Rittero</strong></span> 
     </span>
     <span class='ocr_line' id='line_1_45' title="bbox 443 4089 1162 4158; baseline -0.001 -14"><span class='ocrx_word' id='word_1_237' title='bbox 443 4108 492 4145; x_wconf 87' lang='lat' dir='ltr'><strong>a.</strong></span> <span class='ocrx_word' id='word_1_238' title='bbox 529 4090 637 4144; x_wconf 80' lang='lat'><strong>718</strong></span> <span class='ocrx_word' id='word_1_239' title='bbox 675 4089 946 4157; x_wconf 85' lang='lat' dir='ltr'><strong>scriptum</strong></span> <span class='ocrx_word' id='word_1_240' title='bbox 981 4095 1162 4158; x_wconf 89' lang='lat' dir='ltr'><strong>putes.</strong></span> 
     </span>
    </p>
   </div>
   <div class='ocr_carea' id='block_1_11' title="bbox 797 4202 1227 4257">
    <p class='ocr_par' dir='ltr' id='par_1_11' title="bbox 797 4202 1227 4257">
     <span class='ocr_line' id='line_1_46' title="bbox 797 4202 1227 4257; baseline -0.002 -1"><span class='ocrx_word' id='word_1_241' title='bbox 797 4202 1071 4257; x_wconf 77' lang='lat' dir='ltr'><strong>Carmen</strong></span> <span class='ocrx_word' id='word_1_242' title='bbox 1106 4202 1227 4255; x_wconf 87' lang='lat' dir='ltr'><strong>VH.</strong></span> 
     </span>
    </p>
   </div>
   <div class='ocr_carea' id='block_1_12' title="bbox 443 4297 1591 4579">
    <p class='ocr_par' dir='ltr' id='par_1_12' title="bbox 443 4297 1591 4579">
     <span class='ocr_line' id='line_1_47' title="bbox 515 4297 1586 4368; baseline 0.002 -18"><span class='ocrx_word' id='word_1_243' title='bbox 515 4297 816 4368; x_wconf 75' lang='lat' dir='ltr'><strong>Pompeius</strong></span> <span class='ocrx_word' id='word_1_244' title='bbox 831 4298 1024 4365; x_wconf 76' lang='lat' dir='ltr'><strong>Varus,</strong></span> <span class='ocrx_word' id='word_1_245' title='bbox 1043 4299 1178 4352; x_wconf 89' lang='lat' dir='ltr'><strong>olim</strong></span> <span class='ocrx_word' id='word_1_246' title='bbox 1197 4298 1420 4353; x_wconf 86' lang='lat' dir='ltr'><strong>Horatii</strong></span> <span class='ocrx_word' id='word_1_247' title='bbox 1441 4316 1586 4354; x_wconf 92' lang='lat' dir='ltr'><strong>com-</strong></span> 
     </span>
     <span class='ocr_line' id='line_1_48' title="bbox 443 4367 1589 4437; baseline 0.005 -18"><span class='ocrx_word' id='word_1_248' title='bbox 443 4367 646 4433; x_wconf 78' lang='lat' dir='ltr'><strong>milito,</strong></span> <span class='ocrx_word' id='word_1_249' title='bbox 695 4386 933 4437; x_wconf 89' lang='lat' dir='ltr'><strong>quocum</strong></span> <span class='ocrx_word' id='word_1_250' title='bbox 983 4371 1310 4424; x_wconf 85' lang='lat' dir='ltr'><strong>coniunctus</strong></span> <span class='ocrx_word' id='word_1_251' title='bbox 1347 4375 1404 4424; x_wconf 90' lang='lat' dir='ltr'><strong>et</strong></span> <span class='ocrx_word' id='word_1_252' title='bbox 1439 4372 1589 4425; x_wconf 88' lang='lat' dir='ltr'><strong>mala</strong></span> 
     </span>
     <span class='ocr_line' id='line_1_49' title="bbox 445 4438 1591 4510; baseline 0.005 -20"><span class='ocrx_word' id='word_1_253' title='bbox 445 4442 503 4490; x_wconf 88' lang='lat' dir='ltr'><strong>et</strong></span> <span class='ocrx_word' id='word_1_254' title='bbox 558 4438 706 4493; x_wconf 89' lang='lat' dir='ltr'><strong>bona</strong></span> <span class='ocrx_word' id='word_1_255' title='bbox 759 4442 1074 4494; x_wconf 89' lang='lat' dir='ltr'><strong>communia</strong></span> <span class='ocrx_word' id='word_1_256' title='bbox 1117 4440 1414 4508; x_wconf 86' lang='lat' dir='ltr'><strong>habuerat,</strong></span> <span class='ocrx_word' id='word_1_257' title='bbox 1459 4446 1591 4510; x_wconf 88' lang='lat' dir='ltr'><strong>post</strong></span> 
     </span>
     <span class='ocr_line' id='line_1_50' title="bbox 449 4507 1591 4579; baseline 0.003 -16"><span class='ocrx_word' id='word_1_258' title='bbox 449 4507 666 4563; x_wconf 79' lang='lat' dir='ltr'><strong>cladem</strong></span> <span class='ocrx_word' id='word_1_259' title='bbox 717 4509 1130 4578; x_wconf 85' lang='lat' dir='ltr'><strong>Philippensem</strong></span> <span class='ocrx_word' id='word_1_260' title='bbox 1195 4512 1364 4565; x_wconf 88' lang='lat' dir='ltr'><strong>aliam</strong></span> <span class='ocrx_word' id='word_1_261' title='bbox 1420 4518 1591 4579; x_wconf 88' lang='lat' dir='ltr'><strong>atque</strong></span> 
     </span>
    </p>
   </div>
   <div class='ocr_carea' id='block_1_13' title="bbox 1700 1797 2859 2085">
    <p class='ocr_par' dir='ltr' id='par_1_13' title="bbox 1700 1797 2859 2085">
     <span class='ocr_line' id='line_1_51' title="bbox 1702 1797 2859 1866; baseline 0.002 -15"><span class='ocrx_word' id='word_1_262' title='bbox 1702 1814 1825 1851; x_wconf 86' lang='lat' dir='ltr'><strong>eam</strong></span> <span class='ocrx_word' id='word_1_263' title='bbox 1862 1814 2031 1866; x_wconf 87' lang='lat' dir='ltr'><strong>quam</strong></span> <span class='ocrx_word' id='word_1_264' title='bbox 2056 1797 2325 1853; x_wconf 81' lang='lat' dir='ltr'><strong>Horatius</strong></span> <span class='ocrx_word' id='word_1_265' title='bbox 2362 1799 2571 1853; x_wconf 84' lang='lat' dir='ltr'><strong>inierat</strong></span> <span class='ocrx_word' id='word_1_266' title='bbox 2596 1800 2753 1854; x_wconf 82' lang='lat' dir='ltr'><strong>viam</strong></span> <span class='ocrx_word' id='word_1_267' title='bbox 2776 1800 2859 1853; x_wconf 90' lang='lat' dir='ltr'><strong>in-</strong></span> 
     </span>
     <span class='ocr_line' id='line_1_52' title="bbox 1700 1870 2859 1939; baseline 0.003 -18"><span class='ocrx_word' id='word_1_268' title='bbox 1700 1885 1920 1938; x_wconf 84' lang='lat' dir='ltr'><strong>gressus</strong></span> <span class='ocrx_word' id='word_1_269' title='bbox 1960 1886 2085 1923; x_wconf 86' lang='lat' dir='ltr'><strong>eum</strong></span> <span class='ocrx_word' id='word_1_270' title='bbox 2112 1870 2281 1925; x_wconf 82' lang='lat' dir='ltr'><strong>Sexto</strong></span> <span class='ocrx_word' id='word_1_271' title='bbox 2307 1870 2592 1939; x_wconf 90' lang='lat' dir='ltr'><strong>Pompeio,</strong></span> <span class='ocrx_word' id='word_1_272' title='bbox 2633 1876 2703 1924; x_wconf 87' lang='lat' dir='ltr'><strong>ut</strong></span> <span class='ocrx_word' id='word_1_273' title='bbox 2738 1872 2859 1925; x_wconf 83' lang='lat' dir='ltr'><strong>veri</strong></span> 
     </span>
     <span class='ocr_line' id='line_1_53' title="bbox 1700 1940 2855 2007; baseline 0.002 -14"><span class='ocrx_word' id='word_1_274' title='bbox 1700 1940 1883 1994; x_wconf 87' lang='lat' dir='ltr'><strong>simile</strong></span> <span class='ocrx_word' id='word_1_275' title='bbox 1946 1945 2059 2007; x_wconf 84' lang='lat' dir='ltr'><strong>est,</strong></span> <span class='ocrx_word' id='word_1_276' title='bbox 2126 1943 2337 1996; x_wconf 90' lang='lat' dir='ltr'><strong>bellum</strong></span> <span class='ocrx_word' id='word_1_277' title='bbox 2408 1943 2855 1997; x_wconf 77' lang='lat' dir='ltr'><strong>continuaverat.</strong></span> 
     </span>
     <span class='ocr_line' id='line_1_54' title="bbox 1700 2010 2857 2085; baseline 0.003 -21"><span class='ocrx_word' id='word_1_278' title='bbox 1700 2010 1821 2065; x_wconf 89' lang='lat' dir='ltr'><strong>Hoc</strong></span> <span class='ocrx_word' id='word_1_279' title='bbox 1860 2017 2082 2066; x_wconf 88' lang='lat' dir='ltr'><strong>mortuo</strong></span> <span class='ocrx_word' id='word_1_280' title='bbox 2134 2018 2201 2077; x_wconf 87' lang='lat' dir='ltr'><strong>(a.</strong></span> <span class='ocrx_word' id='word_1_281' title='bbox 2242 2012 2371 2081; x_wconf 86' lang='lat'>719)</span> <span class='ocrx_word' id='word_1_282' title='bbox 2406 2014 2721 2067; x_wconf 84' lang='lat' dir='ltr'><strong>Antonium</strong></span> <span class='ocrx_word' id='word_1_283' title='bbox 2758 2032 2857 2085; x_wconf 89' lang='lat' dir='ltr'><strong>po·</strong></span> 
     </span>
    </p>
   </div>
   <div class='ocr_carea' id='block_1_14' title="bbox 1698 2082 2977 2151">
    <p class='ocr_par' dir='ltr' id='par_1_14' title="bbox 1698 2082 2977 2151">
     <span class='ocr_line' id='line_1_55' title="bbox 1698 2082 2977 2151; baseline 0.005 -17"><span class='ocrx_word' id='word_1_284' title='bbox 1698 2082 1810 2135; x_wconf 88' lang='lat' dir='ltr'><strong>tius</strong></span> <span class='ocrx_word' id='word_1_285' title='bbox 1847 2100 2015 2151; x_wconf 89' lang='lat' dir='ltr'><strong>quam</strong></span> <span class='ocrx_word' id='word_1_286' title='bbox 2065 2084 2435 2139; x_wconf 83' lang='lat' dir='ltr'><strong>Octavianum</strong></span> <span class='ocrx_word' id='word_1_287' title='bbox 2481 2090 2707 2141; x_wconf 88' lang='lat' dir='ltr'><strong>secutus</strong></span> <span class='ocrx_word' id='word_1_288' title='bbox 2754 2086 2857 2140; x_wconf 85' lang='lat' dir='ltr'><strong>ite·</strong></span> <span class='ocrx_word' id='word_1_289' title='bbox 2962 2084 2977 2099; x_wconf 87' lang='lat'><em>&#39;</em></span> 
     </span>
    </p>
   </div>
   <div class='ocr_carea' id='block_1_15' title="bbox 1685 2156 2855 4583">
    <p class='ocr_par' dir='ltr' id='par_1_15' title="bbox 1690 2156 2855 3512">
     <span class='ocr_line' id='line_1_56' title="bbox 1697 2156 2855 2227; baseline 0.003 -21"><span class='ocrx_word' id='word_1_290' title='bbox 1697 2171 1823 2207; x_wconf 89' lang='lat' dir='ltr'><strong>rum</strong></span> <span class='ocrx_word' id='word_1_291' title='bbox 1851 2156 2142 2210; x_wconf 86' lang='lat' dir='ltr'><strong>adversam</strong></span> <span class='ocrx_word' id='word_1_292' title='bbox 2176 2156 2312 2211; x_wconf 87' lang='lat' dir='ltr'><strong>belli</strong></span> <span class='ocrx_word' id='word_1_293' title='bbox 2338 2156 2627 2210; x_wconf 82' lang='lat' dir='ltr'><strong>fortunam</strong></span> <span class='ocrx_word' id='word_1_294' title='bbox 2660 2174 2855 2227; x_wconf 84' lang='lat' dir='ltr'><strong>exper-</strong></span> 
     </span>
     <span class='ocr_line' id='line_1_57' title="bbox 1699 2226 2855 2287; baseline 0.005 -10"><span class='ocrx_word' id='word_1_295' title='bbox 1699 2232 1791 2278; x_wconf 91' lang='lat' dir='ltr'><strong>tus</strong></span> <span class='ocrx_word' id='word_1_296' title='bbox 1828 2243 1945 2281; x_wconf 89' lang='lat' dir='ltr'><strong>esse</strong></span> <span class='ocrx_word' id='word_1_297' title='bbox 1991 2226 2233 2283; x_wconf 84' lang='lat' dir='ltr'><strong>videtur.</strong></span> <span class='ocrx_word' id='word_1_298' title='bbox 2292 2227 2437 2282; x_wconf 88' lang='lat' dir='ltr'><strong>Tum</strong></span> <span class='ocrx_word' id='word_1_299' title='bbox 2478 2228 2723 2287; x_wconf 82' lang='lat' dir='ltr'><strong>demum,</strong></span> <span class='ocrx_word' id='word_1_300' title='bbox 2760 2246 2855 2283; x_wconf 87' lang='lat' dir='ltr'><strong>ne-</strong></span> 
     </span>
     <span class='ocr_line' id='line_1_58' title="bbox 1698 2298 2855 2366; baseline 0.003 -16"><span class='ocrx_word' id='word_1_301' title='bbox 1698 2298 1899 2351; x_wconf 87' lang='lat' dir='ltr'><strong>scimus</strong></span> <span class='ocrx_word' id='word_1_302' title='bbox 1966 2316 2077 2366; x_wconf 91' lang='lat' dir='ltr'><strong>quo</strong></span> <span class='ocrx_word' id='word_1_303' title='bbox 2149 2300 2557 2359; x_wconf 72' lang='lat' dir='ltr'><strong>intercedente,</strong></span> <span class='ocrx_word' id='word_1_304' title='bbox 2614 2299 2855 2353; x_wconf 85' lang='lat' dir='ltr'><strong>Romam</strong></span> 
     </span>
     <span class='ocr_line' id='line_1_59' title="bbox 1698 2370 2855 2425; baseline 0.003 -4"><span class='ocrx_word' id='word_1_305' title='bbox 1698 2386 1953 2423; x_wconf 83' lang='lat' dir='ltr'><strong>reversus</strong></span> <span class='ocrx_word' id='word_1_306' title='bbox 1991 2370 2372 2425; x_wconf 88' lang='lat' dir='ltr'><strong>dulcissimum</strong></span> <span class='ocrx_word' id='word_1_307' title='bbox 2406 2372 2645 2425; x_wconf 87' lang='lat' dir='ltr'><strong>amicum</strong></span> <span class='ocrx_word' id='word_1_308' title='bbox 2671 2372 2855 2425; x_wconf 85' lang='lat' dir='ltr'><strong>Hora·</strong></span> 
     </span>
     <span class='ocr_line' id='line_1_60' title="bbox 1698 2440 2855 2509; baseline 0.003 -16"><span class='ocrx_word' id='word_1_309' title='bbox 1698 2440 1843 2493; x_wconf 88' lang='lat' dir='ltr'><strong>tium</strong></span> <span class='ocrx_word' id='word_1_310' title='bbox 1874 2440 2232 2509; x_wconf 88' lang='lat' dir='ltr'><strong>reciperavit.</strong></span> <span class='ocrx_word' id='word_1_311' title='bbox 2266 2442 2375 2497; x_wconf 89' lang='lat' dir='ltr'><strong>Hic</strong></span> <span class='ocrx_word' id='word_1_312' title='bbox 2411 2442 2565 2497; x_wconf 84' lang='lat' dir='ltr'><strong>felici</strong></span> <span class='ocrx_word' id='word_1_313' title='bbox 2588 2443 2671 2497; x_wconf 88' lang='lat' dir='ltr'><strong>rei</strong></span> <span class='ocrx_word' id='word_1_314' title='bbox 2698 2444 2855 2497; x_wconf 83' lang='lat' dir='ltr'><strong>exitu</strong></span> 
     </span>
     <span class='ocr_line' id='line_1_61' title="bbox 1700 2512 2853 2568; baseline 0.003 -4"><span class='ocrx_word' id='word_1_315' title='bbox 1700 2512 1940 2565; x_wconf 87' lang='lat' dir='ltr'><strong>laetatus</strong></span> <span class='ocrx_word' id='word_1_316' title='bbox 1979 2512 2263 2568; x_wconf 85' lang='lat' dir='ltr'><strong>amicitiae</strong></span> <span class='ocrx_word' id='word_1_317' title='bbox 2298 2514 2634 2568; x_wconf 86' lang='lat' dir='ltr'><strong>tenerrimos</strong></span> <span class='ocrx_word' id='word_1_318' title='bbox 2662 2532 2853 2568; x_wconf 85' lang='lat' dir='ltr'><strong>sensus</strong></span> 
     </span>
     <span class='ocr_line' id='line_1_62' title="bbox 1699 2583 2853 2654; baseline 0.002 -17"><span class='ocrx_word' id='word_1_319' title='bbox 1699 2583 1805 2637; x_wconf 87' lang='lat' dir='ltr'><strong>hoc</strong></span> <span class='ocrx_word' id='word_1_320' title='bbox 1842 2584 2089 2639; x_wconf 87' lang='lat' dir='ltr'><strong>carmine</strong></span> <span class='ocrx_word' id='word_1_321' title='bbox 2125 2584 2336 2654; x_wconf 87' lang='lat' dir='ltr'><strong>prodit.</strong></span> <span class='ocrx_word' id='word_1_322' title='bbox 2402 2585 2592 2641; x_wconf 86' lang='lat' dir='ltr'><strong>Habet</strong></span> <span class='ocrx_word' id='word_1_323' title='bbox 2628 2603 2853 2640; x_wconf 83' lang='lat' dir='ltr'><strong>carmen</strong></span> 
     </span>
     <span class='ocr_line' id='line_1_63' title="bbox 1692 2656 2853 2727; baseline 0.003 -20"><span class='ocrx_word' id='word_1_324' title='bbox 1692 2660 1904 2723; x_wconf 81' lang='lat' dir='ltr'><strong>septem</strong></span> <span class='ocrx_word' id='word_1_325' title='bbox 1941 2656 2220 2725; x_wconf 81' lang='lat' dir='ltr'><strong>strophas,</strong></span> <span class='ocrx_word' id='word_1_326' title='bbox 2257 2674 2325 2711; x_wconf 84' lang='lat' dir='ltr'><strong>ex</strong></span> <span class='ocrx_word' id='word_1_327' title='bbox 2360 2658 2565 2724; x_wconf 90' lang='lat' dir='ltr'><strong>quibus</strong></span> <span class='ocrx_word' id='word_1_328' title='bbox 2598 2663 2713 2711; x_wconf 82' lang='lat' dir='ltr'><strong>tres</strong></span> <span class='ocrx_word' id='word_1_329' title='bbox 2736 2658 2853 2727; x_wconf 89' lang='lat' dir='ltr'><strong>pri·</strong></span> 
     </span>
     <span class='ocr_line' id='line_1_64' title="bbox 1692 2727 2851 2783; baseline 0.002 -4"><span class='ocrx_word' id='word_1_330' title='bbox 1692 2743 1815 2779; x_wconf 87' lang='lat' dir='ltr'><strong>mae</strong></span> <span class='ocrx_word' id='word_1_331' title='bbox 1863 2727 2167 2783; x_wconf 85' lang='lat' dir='ltr'><strong>amicorum</strong></span> <span class='ocrx_word' id='word_1_332' title='bbox 2224 2728 2283 2781; x_wconf 88' lang='lat' dir='ltr'><strong>in</strong></span> <span class='ocrx_word' id='word_1_333' title='bbox 2344 2730 2543 2783; x_wconf 89' lang='lat' dir='ltr'><strong>castris</strong></span> <span class='ocrx_word' id='word_1_334' title='bbox 2600 2734 2659 2782; x_wconf 89' lang='lat' dir='ltr'><strong>et</strong></span> <span class='ocrx_word' id='word_1_335' title='bbox 2700 2729 2851 2783; x_wconf 90' lang='lat' dir='ltr'><strong>bello</strong></span> 
     </span>
     <span class='ocr_line' id='line_1_65' title="bbox 1692 2798 2850 2867; baseline 0.003 -16"><span class='ocrx_word' id='word_1_336' title='bbox 1692 2798 2046 2852; x_wconf 88' lang='lat' dir='ltr'><strong>coniunctam</strong></span> <span class='ocrx_word' id='word_1_337' title='bbox 2086 2802 2264 2855; x_wconf 83' lang='lat' dir='ltr'><strong>vitam</strong></span> <span class='ocrx_word' id='word_1_338' title='bbox 2306 2806 2363 2853; x_wconf 88' lang='lat' dir='ltr'><strong>et</strong></span> <span class='ocrx_word' id='word_1_339' title='bbox 2400 2799 2709 2867; x_wconf 80' lang='lat' dir='ltr'><strong>fortunam,</strong></span> <span class='ocrx_word' id='word_1_340' title='bbox 2737 2818 2850 2854; x_wconf 87' lang='lat' dir='ltr'><strong>me·</strong></span> 
     </span>
     <span class='ocr_line' id='line_1_66' title="bbox 1692 2869 2847 2941; baseline 0.003 -19"><span class='ocrx_word' id='word_1_341' title='bbox 1692 2869 1787 2923; x_wconf 84' lang='lat' dir='ltr'><strong>dia</strong></span> <span class='ocrx_word' id='word_1_342' title='bbox 1837 2877 2041 2938; x_wconf 87' lang='lat' dir='ltr'><strong>quarta</strong></span> <span class='ocrx_word' id='word_1_343' title='bbox 2091 2877 2219 2941; x_wconf 88' lang='lat' dir='ltr'><strong>post</strong></span> <span class='ocrx_word' id='word_1_344' title='bbox 2274 2872 2490 2926; x_wconf 84' lang='lat' dir='ltr'><strong>cladem</strong></span> <span class='ocrx_word' id='word_1_345' title='bbox 2550 2872 2847 2927; x_wconf 87' lang='lat' dir='ltr'><strong>seiunctio·</strong></span> 
     </span>
     <span class='ocr_line' id='line_1_67' title="bbox 1692 2941 2849 3013; baseline 0.003 -20"><span class='ocrx_word' id='word_1_346' title='bbox 1692 2958 1819 2995; x_wconf 90' lang='lat' dir='ltr'><strong>nem</strong></span> <span class='ocrx_word' id='word_1_347' title='bbox 1858 2946 1915 2995; x_wconf 89' lang='lat' dir='ltr'><strong>et</strong></span> <span class='ocrx_word' id='word_1_348' title='bbox 1951 2941 2174 2999; x_wconf 82' lang='lat' dir='ltr'><strong>diversa</strong></span> <span class='ocrx_word' id='word_1_349' title='bbox 2199 2944 2422 3009; x_wconf 86' lang='lat' dir='ltr'><strong>itinera,</strong></span> <span class='ocrx_word' id='word_1_350' title='bbox 2445 2943 2703 3013; x_wconf 88' lang='lat' dir='ltr'><strong>reliquae</strong></span> <span class='ocrx_word' id='word_1_351' title='bbox 2735 2952 2849 2997; x_wconf 87' lang='lat' dir='ltr'><strong>tres</strong></span> 
     </span>
     <span class='ocr_line' id='line_1_68' title="bbox 1691 3014 2849 3081; baseline 0.002 -16"><span class='ocrx_word' id='word_1_352' title='bbox 1691 3016 1819 3081; x_wconf 86' lang='lat' dir='ltr'><strong>post</strong></span> <span class='ocrx_word' id='word_1_353' title='bbox 1864 3014 2271 3069; x_wconf 88' lang='lat' dir='ltr'><strong>seiunctionem</strong></span> <span class='ocrx_word' id='word_1_354' title='bbox 2332 3014 2575 3069; x_wconf 87' lang='lat' dir='ltr'><strong>alteram</strong></span> <span class='ocrx_word' id='word_1_355' title='bbox 2623 3016 2849 3069; x_wconf 87' lang='lat' dir='ltr'><strong>coniun-</strong></span> 
     </span>
     <span class='ocr_line' id='line_1_69' title="bbox 1692 3084 2849 3155; baseline 0.003 -19"><span class='ocrx_word' id='word_1_356' title='bbox 1692 3084 1933 3138; x_wconf 89' lang='lat' dir='ltr'><strong>ctionem</strong></span> <span class='ocrx_word' id='word_1_357' title='bbox 1965 3086 2195 3155; x_wconf 87' lang='lat' dir='ltr'><strong>eiusque</strong></span> <span class='ocrx_word' id='word_1_358' title='bbox 2229 3086 2509 3140; x_wconf 85' lang='lat' dir='ltr'><strong>laetitiam</strong></span> <span class='ocrx_word' id='word_1_359' title='bbox 2546 3088 2693 3141; x_wconf 85' lang='lat' dir='ltr'><strong>mira</strong></span> <span class='ocrx_word' id='word_1_360' title='bbox 2724 3092 2849 3140; x_wconf 84' lang='lat' dir='ltr'><strong>arte</strong></span> 
     </span>
     <span class='ocr_line' id='line_1_70' title="bbox 1691 3155 2847 3227; baseline 0.003 -19"><span class='ocrx_word' id='word_1_361' title='bbox 1691 3159 1749 3208; x_wconf 90' lang='lat' dir='ltr'><strong>et</strong></span> <span class='ocrx_word' id='word_1_362' title='bbox 1804 3155 2097 3211; x_wconf 87' lang='lat' dir='ltr'><strong>dulcedine</strong></span> <span class='ocrx_word' id='word_1_363' title='bbox 2146 3156 2491 3211; x_wconf 84' lang='lat' dir='ltr'><strong>describunt.</strong></span> <span class='ocrx_word' id='word_1_364' title='bbox 2568 3158 2847 3227; x_wconf 77' lang='lat' dir='ltr'><strong>Scriptum</strong></span> 
     </span>
     <span class='ocr_line' id='line_1_71' title="bbox 1690 3230 2847 3298; baseline 0.002 -18"><span class='ocrx_word' id='word_1_365' title='bbox 1690 3230 1877 3281; x_wconf 88' lang='lat' dir='ltr'><strong>autem</strong></span> <span class='ocrx_word' id='word_1_366' title='bbox 1914 3234 2000 3281; x_wconf 89' lang='lat' dir='ltr'><strong>est</strong></span> <span class='ocrx_word' id='word_1_367' title='bbox 2038 3246 2149 3283; x_wconf 88' lang='lat' dir='ltr'><strong>non</strong></span> <span class='ocrx_word' id='word_1_368' title='bbox 2176 3234 2308 3283; x_wconf 83' lang='lat' dir='ltr'><strong>ante</strong></span> <span class='ocrx_word' id='word_1_369' title='bbox 2339 3247 2389 3282; x_wconf 91' lang='lat' dir='ltr'><strong>a.</strong></span> <span class='ocrx_word' id='word_1_370' title='bbox 2416 3230 2541 3295; x_wconf 83' lang='lat'><strong>724,</strong></span> <span class='ocrx_word' id='word_1_371' title='bbox 2585 3231 2847 3298; x_wconf 86' lang='lat' dir='ltr'><strong>quoniam</strong></span> 
     </span>
     <span class='ocr_line' id='line_1_72' title="bbox 1690 3298 2843 3369; baseline 0.002 -18"><span class='ocrx_word' id='word_1_372' title='bbox 1690 3303 1749 3351; x_wconf 88' lang='lat' dir='ltr'><strong>et</strong></span> <span class='ocrx_word' id='word_1_373' title='bbox 1773 3298 2075 3368; x_wconf 90' lang='lat' dir='ltr'><strong>Pompeius</strong></span> <span class='ocrx_word' id='word_1_374' title='bbox 2115 3301 2281 3369; x_wconf 74' lang='lat' dir='ltr'><strong>lonya</strong></span> <span class='ocrx_word' id='word_1_375' title='bbox 2318 3300 2529 3355; x_wconf 88' lang='lat' dir='ltr'><strong>militia</strong></span> <span class='ocrx_word' id='word_1_376' title='bbox 2557 3301 2732 3356; x_wconf 84' lang='lat' dir='ltr'><strong>fessus</strong></span> <span class='ocrx_word' id='word_1_377' title='bbox 2762 3300 2843 3353; x_wconf 90' lang='lat' dir='ltr'><strong>di-</strong></span> 
     </span>
     <span class='ocr_line' id='line_1_73' title="bbox 1692 3369 2847 3427; baseline 0.001 -4"><span class='ocrx_word' id='word_1_378' title='bbox 1692 3369 1838 3423; x_wconf 89' lang='lat' dir='ltr'><strong>citur</strong></span> <span class='ocrx_word' id='word_1_379' title='bbox 1877 3375 1935 3424; x_wconf 90' lang='lat' dir='ltr'><strong>et</strong></span> <span class='ocrx_word' id='word_1_380' title='bbox 1984 3370 2285 3425; x_wconf 87' lang='lat' dir='ltr'><strong>Horatium</strong></span> <span class='ocrx_word' id='word_1_381' title='bbox 2334 3371 2603 3427; x_wconf 86' lang='lat' dir='ltr'><strong>Sabinam</strong></span> <span class='ocrx_word' id='word_1_382' title='bbox 2654 3372 2847 3425; x_wconf 72' lang='lat' dir='ltr'><strong>villam</strong></span> 
     </span>
     <span class='ocr_line' id='line_1_74' title="bbox 1690 3440 2816 3512; baseline 0.003 -19"><span class='ocrx_word' id='word_1_383' title='bbox 1690 3440 1767 3509; x_wconf 84' lang='lat' dir='ltr'><strong>(v.</strong></span> <span class='ocrx_word' id='word_1_384' title='bbox 1811 3442 1895 3510; x_wconf 82' lang='lat'><strong>19)</strong></span> <span class='ocrx_word' id='word_1_385' title='bbox 1933 3442 2045 3495; x_wconf 90' lang='lat' dir='ltr'><strong>iam</strong></span> <span class='ocrx_word' id='word_1_386' title='bbox 2084 3442 2343 3497; x_wconf 88' lang='lat' dir='ltr'><strong>habuisse</strong></span> <span class='ocrx_word' id='word_1_387' title='bbox 2380 3443 2679 3512; x_wconf 88' lang='lat' dir='ltr'><strong>probabile</strong></span> <span class='ocrx_word' id='word_1_388' title='bbox 2713 3450 2816 3497; x_wconf 84' lang='lat' dir='ltr'><strong>est.</strong></span> 
     </span>
    </p>

    <p class='ocr_par' dir='ltr' id='par_1_16' title="bbox 1685 3512 2845 4583">
     <span class='ocr_line' id='line_1_75' title="bbox 1762 3512 2845 3585; baseline 0.002 -20"><span class='ocrx_word' id='word_1_389' title='bbox 1762 3512 1826 3565; x_wconf 89' lang='lat' dir='ltr'><strong>V.</strong></span> <span class='ocrx_word' id='word_1_390' title='bbox 1871 3516 1895 3565; x_wconf 88' lang='lat'>1</span> <span class='ocrx_word' id='word_1_391' title='bbox 1937 3531 2055 3583; x_wconf 87' lang='lat' dir='ltr'><strong>sqq.</strong></span> <span class='ocrx_word' id='word_1_392' title='bbox 2094 3520 2304 3584; x_wconf 76' lang='lat' dir='ltr'><strong>tempus</strong></span> <span class='ocrx_word' id='word_1_393' title='bbox 2352 3515 2417 3568; x_wconf 73' lang='lat' dir='ltr'><strong>in</strong></span> <span class='ocrx_word' id='word_1_394' title='bbox 2460 3514 2735 3585; x_wconf 70' lang='lat' dir='ltr'><strong>ultimum]</strong></span> <span class='ocrx_word' id='word_1_395' title='bbox 2786 3515 2845 3567; x_wconf 87' lang='lat' dir='ltr'><strong>in</strong></span> 
     </span>
     <span class='ocr_line' id='line_1_76' title="bbox 1689 3586 2843 3657; baseline 0.001 -20"><span class='ocrx_word' id='word_1_396' title='bbox 1689 3589 1997 3639; x_wconf 86' lang='lat' dir='ltr'><strong>extremum</strong></span> <span class='ocrx_word' id='word_1_397' title='bbox 2036 3587 2365 3655; x_wconf 89' lang='lat' dir='ltr'><strong>periculum.</strong></span> <span class='ocrx_word' id='word_1_398' title='bbox 2419 3586 2711 3657; x_wconf 84' lang='lat' dir='ltr'><strong>Temporis</strong></span> <span class='ocrx_word' id='word_1_399' title='bbox 2744 3602 2843 3638; x_wconf 88' lang='lat' dir='ltr'><strong>no-</strong></span> 
     </span>
     <span class='ocr_line' id='line_1_77' title="bbox 1688 3658 2841 3714; baseline 0.001 -6"><span class='ocrx_word' id='word_1_400' title='bbox 1688 3673 1819 3709; x_wconf 89' lang='lat' dir='ltr'><strong>men</strong></span> <span class='ocrx_word' id='word_1_401' title='bbox 1854 3674 1965 3711; x_wconf 89' lang='lat' dir='ltr'><strong>non</strong></span> <span class='ocrx_word' id='word_1_402' title='bbox 2002 3658 2221 3712; x_wconf 89' lang='lat' dir='ltr'><strong>dierum</strong></span> <span class='ocrx_word' id='word_1_403' title='bbox 2258 3658 2440 3712; x_wconf 86' lang='lat' dir='ltr'><strong>solum</strong></span> <span class='ocrx_word' id='word_1_404' title='bbox 2476 3662 2537 3712; x_wconf 88' lang='lat' dir='ltr'><strong>et</strong></span> <span class='ocrx_word' id='word_1_405' title='bbox 2574 3674 2841 3714; x_wconf 85' lang='lat' dir='ltr'><strong>annorum</strong></span> 
     </span>
     <span class='ocr_line' id='line_1_78' title="bbox 1688 3728 2844 3798; baseline 0 -18"><span class='ocrx_word' id='word_1_406' title='bbox 1688 3728 1913 3785; x_wconf 86' lang='lat' dir='ltr'><strong>seriem.</strong></span> <span class='ocrx_word' id='word_1_407' title='bbox 1966 3730 2063 3783; x_wconf 88' lang='lat' dir='ltr'><strong>sed</strong></span> <span class='ocrx_word' id='word_1_408' title='bbox 2110 3746 2497 3798; x_wconf 83' lang='lat' dir='ltr'><strong>quaecumque</strong></span> <span class='ocrx_word' id='word_1_409' title='bbox 2547 3730 2734 3785; x_wconf 85' lang='lat' dir='ltr'><strong>diebus</strong></span> <span class='ocrx_word' id='word_1_410' title='bbox 2788 3732 2844 3781; x_wconf 88' lang='lat' dir='ltr'><strong>et</strong></span> 
     </span>
     <span class='ocr_line' id='line_1_79' title="bbox 1688 3799 2843 3872; baseline 0 -21"><span class='ocrx_word' id='word_1_411' title='bbox 1688 3799 1849 3852; x_wconf 81' lang='lat' dir='ltr'><strong>annis</strong></span> <span class='ocrx_word' id='word_1_412' title='bbox 1904 3804 2003 3854; x_wconf 88' lang='lat' dir='ltr'><strong>aut</strong></span> <span class='ocrx_word' id='word_1_413' title='bbox 2058 3800 2277 3872; x_wconf 85' lang='lat' dir='ltr'><strong>agenda</strong></span> <span class='ocrx_word' id='word_1_414' title='bbox 2333 3807 2467 3855; x_wconf 87' lang='lat' dir='ltr'><strong>sunt</strong></span> <span class='ocrx_word' id='word_1_415' title='bbox 2522 3800 2843 3855; x_wconf 84' lang='lat' dir='ltr'><strong>hominibus</strong></span> 
     </span>
     <span class='ocr_line' id='line_1_80' title="bbox 1688 3870 2843 3941; baseline -0.001 -18"><span class='ocrx_word' id='word_1_416' title='bbox 1688 3876 1787 3925; x_wconf 89' lang='lat' dir='ltr'><strong>aut</strong></span> <span class='ocrx_word' id='word_1_417' title='bbox 1819 3871 2087 3940; x_wconf 87' lang='lat' dir='ltr'><strong>patienda</strong></span> <span class='ocrx_word' id='word_1_418' title='bbox 2140 3872 2588 3941; x_wconf 87' lang='lat' dir='ltr'><strong>comprehendit.</strong></span> <span class='ocrx_word' id='word_1_419' title='bbox 2644 3870 2709 3927; x_wconf 85' lang='lat' dir='ltr'><strong>cf.</strong></span> <span class='ocrx_word' id='word_1_420' title='bbox 2748 3870 2843 3936; x_wconf 76' lang='lat' dir='ltr'><strong>IV,</strong></span> 
     </span>
     <span class='ocr_line' id='line_1_81' title="bbox 1687 3942 2843 4011; baseline 0.001 -17"><span class='ocrx_word' id='word_1_421' title='bbox 1687 3943 1737 4002; x_wconf 86' lang='lat'><strong>9.</strong></span> <span class='ocrx_word' id='word_1_422' title='bbox 1778 3945 1862 3995; x_wconf 82' lang='lat'><strong>36.</strong></span> <span class='ocrx_word' id='word_1_423' title='bbox 1900 3942 2082 4011; x_wconf 89' lang='lat' dir='ltr'><strong>Epist.</strong></span> <span class='ocrx_word' id='word_1_424' title='bbox 2121 3944 2196 4011; x_wconf 92' lang='lat'><strong>11,</strong></span> <span class='ocrx_word' id='word_1_425' title='bbox 2235 3946 2289 4011; x_wconf 82' lang='lat'><strong>2,</strong></span> <span class='ocrx_word' id='word_1_426' title='bbox 2328 3946 2415 3998; x_wconf 84' lang='lat'><strong>46.</strong></span> <span class='ocrx_word' id='word_1_427' title='bbox 2481 3944 2677 3999; x_wconf 89' lang='lat' dir='ltr'><strong>Verbis</strong></span> <span class='ocrx_word' id='word_1_428' title='bbox 2706 3960 2843 4010; x_wconf 83' lang='lat' dir='ltr'><strong>quo·</strong></span> 
     </span>
     <span class='ocr_line' id='line_1_82' title="bbox 1687 4013 2841 4070; baseline -0.002 -3"><span class='ocrx_word' id='word_1_429' title='bbox 1687 4014 1813 4068; x_wconf 88' lang='lat' dir='ltr'><strong>dam</strong></span> <span class='ocrx_word' id='word_1_430' title='bbox 1864 4013 2030 4068; x_wconf 91' lang='lat' dir='ltr'><strong>modo</strong></span> <span class='ocrx_word' id='word_1_431' title='bbox 2081 4014 2276 4069; x_wconf 91' lang='lat' dir='ltr'><strong>ludere</strong></span> <span class='ocrx_word' id='word_1_432' title='bbox 2310 4015 2541 4069; x_wconf 84' lang='lat' dir='ltr'><strong>videtur</strong></span> <span class='ocrx_word' id='word_1_433' title='bbox 2578 4014 2841 4070; x_wconf 80' lang='lat' dir='ltr'><strong>Horatius</strong></span> 
     </span>
     <span class='ocr_line' id='line_1_83' title="bbox 1686 4084 2839 4154; baseline -0.001 -15"><span class='ocrx_word' id='word_1_434' title='bbox 1686 4084 1909 4140; x_wconf 69' lang='lat' dir='ltr'><strong>deducte</strong></span> <span class='ocrx_word' id='word_1_435' title='bbox 1946 4116 2012 4125; x_wconf 89' lang='lat'><strong>—</strong></span> <span class='ocrx_word' id='word_1_436' title='bbox 2048 4085 2210 4154; x_wconf 52' lang='lat' dir='ltr'><strong>duem</strong></span> <span class='ocrx_word' id='word_1_437' title='bbox 2251 4087 2457 4141; x_wconf 88' lang='lat' dir='ltr'><strong>deinde</strong></span> <span class='ocrx_word' id='word_1_438' title='bbox 2482 4086 2729 4142; x_wconf 84' lang='lat' dir='ltr'><strong>consulto</strong></span> <span class='ocrx_word' id='word_1_439' title='bbox 2758 4085 2839 4139; x_wconf 87' lang='lat' dir='ltr'><strong>di-</strong></span> 
     </span>
     <span class='ocr_line' id='line_1_84' title="bbox 1686 4156 2841 4229; baseline -0.002 -18"><span class='ocrx_word' id='word_1_440' title='bbox 1686 4160 1839 4211; x_wconf 85' lang='lat' dir='ltr'><strong>ctum</strong></span> <span class='ocrx_word' id='word_1_441' title='bbox 1862 4156 1927 4209; x_wconf 76' lang='lat' dir='ltr'><strong>in</strong></span> <span class='ocrx_word' id='word_1_442' title='bbox 1964 4156 2285 4211; x_wconf 75' lang='lat' dir='ltr'><strong>ultimum</strong></span> <span class='ocrx_word' id='word_1_443' title='bbox 2320 4164 2551 4229; x_wconf 71' lang='lat' dir='ltr'><strong>tempus.</strong></span> <span class='ocrx_word' id='word_1_444' title='bbox 2593 4158 2841 4213; x_wconf 78' lang='lat' dir='ltr'><strong>Duxerat</strong></span> 
     </span>
     <span class='ocr_line' id='line_1_85' title="bbox 1686 4228 2839 4285; baseline -0.001 -3"><span class='ocrx_word' id='word_1_445' title='bbox 1686 4245 1779 4282; x_wconf 88' lang='lat' dir='ltr'><strong>eos</strong></span> <span class='ocrx_word' id='word_1_446' title='bbox 1822 4228 2029 4281; x_wconf 87' lang='lat' dir='ltr'><strong>Brutus</strong></span> <span class='ocrx_word' id='word_1_447' title='bbox 2082 4229 2143 4281; x_wconf 89' lang='lat' dir='ltr'><strong>in</strong></span> <span class='ocrx_word' id='word_1_448' title='bbox 2200 4229 2558 4285; x_wconf 85' lang='lat' dir='ltr'><strong>condiciones</strong></span> <span class='ocrx_word' id='word_1_449' title='bbox 2602 4235 2839 4284; x_wconf 78' lang='lat' dir='ltr'><strong>remotas</strong></span> 
     </span>
     <span class='ocr_line' id='line_1_86' title="bbox 1686 4300 2839 4371; baseline 0.001 -19"><span class='ocrx_word' id='word_1_450' title='bbox 1686 4318 1719 4353; x_wconf 87' lang='lat' dir='ltr'><strong>a</strong></span> <span class='ocrx_word' id='word_1_451' title='bbox 1754 4300 1942 4368; x_wconf 85' lang='lat' dir='ltr'><strong>patria</strong></span> <span class='ocrx_word' id='word_1_452' title='bbox 1992 4304 2049 4353; x_wconf 90' lang='lat' dir='ltr'><strong>et</strong></span> <span class='ocrx_word' id='word_1_453' title='bbox 2098 4300 2361 4368; x_wconf 84' lang='lat' dir='ltr'><strong>civitate3</strong></span> <span class='ocrx_word' id='word_1_454' title='bbox 2408 4302 2566 4357; x_wconf 88' lang='lat' dir='ltr'><strong>inde:</strong></span> <span class='ocrx_word' id='word_1_455' title='bbox 2616 4301 2733 4371; x_wconf 90' lang='lat' dir='ltr'><strong>quis</strong></span> <span class='ocrx_word' id='word_1_456' title='bbox 2782 4305 2839 4353; x_wconf 86' lang='lat' dir='ltr'><strong>te</strong></span> 
     </span>
     <span class='ocr_line' id='line_1_87' title="bbox 1685 4370 2836 4442; baseline 0 -19"><span class='ocrx_word' id='word_1_457' title='bbox 1685 4372 1981 4425; x_wconf 87' lang='lat' dir='ltr'><strong>redonavit</strong></span> <span class='ocrx_word' id='word_1_458' title='bbox 2004 4370 2313 4442; x_wconf 75' lang='lat' dir='ltr'><strong>Quiritem?</strong></span> <span class='ocrx_word' id='word_1_459' title='bbox 2350 4390 2496 4441; x_wconf 89' lang='lat' dir='ltr'><strong>quae</strong></span> <span class='ocrx_word' id='word_1_460' title='bbox 2532 4372 2693 4427; x_wconf 77' lang='lat' dir='ltr'><strong>verba</strong></span> <span class='ocrx_word' id='word_1_461' title='bbox 2730 4372 2836 4423; x_wconf 91' lang='lat' dir='ltr'><strong>mi·</strong></span> 
     </span>
     <span class='ocr_line' id='line_1_88' title="bbox 1686 4442 2835 4512; baseline -0.002 -16"><span class='ocrx_word' id='word_1_462' title='bbox 1686 4442 1865 4496; x_wconf 85' lang='lat' dir='ltr'><strong>rantis</strong></span> <span class='ocrx_word' id='word_1_463' title='bbox 1885 4446 2017 4496; x_wconf 89' lang='lat' dir='ltr'><strong>sunt</strong></span> <span class='ocrx_word' id='word_1_464' title='bbox 2038 4442 2107 4496; x_wconf 89' lang='lat' dir='ltr'><strong>de</strong></span> <span class='ocrx_word' id='word_1_465' title='bbox 2134 4442 2419 4512; x_wconf 85' lang='lat' dir='ltr'><strong>insperato</strong></span> <span class='ocrx_word' id='word_1_466' title='bbox 2449 4445 2613 4499; x_wconf 88' lang='lat' dir='ltr'><strong>amici</strong></span> <span class='ocrx_word' id='word_1_467' title='bbox 2636 4442 2835 4497; x_wconf 84' lang='lat' dir='ltr'><strong>reditu.</strong></span> 
     </span>
     <span class='ocr_line' id='line_1_89' title="bbox 1687 4513 2838 4583; baseline 0.002 -18"><span class='ocrx_word' id='word_1_468' title='bbox 1687 4541 1755 4551; x_wconf 98' lang='lat'><strong>—</strong></span> <span class='ocrx_word' id='word_1_469' title='bbox 1794 4513 2075 4583; x_wconf 76' lang='lat' dir='ltr'><strong>Quiritem]</strong></span> <span class='ocrx_word' id='word_1_470' title='bbox 2126 4514 2310 4583; x_wconf 82' lang='lat' dir='ltr'><strong>capite</strong></span> <span class='ocrx_word' id='word_1_471' title='bbox 2354 4532 2469 4569; x_wconf 89' lang='lat' dir='ltr'><strong>non</strong></span> <span class='ocrx_word' id='word_1_472' title='bbox 2516 4517 2623 4570; x_wconf 85' lang='lat' dir='ltr'><strong>iam</strong></span> <span class='ocrx_word' id='word_1_473' title='bbox 2664 4513 2838 4567; x_wconf 86' lang='lat' dir='ltr'><strong>demi—</strong></span> 
     </span>
    </p>
   </div>
  </div>
 </body>
</html>
