3092 5059
421 231 542 296 196

1389 224 1847 293 CARMINUM

814 414 1084 514 Tuque
1133 413 1434 498 testudo
1487 437 1855 490 resonare
1896 423 2189 510 septem

1017 537 1318 614 Callida
1366 539 1646 632 nervis,

765 719 789 758 a
823 685 983 762 Nec
1031 685 1316 786 loquax
1372 687 1555 762 olim
1610 711 1863 784 neque
1914 698 2135 784 grata
2186 711 2393 760 nunc
2442 697 2518 762 et

823 811 1156 886 Divitum
1216 812 1498 886 mensis
1543 823 1620 885 et
1670 811 1915 886 amica
1968 808 2299 907 templis,

824 937 964 1011 Dic
1015 937 1310 1030 modos,
1364 935 1585 1034 Lyde
1638 936 1916 1035 quibus
1971 934 2385 1012 obstinatas

1019 1060 1384 1158 Applicet
1425 1086 1670 1156 aures,

821 1211 1037 1303 Quae
1090 1210 1302 1287 velut
1350 1210 1528 1286 latis
1584 1236 1783 1310 equa
1832 1210 2061 1285 trima
2112 1209 2399 1307 campis

737 1367 785 1404 10
819 1337 1056 1414 Ludit
1107 1335 1466 1412 exsultim
1521 1336 1942 1434 metuitque
1995 1335 2211 1431 tangi

820 1462 1282 1560 Nuptiarum
1337 1487 1613 1560 expers
1668 1475 1744 1537 et
1792 1459 2045 1537 adhuc
2094 1473 2456 1557 protervo

1020 1587 1282 1664 Cruda
1335 1589 1635 1662 maritO.

826 1737 940 1813 Tu
993 1751 1211 1835 potes
1264 1739 1502 1834 tigres
1558 1736 2025 1834 comitesque
2077 1733 2303 1809 silvas

815 1862 1114 1939 Ducere
1169 1875 1246 1938 et
1287 1863 1496 1937 rivos
1551 1860 1837 1936 celeres
1885 1859 2207 1953 morari3

741 2019 790 2060 ιε
827 1986 1072 2064 Cessit
1116 1988 1470 2062 immanis
1523 1986 1667 2062 tibi
1708 1983 2137 2060 blandienti

1021 2112 1316 2187 Ianitor
1358 2109 1601 2206 aulae,

825 2259 1228 2357 Cerberus,
1283 2261 1629 2360 quamvis
1684 2258 1960 2336 furiale
2010 2271 2311 2334 centum

429 2502 595 2573 phas3
645 2519 880 2572 quarum
915 2501 1098 2572 prima
1145 2504 1211 2556 ut
1256 2501 1442 2556 media
1492 2505 1579 2555 est

431 2575 604 2628 totius
643 2573 922 2635 carminis,
963 2573 1046 2628 ita
1091 2590 1364 2628 summam
1409 2573 1581 2627 habet

432 2646 783 2700 sententiam.
877 2645 1024 2711 Quid
1079 2645 1229 2713 quod
1291 2645 1422 2698 inde
1473 2645 1581 2698 hoc

435 2734 654 2786 quoque
708 2716 1076 2786 intellegitur,
1132 2717 1384 2784 quintam
1439 2721 1579 2770 stro-

433 2789 601 2858 pham
660 2786 736 2857 (v.
785 2791 850 2841 17
865 2789 1031 2854 ——20)
1085 2805 1198 2840 non
1253 2788 1457 2843 debere
1517 2792 1583 2841 ut

435 2860 683 2929 spuriam
717 2859 862 2914 eici?
899 2860 1006 2914 nisi
1043 2858 1191 2913 forte
1238 2877 1363 2914 cum
1396 2859 1579 2913 Peerl-

436 2931 659 3000 kampio
687 2935 743 2984 et
767 2929 1047 2985 Meinekio
1069 2931 1323 2984 ultimam
1360 2945 1585 3000 quoque

436 3002 744 3072 stropham,
791 3003 946 3057 cuius
991 3020 1184 3057 versus
1232 3020 1300 3057 ex
1345 3001 1583 3056 Horatio

437 3078 494 3128 et
532 3073 733 3128 Ovidio
771 3075 918 3128 male
961 3074 1228 3128 conflatos
1273 3091 1390 3128 esse
1435 3074 1584 3128 arbi-

437 3150 680 3214 trantur,
735 3146 956 3210 abicere
1013 3146 1196 3200 audes.
1275 3145 1342 3198 Id
1395 3151 1583 3200 autem

439 3233 562 3271 cum
587 3216 804 3284 feceris,
831 3234 902 3270 ne
925 3216 1330 3285 paenultimam
1357 3217 1584 3286 quidem

438 3289 726 3359 stropham
781 3304 1004 3342 servare
1075 3287 1284 3342 licebit.
1368 3287 1585 3342 Deinde

437 3360 729 3429 probabile
765 3364 863 3424 est,
901 3359 1212 3413 Ausonium
1258 3358 1410 3414 Prof.
1444 3359 1585 3414 Bur-

439 3431 552 3500 dig.
591 3431 695 3484 VII
733 3429 1012 3497 „flebilem
1047 3435 1272 3485 cantum
1324 3431 1585 3485 memoris

441 3501 753 3570 querellae“
813 3502 1070 3556 ultimam
1124 3508 1241 3556 stro
1282 3502 1414 3557 ham
1469 3519 1587 3558 esse

441 3573 740 3627 imitatum.
827 3571 1051 3627 Servius
1105 3574 1178 3628 ad
1282 3592 1395 3644 erg.
1443 3576 1585 3628 Aen.

441 3644 486 3708 1,
525 3647 595 3698 43
633 3643 887 3698 laudavit
924 3663 1012 3699 vv.
1051 3647 1137 3698 47.
1179 3647 1264 3698 48.
1318 3645 1500 3712 Quare
1538 3645 1587 3698 si

443 3715 578 3784 quid
615 3716 673 3768 in
709 3715 822 3768 illis
859 3716 1104 3785 strophis
1155 3717 1406 3786 ineptum
1442 3717 1588 3771 inest

441 3787 532 3842 vel
567 3787 1020 3856 vituperandum,
1059 3787 1324 3842 Horatius
1369 3787 1491 3842 vitu
1533 3805 1586 3842 e-

440 3858 649 3912 randus
697 3863 798 3926 est,
847 3876 960 3912 non
1008 3859 1400 3914 emendandus.
1529 3860 1590 3912 ui

443 3929 548 3984 hoo
583 3934 736 3985 certe
761 3931 971 3999 optime
1005 3931 1314 3986 instituisse
1348 3929 1593 3997 videtur,

444 4003 594 4071 quod
644 4003 881 4057 carmini
933 4001 1100 4057 finem
1155 4003 1422 4072 imposuit
1468 4019 1589 4056 ora·

443 4075 596 4128 tione
632 4073 1103 4142 Hypermnestrae
1149 4093 1304 4129 suam
1353 4072 1591 4128 salutem

444 4146 622 4200 amori
674 4149 732 4198 et
779 4143 912 4198 fidei
967 4145 1133 4216 longe
1186 4145 1590 4215 posthabentis.

443 4216 510 4271 Id
545 4217 694 4272 enim
718 4215 874 4284 Lyde
911 4233 1132 4285 quoque
1166 4221 1232 4270 ut
1265 4215 1440 4271 faciat
1475 4220 1589 4270 stu-

445 4287 599 4342 diose
634 4287 847 4342 suadet.
887 4287 1151 4342 Lchoesius
1186 4305 1298 4340 non
1335 4288 1591 4356 quintam
1634 4309 1637 4314 ·

444 4360 640 4425 solum,
662 4357 759 4414 sed
784 4358 953 4413 etiam
981 4359 1275 4427 septimam
1301 4359 1591 4428 stropham

448 4432 519 4486 ab
557 4429 795 4485 Horatio
834 4429 1191 4485 abiudicavit.

517 4501 583 4556 V.
627 4505 675 4554 1.
712 4499 862 4570 nam]
903 4501 1194 4570 Exemplo,
1234 4501 1385 4569 quod
1425 4500 1591 4557 huius

448 4573 758 4641 particulae
791 4573 1011 4626 vinculo
1041 4573 1387 4643 adiungitur,
1427 4591 1593 4628 causa

1676 2517 1775 2555 cur
1824 2499 2139 2570 *Mercurius
2188 2498 2479 2552 invocetur
2532 2494 2837 2564 probatur.

1674 2571 1776 2627 cfr.
1814 2571 1965 2626 infra
2004 2589 2055 2626 v.
2085 2572 2171 2625 30.
2208 2569 2389 2640 Epod.
2421 2569 2505 2636 17,
2528 2568 2619 2620 45.
2660 2567 2837 2637 Verg-

1674 2646 1814 2698 Aen.
1856 2643 1901 2712 Ι,
1938 2646 2025 2697 65.
2100 2641 2193 2697 Sic
2238 2657 2401 2710 saepe
2449 2638 2602 2709 apud
2652 2638 2837 2694 Grae·—

1676 2732 1767 2770 cos
1817 2711 1925 2785 γὰρ
1971 2714 2265 2784 particula.
2310 2742 2376 2751 —
2414 2710 2725 2852 Amphionj]
2766 2709 2839 2764 cf.

1676 2789 1799 2840 Art.
1846 2790 1997 2856 poet.
2040 2787 2145 2838 394
2180 2801 2296 2854 sqq.
2348 2813 2413 2822 —
2466 2781 2685 2838 testudo
2768 2781 2836 2836 cf.

1676 2858 1838 2912 Hom.
1888 2858 2075 2926 hymn.
2121 2857 2182 2910 in
2223 2855 2465 2910 Mercur.
2502 2871 2557 2908 v.
2594 2855 2664 2906 47
2714 2870 2839 2922 sqq.

1680 2960 1745 2970 —
1783 2945 2039 2984 resonare
2085 2925 2312 2996 callida]
2358 2925 2489 2980 vide
2532 2923 2607 2979 ad
2644 2923 2837 2980 Carm-

1676 3001 1721 3069 1,
1764 3004 1813 3068 1,
1858 3003 1936 3054 18.
1978 3029 2040 3039 —
2089 2999 2317 3069 loquum]
2354 2997 2487 3051 olim
2525 2999 2839 3064 antequam

1676 3073 1863 3128 nervis
1901 3073 2175 3126 instructa
2210 3073 2353 3124 esset
2404 3083 2585 3136 neque
2623 3085 2843 3122 canora

1677 3161 1859 3212 neque
1907 3147 2073 3214 grata
2125 3140 2460 3206 hominibus,
2508 3155 2662 3193 nunc
2717 3139 2843 3194 ubi-

1680 3233 1785 3284 que
1822 3219 2072 3284 accepta,
2106 3219 2166 3268 et
2200 3212 2471 3268 divitibus
2508 3209 2843 3266 hominibus

1679 3291 1735 3341 et
1782 3287 1917 3357 ipsis
1971 3286 2096 3340 diis.
2176 3284 2248 3338 cf.
2300 3283 2479 3338 Carm.
2525 3283 2571 3351 Ι,
2616 3283 2715 3350 32,
2760 3284 2843 3336 13.

1679 3356 1843 3412 Hom.
1882 3357 1983 3412 Od.
2022 3357 2174 3423 VIII,
2210 3359 2293 3410 99.
2334 3355 2419 3410 De
2454 3359 2665 3423 septem
2712 3371 2843 3409 ner·

1682 3430 1763 3484 vis
1799 3429 1929 3484 vide
1964 3427 2127 3482 Hom.
2157 3428 2340 3498 hymn.
2368 3427 2429 3480 in
2452 3425 2624 3480 Mero.
2650 3426 2748 3481 51.
2772 3455 2841 3464 ——

1682 3501 1865 3570 tvi-ma]
1891 3500 2043 3572 Lege
2070 3517 2213 3569 quae
2236 3501 2367 3553 sunt
2397 3498 2467 3552 de
2492 3497 2651 3566 equis
2680 3497 2842 3567 apud

1680 3571 1890 3643 Vergil.
1944 3571 2145 3643 Georg.
2196 3570 2297 3638 111,
2348 3571 2452 3623 190
2496 3586 2578 3637 sq.
2628 3597 2699 3608 -
2750 3585 2841 3626 m:-

1680 3645 1892 3713 sultim]
1946 3643 2075 3697 vide
2131 3642 2203 3697 ad
2264 3641 2445 3696 Carm.
2483 3640 2527 3709 1,
2569 3641 2625 3706 5,
2664 3639 2716 3695 8.
2771 3668 2841 3680 -

1682 3715 1873 3782 cruda]
1894 3715 2121 3784 proprie
2140 3714 2209 3768 de
2230 3713 2524 3768 fructibus.
2552 3711 2627 3765 of.
2654 3709 2841 3766 Carm-

1680 3786 1754 3855 Π,
1780 3787 1828 3852 5,
1861 3790 1943 3840 10.
1982 3817 2048 3826 -
2085 3786 2171 3854 tu]
2206 3785 2331 3841 Non
2366 3783 2701 3852 Mercurius,
2740 3782 2841 3838 sed

1680 3857 1801 3926 lyra
1827 3858 1919 3913 vel
1952 3858 2191 3912 testudo.
2220 3887 2287 3895 —
2314 3856 2633 3925 comitesque
2665 3855 2841 3910 savae

1682 3929 1893 3998 ducere]
1930 3929 1997 3982 In
2034 3946 2145 3997 quo
2182 3929 2303 3983 loco
2341 3927 2555 3982 comites
2590 3926 2838 3982 voeabu-

1682 4001 1800 4054 lum
1850 4017 1975 4054 cum
2027 4017 2139 4054 non
2193 3999 2373 4070 magis
2423 3998 2495 4053 ad
2530 3997 2703 4052 silvas
2742 3996 2841 4066 (cf.

1683 4070 1863 4126 Car-m.
1890 4072 1935 4140 1,
1971 4073 2052 4140 12,
2090 4074 2121 4124 7
2158 4073 2305 4140 sqq.)
2341 4070 2625 4140 pertineat
2664 4086 2841 4137 quam

1683 4141 1756 4196 ad
1809 4143 2004 4212 tigres,
2049 4142 2295 4197 medium
2348 4143 2534 4196 locum
2582 4140 2841 4194 obtinuit

1684 4213 2129 4282 instructumque
2197 4219 2283 4269 est
2354 4212 2635 4282 particula
2708 4229 2837 4281 ραις

1685 4303 1827 4353 quae
1877 4304 1987 4355 qua
2041 4285 2261 4340 ratione
2310 4285 2488 4339 soleat
2536 4283 2841 4352 transponi

1684 4357 1815 4412 vide
1852 4357 1924 4412 ad
1962 4357 2145 4412 Carm.
2182 4357 2253 4424 11,
2292 4361 2343 4424 7,
2377 4357 2463 4409 25.
2502 4383 2570 4394 -
2607 4355 2839 4410 Ianitor

1686 4429 1863 4497 aulae]
1904 4428 2175 4484 Cerberus
2210 4428 2437 4484 cessisse
2483 4425 2695 4480 dicitur
2736 4423 2837 4480 Or·

1684 4499 1827 4568 pheo
1876 4499 2193 4570 Eurydicen
2238 4515 2471 4554 uxorem
2516 4515 2587 4552 ex
2634 4495 2839 4552 inferis

1685 4572 1991 4641 repetenti3
2046 4571 2303 4626 immanis
2366 4571 2513 4624 enim
2572 4569 2703 4624 aula
2751 4571 2841 4622 est
