<?xml version="1.0" encoding="UTF-8"?>
<!DOCTYPE html PUBLIC "-//W3C//DTD XHTML 1.0 Transitional//EN"
    "http://www.w3.org/TR/xhtml1/DTD/xhtml1-transitional.dtd">
<html xmlns="http://www.w3.org/1999/xhtml" xml:lang="en" lang="en">
 <head>
  <title>
</title>
<meta http-equiv="Content-Type" content="text/html;charset=utf-8" />
  <meta name='ocr-system' content='tesseract 3.04.00' />
  <meta name='ocr-capabilities' content='ocr_page ocr_carea ocr_par ocr_line ocrx_word'/>
</head>
<body>
  <div class='ocr_page' id='page_1' title='image "./qhoratiiflaccio05unkngoog/qhoratiiflaccio05unkngoog_0479.png"; bbox 0 0 3092 5059; ppageno 0'>
   <div class='ocr_carea' id='block_1_1' title="bbox 1092 224 1772 293">
    <p class='ocr_par' dir='ltr' id='par_1_1' title="bbox 1092 224 1772 293">
     <span class='ocr_line' id='line_1_1' title="bbox 1092 224 1772 293; baseline -0.003 0"><span class='ocrx_word' id='word_1_1' title='bbox 1092 226 1251 293; x_wconf 89' lang='lat' dir='ltr'><strong>LIB.</strong></span> <span class='ocrx_word' id='word_1_2' title='bbox 1292 224 1378 291; x_wconf 92' lang='grc' dir='ltr'><strong>Π.</strong></span> <span class='ocrx_word' id='word_1_3' title='bbox 1424 225 1608 293; x_wconf 81' lang='lat' dir='ltr'>SAT.</span> <span class='ocrx_word' id='word_1_4' title='bbox 1654 225 1772 293; x_wconf 92' lang='lat' dir='ltr'><strong>III.</strong></span> 
     </span>
    </p>
   </div>
   <div class='ocr_carea' id='block_1_2' title="bbox 2517 222 2644 291">
    <p class='ocr_par' dir='ltr' id='par_1_2' title="bbox 2517 222 2644 291">
     <span class='ocr_line' id='line_1_2' title="bbox 2517 222 2644 291; baseline 0.008 -1"><span class='ocrx_word' id='word_1_5' title='bbox 2517 222 2644 291; x_wconf 79' lang='lat'><strong>449</strong></span> 
     </span>
    </p>
   </div>
   <div class='ocr_carea' id='block_1_3' title="bbox 234 413 2652 2141">
    <p class='ocr_par' dir='ltr' id='par_1_3' title="bbox 234 413 2652 2141">
     <span class='ocr_line' id='line_1_3' title="bbox 336 413 2131 513; baseline -0.002 -20"><span class='ocrx_word' id='word_1_6' title='bbox 336 416 579 493; x_wconf 90' lang='lat' dir='ltr'><strong>Diluit</strong></span> <span class='ocrx_word' id='word_1_7' title='bbox 628 415 1011 513; x_wconf 78' lang='lat' dir='ltr'>insignem</span> <span class='ocrx_word' id='word_1_8' title='bbox 1055 415 1368 491; x_wconf 86' lang='lat' dir='ltr'><strong>bacam:</strong></span> <span class='ocrx_word' id='word_1_9' title='bbox 1426 413 1561 513; x_wconf 90' lang='lat' dir='ltr'><strong>qui</strong></span> <span class='ocrx_word' id='word_1_10' title='bbox 1613 414 1876 491; x_wconf 86' lang='lat' dir='ltr'><strong>sanior</strong></span> <span class='ocrx_word' id='word_1_11' title='bbox 1925 440 2016 491; x_wconf 87' lang='lat' dir='ltr'><strong>ac</strong></span> <span class='ocrx_word' id='word_1_12' title='bbox 2065 413 2131 490; x_wconf 90' lang='lat' dir='ltr'><strong>si</strong></span> 
     </span>
     <span class='ocr_line' id='line_1_4' title="bbox 336 538 2579 640; baseline -0.001 -24"><span class='ocrx_word' id='word_1_13' title='bbox 336 541 547 617; x_wconf 91' lang='lat' dir='ltr'><strong>Illud</strong></span> <span class='ocrx_word' id='word_1_14' title='bbox 599 540 833 635; x_wconf 48' lang='lat' dir='ltr'><strong>idem,</strong></span> <span class='ocrx_word' id='word_1_15' title='bbox 862 540 945 615; x_wconf 90' lang='lat' dir='ltr'><strong>in</strong></span> <span class='ocrx_word' id='word_1_16' title='bbox 995 539 1359 640; x_wconf 88' lang='lat' dir='ltr'><strong>rapidum</strong></span> <span class='ocrx_word' id='word_1_17' title='bbox 1406 538 1698 615; x_wconf 88' lang='lat' dir='ltr'><strong>flumen</strong></span> <span class='ocrx_word' id='word_1_18' title='bbox 1743 538 2126 616; x_wconf 84' lang='lat' dir='ltr'><strong>iaceretve</strong></span> <span class='ocrx_word' id='word_1_19' title='bbox 2178 538 2579 617; x_wconf 79' lang='lat' dir='ltr'><strong>cloacam?</strong></span> 
     </span>
     <span class='ocr_line' id='line_1_5' title="bbox 339 662 2264 764; baseline 0 -24"><span class='ocrx_word' id='word_1_20' title='bbox 339 664 608 757; x_wconf 83' lang='lat' dir='ltr'><strong>Quinti</strong></span> <span class='ocrx_word' id='word_1_21' title='bbox 659 665 1076 763; x_wconf 86' lang='lat' dir='ltr'><strong>progenies</strong></span> <span class='ocrx_word' id='word_1_22' title='bbox 1129 662 1341 755; x_wconf 80' lang='lat' dir='ltr'><strong>Arri,</strong></span> <span class='ocrx_word' id='word_1_23' title='bbox 1400 688 1545 764; x_wconf 84' lang='lat' dir='ltr'><strong>par</strong></span> <span class='ocrx_word' id='word_1_24' title='bbox 1597 662 1862 739; x_wconf 85' lang='lat' dir='ltr'><strong>nobile</strong></span> <span class='ocrx_word' id='word_1_25' title='bbox 1914 664 2264 761; x_wconf 79' lang='lat' dir='ltr'><strong>fratrum,</strong></span> 
     </span>
     <span class='ocr_line' id='line_1_6' title="bbox 336 789 2536 891; baseline -0 -25"><span class='ocrx_word' id='word_1_26' title='bbox 336 790 695 891; x_wconf 82' lang='lat' dir='ltr'><strong>Nequitia</strong></span> <span class='ocrx_word' id='word_1_27' title='bbox 746 802 823 867; x_wconf 91' lang='lat' dir='ltr'><strong>et</strong></span> <span class='ocrx_word' id='word_1_28' title='bbox 870 791 1123 889; x_wconf 86' lang='lat' dir='ltr'><strong>nugis,</strong></span> <span class='ocrx_word' id='word_1_29' title='bbox 1176 814 1600 888; x_wconf 85' lang='lat' dir='ltr'><strong>pravorum</strong></span> <span class='ocrx_word' id='word_1_30' title='bbox 1651 801 1730 865; x_wconf 92' lang='lat' dir='ltr'><strong>et</strong></span> <span class='ocrx_word' id='word_1_31' title='bbox 1778 814 2042 866; x_wconf 89' lang='lat' dir='ltr'><strong>amore</strong></span> <span class='ocrx_word' id='word_1_32' title='bbox 2097 789 2536 889; x_wconf 85' lang='lat' dir='ltr'><strong>gemellum,</strong></span> 
     </span>
     <span class='ocr_line' id='line_1_7' title="bbox 234 913 2300 1015; baseline 0.002 -29"><span class='ocrx_word' id='word_1_33' title='bbox 234 946 315 986; x_wconf 62' lang='grc' dir='ltr'><strong>ιιι</strong></span> <span class='ocrx_word' id='word_1_34' title='bbox 341 914 735 993; x_wconf 83' lang='lat' dir='ltr'><strong>Luscinias</strong></span> <span class='ocrx_word' id='word_1_35' title='bbox 783 913 997 991; x_wconf 87' lang='lat' dir='ltr'><strong>soliti</strong></span> <span class='ocrx_word' id='word_1_36' title='bbox 1044 915 1421 1012; x_wconf 87' lang='lat' dir='ltr'><strong>impenso·</strong></span> <span class='ocrx_word' id='word_1_37' title='bbox 1449 913 1840 1013; x_wconf 89' lang='lat' dir='ltr'><strong>prandere</strong></span> <span class='ocrx_word' id='word_1_38' title='bbox 1889 929 2300 1015; x_wconf 86' lang='lat' dir='ltr'><strong>coemptas,</strong></span> 
     </span>
     <span class='ocr_line' id='line_1_8' title="bbox 346 1037 2648 1134; baseline 0 -16"><span class='ocrx_word' id='word_1_39' title='bbox 346 1041 731 1134; x_wconf 80' lang='lat' dir='ltr'><strong>Quorsum</strong></span> <span class='ocrx_word' id='word_1_40' title='bbox 786 1040 1117 1117; x_wconf 77' lang='lat' dir='ltr'><strong>abeant?</strong></span> <span class='ocrx_word' id='word_1_41' title='bbox 1194 1037 1377 1117; x_wconf 83' lang='lat' dir='ltr'><strong>Sani</strong></span> <span class='ocrx_word' id='word_1_42' title='bbox 1431 1052 1513 1114; x_wconf 87' lang='lat' dir='ltr'><strong>ut</strong></span> <span class='ocrx_word' id='word_1_43' title='bbox 1567 1052 1778 1117; x_wconf 87' lang='lat' dir='ltr'><strong>creta</strong></span> <span class='ocrx_word' id='word_1_44' title='bbox 1821 1064 1924 1117; x_wconf 83' lang='lat' dir='ltr'><strong>an</strong></span> <span class='ocrx_word' id='word_1_45' title='bbox 1973 1040 2306 1117; x_wconf 86' lang='lat' dir='ltr'><strong>carbone</strong></span> <span class='ocrx_word' id='word_1_46' title='bbox 2355 1042 2648 1119; x_wconf 78' lang='lat' dir='ltr'><strong>notati?</strong></span> 
     </span>
     <span class='ocr_line' id='line_1_9' title="bbox 344 1163 2293 1263; baseline 0.002 -24"><span class='ocrx_word' id='word_1_47' title='bbox 344 1164 781 1241; x_wconf 87' lang='lat' dir='ltr'><strong>Aedificare</strong></span> <span class='ocrx_word' id='word_1_48' title='bbox 834 1190 1069 1262; x_wconf 85' lang='lat' dir='ltr'><strong>casas,</strong></span> <span class='ocrx_word' id='word_1_49' title='bbox 1124 1163 1483 1262; x_wconf 75' lang='lat' dir='ltr'><strong>plostello</strong></span> <span class='ocrx_word' id='word_1_50' title='bbox 1540 1163 1964 1263; x_wconf 80' lang='lat' dir='ltr'><strong>adiungere</strong></span> <span class='ocrx_word' id='word_1_51' title='bbox 2013 1190 2293 1263; x_wconf 87' lang='lat' dir='ltr'><strong>mures,</strong></span> 
     </span>
     <span class='ocr_line' id='line_1_10' title="bbox 344 1288 2502 1392; baseline 0.001 -28"><span class='ocrx_word' id='word_1_52' title='bbox 344 1288 651 1367; x_wconf 79' lang='lat' dir='ltr'><strong>Ludere</strong></span> <span class='ocrx_word' id='word_1_53' title='bbox 700 1316 847 1389; x_wconf 90' lang='lat' dir='ltr'><strong>par</strong></span> <span class='ocrx_word' id='word_1_54' title='bbox 896 1291 1173 1392; x_wconf 82' lang='lat' dir='ltr'>impar,</span> <span class='ocrx_word' id='word_1_55' title='bbox 1230 1291 1580 1389; x_wconf 87' lang='lat' dir='ltr'><strong>equitare</strong></span> <span class='ocrx_word' id='word_1_56' title='bbox 1631 1292 1715 1365; x_wconf 88' lang='lat' dir='ltr'><strong>in</strong></span> <span class='ocrx_word' id='word_1_57' title='bbox 1763 1288 2198 1367; x_wconf 80' lang='lat' dir='ltr'><strong>harundine</strong></span> <span class='ocrx_word' id='word_1_58' title='bbox 2248 1290 2502 1391; x_wconf 80' lang='lat' dir='ltr'><strong>longa·</strong></span> 
     </span>
     <span class='ocr_line' id='line_1_11' title="bbox 346 1412 2307 1515; baseline 0.001 -24"><span class='ocrx_word' id='word_1_59' title='bbox 346 1412 430 1491; x_wconf 85' lang='lat' dir='ltr'><strong>Si</strong></span> <span class='ocrx_word' id='word_1_60' title='bbox 483 1440 715 1515; x_wconf 90' lang='lat' dir='ltr'><strong>quem</strong></span> <span class='ocrx_word' id='word_1_61' title='bbox 770 1414 1107 1493; x_wconf 91' lang='lat' dir='ltr'><strong>delectet</strong></span> <span class='ocrx_word' id='word_1_62' title='bbox 1158 1418 1594 1512; x_wconf 82' lang='lat' dir='ltr'><strong>barbatum,</strong></span> <span class='ocrx_word' id='word_1_63' title='bbox 1643 1417 1980 1493; x_wconf 84' lang='lat' dir='ltr'><strong>amentia</strong></span> <span class='ocrx_word' id='word_1_64' title='bbox 2030 1430 2307 1494; x_wconf 83' lang='lat' dir='ltr'><strong>verset.</strong></span> 
     </span>
     <span class='ocr_line' id='line_1_12' title="bbox 240 1539 2170 1641; baseline 0.003 -28"><span class='ocrx_word' id='word_1_65' title='bbox 240 1574 321 1615; x_wconf 69' lang='grc' dir='ltr'><strong>«ιω</strong></span> <span class='ocrx_word' id='word_1_66' title='bbox 345 1539 429 1617; x_wconf 84' lang='lat' dir='ltr'><strong>Si</strong></span> <span class='ocrx_word' id='word_1_67' title='bbox 478 1541 855 1641; x_wconf 88' lang='lat' dir='ltr'><strong>puerilius</strong></span> <span class='ocrx_word' id='word_1_68' title='bbox 907 1540 1027 1616; x_wconf 88' lang='lat' dir='ltr'><strong>his</strong></span> <span class='ocrx_word' id='word_1_69' title='bbox 1072 1542 1267 1619; x_wconf 87' lang='lat' dir='ltr'><strong>ratio</strong></span> <span class='ocrx_word' id='word_1_70' title='bbox 1320 1567 1487 1619; x_wconf 88' lang='lat' dir='ltr'><strong>esse</strong></span> <span class='ocrx_word' id='word_1_71' title='bbox 1528 1542 1838 1619; x_wconf 79' lang='lat' dir='ltr'><strong>evincet</strong></span> <span class='ocrx_word' id='word_1_72' title='bbox 1884 1566 2170 1638; x_wconf 89' lang='lat' dir='ltr'><strong>amare,</strong></span> 
     </span>
     <span class='ocr_line' id='line_1_13' title="bbox 345 1664 2652 1767; baseline 0.002 -27"><span class='ocrx_word' id='word_1_73' title='bbox 345 1664 417 1739; x_wconf 92' lang='lat' dir='ltr'>N</span> <span class='ocrx_word' id='word_1_74' title='bbox 418 1690 508 1741; x_wconf 92' lang='lat' dir='ltr'><strong>ec</strong></span> <span class='ocrx_word' id='word_1_75' title='bbox 558 1666 972 1767; x_wconf 87' lang='lat' dir='ltr'><strong>quicquam</strong></span> <span class='ocrx_word' id='word_1_76' title='bbox 1024 1665 1359 1763; x_wconf 88' lang='lat' dir='ltr'><strong>differre,</strong></span> <span class='ocrx_word' id='word_1_77' title='bbox 1428 1679 1791 1742; x_wconf 90' lang='lat' dir='ltr'><strong>utrumne</strong></span> <span class='ocrx_word' id='word_1_78' title='bbox 1849 1667 1932 1742; x_wconf 88' lang='lat' dir='ltr'><strong>in</strong></span> <span class='ocrx_word' id='word_1_79' title='bbox 1983 1664 2330 1764; x_wconf 83' lang='lat' dir='ltr'><strong>pulvere,</strong></span> <span class='ocrx_word' id='word_1_80' title='bbox 2383 1667 2652 1745; x_wconf 86' lang='lat' dir='ltr'><strong>trimus</strong></span> 
     </span>
     <span class='ocr_line' id='line_1_14' title="bbox 349 1789 2392 1892; baseline 0 -23"><span class='ocrx_word' id='word_1_81' title='bbox 349 1789 601 1882; x_wconf 84' lang='lat' dir='ltr'><strong>Quale</strong></span> <span class='ocrx_word' id='word_1_82' title='bbox 653 1792 893 1892; x_wconf 89' lang='lat' dir='ltr'><strong>prius,</strong></span> <span class='ocrx_word' id='word_1_83' title='bbox 946 1790 1170 1868; x_wconf 87' lang='lat' dir='ltr'><strong>ludas</strong></span> <span class='ocrx_word' id='word_1_84' title='bbox 1224 1817 1441 1892; x_wconf 89' lang='lat' dir='ltr'><strong>opus,</strong></span> <span class='ocrx_word' id='word_1_85' title='bbox 1489 1818 1590 1867; x_wconf 87' lang='lat' dir='ltr'><strong>an</strong></span> <span class='ocrx_word' id='word_1_86' title='bbox 1641 1791 2069 1868; x_wconf 88' lang='lat' dir='ltr'><strong>meretricis</strong></span> <span class='ocrx_word' id='word_1_87' title='bbox 2125 1816 2392 1869; x_wconf 86' lang='lat' dir='ltr'><strong>amore</strong></span> 
     </span>
     <span class='ocr_line' id='line_1_15' title="bbox 350 1914 2364 2016; baseline 0 -23"><span class='ocrx_word' id='word_1_88' title='bbox 350 1914 745 1993; x_wconf 85' lang='lat' dir='ltr'><strong>Sollicitus</strong></span> <span class='ocrx_word' id='word_1_89' title='bbox 796 1916 1097 2016; x_wconf 85' lang='lat' dir='ltr'><strong>plores3</strong></span> <span class='ocrx_word' id='word_1_90' title='bbox 1154 1940 1469 2015; x_wconf 86' lang='lat' dir='ltr'><strong>quaero,</strong></span> <span class='ocrx_word' id='word_1_91' title='bbox 1524 1915 1864 1993; x_wconf 82' lang='lat' dir='ltr'><strong>faciasne</strong></span> <span class='ocrx_word' id='word_1_92' title='bbox 1915 1916 2126 2016; x_wconf 88' lang='lat' dir='ltr'><strong>quod</strong></span> <span class='ocrx_word' id='word_1_93' title='bbox 2181 1916 2364 1993; x_wconf 89' lang='lat' dir='ltr'><strong>olim</strong></span> 
     </span>
     <span class='ocr_line' id='line_1_16' title="bbox 348 2039 2152 2141; baseline 0 -24"><span class='ocrx_word' id='word_1_94' title='bbox 348 2041 687 2119; x_wconf 75' lang='lat' dir='ltr'><strong>Mutatus</strong></span> <span class='ocrx_word' id='word_1_95' title='bbox 740 2039 1143 2134; x_wconf 89' lang='lat' dir='ltr'><strong>Polemon,</strong></span> <span class='ocrx_word' id='word_1_96' title='bbox 1195 2066 1441 2141; x_wconf 88' lang='lat' dir='ltr'><strong>ponas</strong></span> <span class='ocrx_word' id='word_1_97' title='bbox 1490 2041 1830 2141; x_wconf 86' lang='lat' dir='ltr'><strong>insignia</strong></span> <span class='ocrx_word' id='word_1_98' title='bbox 1877 2042 2152 2139; x_wconf 87' lang='lat' dir='ltr'><strong>morbi,</strong></span> 
     </span>
    </p>
   </div>
   <div class='ocr_carea' id='block_1_4' title="bbox 170 2289 1418 4651">
    <p class='ocr_par' dir='ltr' id='par_1_4' title="bbox 170 2289 1407 3289">
     <span class='ocr_line' id='line_1_17' title="bbox 246 2289 1403 2360; baseline 0 -16"><span class='ocrx_word' id='word_1_99' title='bbox 246 2308 403 2360; x_wconf 85' lang='lat' dir='ltr'><strong>nens,</strong></span> <span class='ocrx_word' id='word_1_100' title='bbox 444 2290 528 2345; x_wconf 81' lang='lat' dir='ltr'><strong>ita</strong></span> <span class='ocrx_word' id='word_1_101' title='bbox 570 2294 637 2344; x_wconf 90' lang='lat' dir='ltr'><strong>ut</strong></span> <span class='ocrx_word' id='word_1_102' title='bbox 682 2289 999 2360; x_wconf 83' lang='lat' dir='ltr'><strong>suspiceris,</strong></span> <span class='ocrx_word' id='word_1_103' title='bbox 1049 2290 1111 2344; x_wconf 88' lang='lat' dir='ltr'><strong>in</strong></span> <span class='ocrx_word' id='word_1_104' title='bbox 1144 2289 1403 2344; x_wconf 86' lang='lat' dir='ltr'><strong>omnibus</strong></span> 
     </span>
     <span class='ocr_line' id='line_1_18' title="bbox 170 2361 1402 2432; baseline 0 -17"><span class='ocrx_word' id='word_1_105' title='bbox 170 2386 173 2389; x_wconf 45' lang='lat'><strong>⁴</strong></span> <span class='ocrx_word' id='word_1_106' title='bbox 248 2380 379 2416; x_wconf 88' lang='lat' dir='ltr'><strong>eum</strong></span> <span class='ocrx_word' id='word_1_107' title='bbox 434 2362 494 2416; x_wconf 91' lang='lat' dir='ltr'><strong>id</strong></span> <span class='ocrx_word' id='word_1_108' title='bbox 540 2362 687 2431; x_wconf 89' lang='lat' dir='ltr'><strong>quod</strong></span> <span class='ocrx_word' id='word_1_109' title='bbox 738 2361 1027 2432; x_wconf 81' lang='lat' dir='ltr'><strong>scripserit</strong></span> <span class='ocrx_word' id='word_1_110' title='bbox 1074 2362 1402 2431; x_wconf 82' lang='lat' dir='ltr'><strong>repperisse.</strong></span> 
     </span>
     <span class='ocr_line' id='line_1_19' title="bbox 249 2432 1401 2501; baseline 0.002 -15"><span class='ocrx_word' id='word_1_111' title='bbox 249 2433 393 2487; x_wconf 87' lang='lat' dir='ltr'><strong>Vide</strong></span> <span class='ocrx_word' id='word_1_112' title='bbox 430 2434 601 2488; x_wconf 89' lang='lat' dir='ltr'><strong>etiam</strong></span> <span class='ocrx_word' id='word_1_113' title='bbox 637 2433 711 2487; x_wconf 83' lang='lat' dir='ltr'><strong>ad</strong></span> <span class='ocrx_word' id='word_1_114' title='bbox 734 2432 848 2487; x_wconf 89' lang='lat' dir='ltr'><strong>Sat.</strong></span> <span class='ocrx_word' id='word_1_115' title='bbox 869 2434 941 2501; x_wconf 92' lang='lat'><strong>11,</strong></span> <span class='ocrx_word' id='word_1_116' title='bbox 966 2436 1015 2497; x_wconf 87' lang='lat'><strong>8,</strong></span> <span class='ocrx_word' id='word_1_117' title='bbox 1032 2434 1119 2487; x_wconf 79' lang='lat'><strong>24.</strong></span> <span class='ocrx_word' id='word_1_118' title='bbox 1142 2460 1211 2473; x_wconf 89' lang='lat'><strong>·-</strong></span> <span class='ocrx_word' id='word_1_119' title='bbox 1238 2432 1401 2501; x_wconf 76' lang='lat' dir='ltr'><strong>Arri]</strong></span> 
     </span>
     <span class='ocr_line' id='line_1_20' title="bbox 249 2504 1404 2575; baseline 0.002 -18"><span class='ocrx_word' id='word_1_120' title='bbox 249 2504 380 2558; x_wconf 85' lang='lat' dir='ltr'><strong>vide</strong></span> <span class='ocrx_word' id='word_1_121' title='bbox 424 2522 593 2575; x_wconf 84' lang='lat' dir='ltr'><strong>supra</strong></span> <span class='ocrx_word' id='word_1_122' title='bbox 629 2523 680 2558; x_wconf 85' lang='lat' dir='ltr'><strong>v.</strong></span> <span class='ocrx_word' id='word_1_123' title='bbox 719 2506 805 2558; x_wconf 83' lang='lat'><strong>86.</strong></span> <span class='ocrx_word' id='word_1_124' title='bbox 865 2534 933 2544; x_wconf 97' lang='lat'>—</span> <span class='ocrx_word' id='word_1_125' title='bbox 982 2520 1284 2573; x_wconf 75' lang='lat' dir='ltr'><strong>pravorum</strong></span> <span class='ocrx_word' id='word_1_126' title='bbox 1328 2504 1404 2572; x_wconf 84' lang='lat' dir='ltr'><strong>et]</strong></span> 
     </span>
     <span class='ocr_line' id='line_1_21' title="bbox 250 2575 1402 2645; baseline -0.001 -16"><span class='ocrx_word' id='word_1_127' title='bbox 250 2576 383 2630; x_wconf 81' lang='lat' dir='ltr'><strong>vide</strong></span> <span class='ocrx_word' id='word_1_128' title='bbox 414 2577 487 2630; x_wconf 89' lang='lat' dir='ltr'><strong>ad</strong></span> <span class='ocrx_word' id='word_1_129' title='bbox 527 2576 709 2631; x_wconf 77' lang='lat' dir='ltr'><strong>Carm.</strong></span> <span class='ocrx_word' id='word_1_130' title='bbox 746 2576 791 2642; x_wconf 90' lang='grc' dir='ltr'><strong>Ι,</strong></span> <span class='ocrx_word' id='word_1_131' title='bbox 828 2577 880 2644; x_wconf 81' lang='lat'><strong>2,</strong></span> <span class='ocrx_word' id='word_1_132' title='bbox 917 2577 970 2629; x_wconf 85' lang='grc'><strong>9.</strong></span> <span class='ocrx_word' id='word_1_133' title='bbox 1008 2606 1075 2615; x_wconf 89' lang='lat'><em>-</em></span> <span class='ocrx_word' id='word_1_134' title='bbox 1112 2575 1402 2645; x_wconf 73' lang='lat' dir='ltr'><strong>luscinias]</strong></span> 
     </span>
     <span class='ocr_line' id='line_1_22' title="bbox 250 2646 1405 2717; baseline -0.001 -16"><span class='ocrx_word' id='word_1_135' title='bbox 250 2648 397 2701; x_wconf 87' lang='lat' dir='ltr'><strong>Plin.</strong></span> <span class='ocrx_word' id='word_1_136' title='bbox 438 2648 508 2703; x_wconf 84' lang='lat' dir='ltr'><strong>N.</strong></span> <span class='ocrx_word' id='word_1_137' title='bbox 545 2648 613 2701; x_wconf 91' lang='lat' dir='ltr'><strong>H.</strong></span> <span class='ocrx_word' id='word_1_138' title='bbox 652 2647 722 2715; x_wconf 89' lang='lat' dir='ltr'><strong>X,</strong></span> <span class='ocrx_word' id='word_1_139' title='bbox 762 2649 856 2702; x_wconf 82' lang='lat'><strong>29:</strong></span> <span class='ocrx_word' id='word_1_140' title='bbox 918 2647 1255 2717; x_wconf 86' lang='lat' dir='ltr'><strong>„Servorum</strong></span> <span class='ocrx_word' id='word_1_141' title='bbox 1292 2646 1405 2700; x_wconf 88' lang='lat' dir='ltr'><strong>illis</strong></span> 
     </span>
     <span class='ocr_line' id='line_1_23' title="bbox 250 2718 1405 2789; baseline 0 -17"><span class='ocrx_word' id='word_1_142' title='bbox 250 2718 553 2789; x_wconf 81' lang='lat' dir='ltr'><strong>(lusciniis)</strong></span> <span class='ocrx_word' id='word_1_143' title='bbox 586 2718 775 2788; x_wconf 85' lang='lat' dir='ltr'><strong>pretia</strong></span> <span class='ocrx_word' id='word_1_144' title='bbox 797 2724 931 2774; x_wconf 87' lang='lat' dir='ltr'><strong>sunt</strong></span> <span class='ocrx_word' id='word_1_145' title='bbox 954 2724 1013 2773; x_wconf 89' lang='lat' dir='ltr'><strong>et</strong></span> <span class='ocrx_word' id='word_1_146' title='bbox 1036 2719 1260 2788; x_wconf 87' lang='lat' dir='ltr'><strong>quidem</strong></span> <span class='ocrx_word' id='word_1_147' title='bbox 1290 2735 1405 2773; x_wconf 85' lang='lat' dir='ltr'><strong>am·</strong></span> 
     </span>
     <span class='ocr_line' id='line_1_24' title="bbox 250 2790 1405 2861; baseline -0.002 -16"><span class='ocrx_word' id='word_1_148' title='bbox 250 2791 437 2860; x_wconf 86' lang='lat' dir='ltr'><strong>pliora</strong></span> <span class='ocrx_word' id='word_1_149' title='bbox 486 2808 655 2860; x_wconf 87' lang='lat' dir='ltr'><strong>quam</strong></span> <span class='ocrx_word' id='word_1_150' title='bbox 698 2791 899 2860; x_wconf 88' lang='lat' dir='ltr'><strong>quibus</strong></span> <span class='ocrx_word' id='word_1_151' title='bbox 948 2790 1087 2845; x_wconf 90' lang='lat' dir='ltr'><strong>olim</strong></span> <span class='ocrx_word' id='word_1_152' title='bbox 1138 2790 1405 2861; x_wconf 75' lang='lat' dir='ltr'><strong>armigeri</strong></span> 
     </span>
     <span class='ocr_line' id='line_1_25' title="bbox 251 2862 1403 2931; baseline 0 -16"><span class='ocrx_word' id='word_1_153' title='bbox 251 2862 615 2931; x_wconf 85' lang='lat' dir='ltr'><strong>parabantur.</strong></span> <span class='ocrx_word' id='word_1_154' title='bbox 672 2862 797 2917; x_wconf 87' lang='lat' dir='ltr'><strong>Scio</strong></span> <span class='ocrx_word' id='word_1_155' title='bbox 834 2862 1107 2917; x_wconf 83' lang='lat' dir='ltr'><strong>sestertiis</strong></span> <span class='ocrx_word' id='word_1_156' title='bbox 1144 2880 1239 2917; x_wconf 84' lang='lat' dir='ltr'><strong>sex</strong></span> <span class='ocrx_word' id='word_1_157' title='bbox 1278 2880 1403 2917; x_wconf 88' lang='lat' dir='ltr'><strong>can-</strong></span> 
     </span>
     <span class='ocr_line' id='line_1_26' title="bbox 252 2934 1405 3003; baseline 0 -16"><span class='ocrx_word' id='word_1_158' title='bbox 252 2934 445 2989; x_wconf 88' lang='lat' dir='ltr'><strong>didam</strong></span> <span class='ocrx_word' id='word_1_159' title='bbox 488 2934 756 3003; x_wconf 84' lang='lat' dir='ltr'><strong>alioquin,</strong></span> <span class='ocrx_word' id='word_1_160' title='bbox 794 2934 945 3003; x_wconf 90' lang='lat' dir='ltr'><strong>quod</strong></span> <span class='ocrx_word' id='word_1_161' title='bbox 984 2938 1073 2989; x_wconf 84' lang='lat' dir='ltr'><strong>est</strong></span> <span class='ocrx_word' id='word_1_162' title='bbox 1110 2950 1287 3003; x_wconf 89' lang='lat' dir='ltr'><strong>prope</strong></span> <span class='ocrx_word' id='word_1_163' title='bbox 1321 2934 1405 2987; x_wconf 88' lang='lat' dir='ltr'><strong>in-</strong></span> 
     </span>
     <span class='ocr_line' id='line_1_27' title="bbox 252 3006 1406 3076; baseline 0.003 -18"><span class='ocrx_word' id='word_1_164' title='bbox 252 3006 545 3073; x_wconf 90' lang='lat' dir='ltr'><strong>usitatum,</strong></span> <span class='ocrx_word' id='word_1_165' title='bbox 586 3006 817 3075; x_wconf 82' lang='lat' dir='ltr'><strong>venisse,</strong></span> <span class='ocrx_word' id='word_1_166' title='bbox 857 3023 1001 3075; x_wconf 83' lang='lat' dir='ltr'><strong>quae</strong></span> <span class='ocrx_word' id='word_1_167' title='bbox 1038 3006 1406 3076; x_wconf 78' lang='lat' dir='ltr'><strong>Agrippinae,</strong></span> 
     </span>
     <span class='ocr_line' id='line_1_28' title="bbox 252 3076 1407 3147; baseline 0 -16"><span class='ocrx_word' id='word_1_168' title='bbox 252 3076 475 3131; x_wconf 80' lang='lat' dir='ltr'><strong>Claudii</strong></span> <span class='ocrx_word' id='word_1_169' title='bbox 522 3077 795 3147; x_wconf 88' lang='lat' dir='ltr'><strong>principis</strong></span> <span class='ocrx_word' id='word_1_170' title='bbox 834 3078 1077 3147; x_wconf 76' lang='lat' dir='ltr'><strong>coniugi,</strong></span> <span class='ocrx_word' id='word_1_171' title='bbox 1116 3078 1263 3132; x_wconf 88' lang='lat' dir='ltr'><strong>dono</strong></span> <span class='ocrx_word' id='word_1_172' title='bbox 1310 3077 1407 3131; x_wconf 89' lang='lat' dir='ltr'><strong>da-</strong></span> 
     </span>
     <span class='ocr_line' id='line_1_29' title="bbox 252 3151 467 3203; baseline 0 0"><span class='ocrx_word' id='word_1_173' title='bbox 252 3151 467 3203; x_wconf 83' lang='lat' dir='ltr'><strong>retur.“</strong></span> 
     </span>
     <span class='ocr_line' id='line_1_30' title="bbox 250 3219 1409 3289; baseline -0.003 -14"><span class='ocrx_word' id='word_1_174' title='bbox 250 3220 499 3289; x_wconf 74' lang='lat' dir='ltr'><strong>syllabis.</strong></span> <span class='ocrx_word' id='word_1_175' title='bbox 536 3219 683 3275; x_wconf 86' lang='lat' dir='ltr'><strong>Vide</strong></span> <span class='ocrx_word' id='word_1_176' title='bbox 714 3220 788 3275; x_wconf 87' lang='lat' dir='ltr'><strong>ad</strong></span> <span class='ocrx_word' id='word_1_177' title='bbox 827 3220 1007 3274; x_wconf 86' lang='lat' dir='ltr'><strong>Carm.</strong></span> <span class='ocrx_word' id='word_1_178' title='bbox 1028 3219 1130 3289; x_wconf 89' lang='lat'><strong>111,</strong></span> <span class='ocrx_word' id='word_1_179' title='bbox 1153 3222 1205 3287; x_wconf 83' lang='lat'><strong>4,</strong></span> <span class='ocrx_word' id='word_1_180' title='bbox 1224 3221 1409 3273; x_wconf 80' lang='lat'><strong>41.—</strong></span> 
     </span>
    </p>

    <p class='ocr_par' dir='ltr' id='par_1_5' title="bbox 249 3290 1411 3920">
     <span class='ocr_line' id='line_1_31' title="bbox 249 3290 1409 3362; baseline -0.002 -15"><span class='ocrx_word' id='word_1_181' title='bbox 249 3291 551 3362; x_wconf 75' lang='lat' dir='ltr'><strong>prandere]</strong></span> <span class='ocrx_word' id='word_1_182' title='bbox 590 3290 684 3346; x_wconf 88' lang='lat' dir='ltr'><strong>Sic</strong></span> <span class='ocrx_word' id='word_1_183' title='bbox 715 3292 995 3361; x_wconf 85' lang='lat' dir='ltr'><strong>prandere</strong></span> <span class='ocrx_word' id='word_1_184' title='bbox 1028 3308 1141 3347; x_wconf 89' lang='lat' dir='ltr'><strong>non</strong></span> <span class='ocrx_word' id='word_1_185' title='bbox 1174 3292 1409 3361; x_wconf 86' lang='lat' dir='ltr'><strong>ponitur</strong></span> 
     </span>
     <span class='ocr_line' id='line_1_32' title="bbox 254 3361 1410 3433; baseline -0.001 -15"><span class='ocrx_word' id='word_1_186' title='bbox 254 3367 453 3418; x_wconf 83' lang='lat' dir='ltr'><strong>contra</strong></span> <span class='ocrx_word' id='word_1_187' title='bbox 489 3379 701 3431; x_wconf 87' lang='lat' dir='ltr'><strong>cenam,</strong></span> <span class='ocrx_word' id='word_1_188' title='bbox 746 3362 845 3417; x_wconf 87' lang='lat' dir='ltr'><strong>sed</strong></span> <span class='ocrx_word' id='word_1_189' title='bbox 880 3363 1105 3418; x_wconf 80' lang='lat' dir='ltr'><strong>videtur</strong></span> <span class='ocrx_word' id='word_1_190' title='bbox 1146 3361 1410 3433; x_wconf 78' lang='lat' dir='ltr'><strong>generale</strong></span> 
     </span>
     <span class='ocr_line' id='line_1_33' title="bbox 256 3434 1407 3503; baseline 0 -14"><span class='ocrx_word' id='word_1_191' title='bbox 256 3435 591 3489; x_wconf 81' lang='lat' dir='ltr'><strong>vocabulum</strong></span> <span class='ocrx_word' id='word_1_192' title='bbox 650 3452 769 3491; x_wconf 89' lang='lat' dir='ltr'><strong>esse</strong></span> <span class='ocrx_word' id='word_1_193' title='bbox 824 3434 897 3489; x_wconf 88' lang='lat' dir='ltr'><strong>de</strong></span> <span class='ocrx_word' id='word_1_194' title='bbox 955 3436 1153 3503; x_wconf 83' lang='lat' dir='ltr'><strong>quovis</strong></span> <span class='ocrx_word' id='word_1_195' title='bbox 1221 3435 1407 3503; x_wconf 81' lang='lat' dir='ltr'><strong>epulo·</strong></span> 
     </span>
     <span class='ocr_line' id='line_1_34' title="bbox 254 3506 1405 3577; baseline -0.002 -16"><span class='ocrx_word' id='word_1_196' title='bbox 254 3506 502 3577; x_wconf 73' lang='lat' dir='ltr'><strong>Epist-I,</strong></span> <span class='ocrx_word' id='word_1_197' title='bbox 525 3508 610 3575; x_wconf 80' lang='lat'><strong>17,</strong></span> <span class='ocrx_word' id='word_1_198' title='bbox 637 3508 721 3561; x_wconf 78' lang='lat'><strong>18.</strong></span> <span class='ocrx_word' id='word_1_199' title='bbox 745 3510 817 3561; x_wconf 82' lang='lat' dir='ltr'><strong>A.</strong></span> <span class='ocrx_word' id='word_1_200' title='bbox 834 3506 897 3561; x_wconf 88' lang='lat' dir='ltr'><strong>P.</strong></span> <span class='ocrx_word' id='word_1_201' title='bbox 914 3508 1131 3561; x_wconf 75' lang='lat'><strong>340.—</strong></span> <span class='ocrx_word' id='word_1_202' title='bbox 1065 3521 1292 3560; x_wconf 80' lang='lat' dir='ltr'><strong>-sam</strong></span> <span class='ocrx_word' id='word_1_203' title='bbox 1320 3506 1405 3574; x_wconf 74' lang='lat' dir='ltr'><strong>ut]</strong></span> 
     </span>
     <span class='ocr_line' id='line_1_35' title="bbox 254 3577 1411 3648; baseline -0.003 -15"><span class='ocrx_word' id='word_1_204' title='bbox 254 3578 625 3635; x_wconf 84' lang='lat' dir='ltr'><strong>Scribendum</strong></span> <span class='ocrx_word' id='word_1_205' title='bbox 659 3577 859 3648; x_wconf 83' lang='lat' dir='ltr'><strong>putavi</strong></span> <span class='ocrx_word' id='word_1_206' title='bbox 894 3578 1025 3633; x_wconf 66' lang='lat' dir='ltr'><strong>sani</strong></span> <span class='ocrx_word' id='word_1_207' title='bbox 1058 3583 1123 3632; x_wconf 70' lang='lat' dir='ltr'><strong>ut</strong></span> <span class='ocrx_word' id='word_1_208' title='bbox 1144 3582 1295 3633; x_wconf 74' lang='lat' dir='ltr'><strong>creta</strong></span> <span class='ocrx_word' id='word_1_209' title='bbox 1332 3594 1411 3631; x_wconf 73' lang='lat' dir='ltr'><strong>au</strong></span> 
     </span>
     <span class='ocr_line' id='line_1_36' title="bbox 254 3646 1408 3705; baseline -0.003 0"><span class='ocrx_word' id='word_1_210' title='bbox 254 3650 489 3705; x_wconf 73' lang='lat' dir='ltr'><strong>carbone</strong></span> <span class='ocrx_word' id='word_1_211' title='bbox 535 3648 759 3705; x_wconf 71' lang='lat' dir='ltr'><strong>notati?</strong></span> <span class='ocrx_word' id='word_1_212' title='bbox 831 3648 928 3705; x_wconf 87' lang='lat' dir='ltr'><strong>Sic</strong></span> <span class='ocrx_word' id='word_1_213' title='bbox 968 3650 1141 3705; x_wconf 80' lang='lat' dir='ltr'><strong>etiam</strong></span> <span class='ocrx_word' id='word_1_214' title='bbox 1180 3646 1408 3703; x_wconf 87' lang='lat' dir='ltr'><strong>Holder.</strong></span> 
     </span>
     <span class='ocr_line' id='line_1_37' title="bbox 256 3720 1409 3791; baseline 0 -16"><span class='ocrx_word' id='word_1_215' title='bbox 256 3721 503 3777; x_wconf 82' lang='lat' dir='ltr'><strong>Fritsch.</strong></span> <span class='ocrx_word' id='word_1_216' title='bbox 575 3721 659 3777; x_wconf 91' lang='lat' dir='ltr'><strong>De</strong></span> <span class='ocrx_word' id='word_1_217' title='bbox 710 3722 993 3791; x_wconf 85' lang='lat' dir='ltr'><strong>particula</strong></span> <span class='ocrx_word' id='word_1_218' title='bbox 1044 3726 1109 3776; x_wconf 76' lang='lat' dir='ltr'><strong>ut</strong></span> <span class='ocrx_word' id='word_1_219' title='bbox 1164 3720 1409 3779; x_wconf 78' lang='lat' dir='ltr'><strong>Gesnero</strong></span> 
     </span>
     <span class='ocr_line' id='line_1_38' title="bbox 257 3791 1411 3920; baseline -0.003 0"><span class='ocrx_word' id='word_1_220' title='bbox 257 3810 371 3920; x_wconf 64' lang='lat'><strong>332²</strong></span> <span class='ocrx_word' id='word_1_221' title='bbox 372 3809 481 3918; x_wconf 67' lang='lat'>‘¹1¹⁶</span> <span class='ocrx_word' id='word_1_222' title='bbox 492 3792 1041 3919; x_wconf 40' lang='lat' dir='ltr'><strong>strui-1¹30&amp;</strong></span> <span class='ocrx_word' id='word_1_223' title='bbox 1071 3792 1291 3918; x_wconf 59' lang='lat' dir='ltr'><strong>ffiqlii·</strong></span> <span class='ocrx_word' id='word_1_224' title='bbox 1316 3791 1411 3917; x_wconf 61' lang='lat'><strong>13¹}</strong></span> 
     </span>
    </p>

    <p class='ocr_par' dir='ltr' id='par_1_6' title="bbox 360 3904 1287 3933">
     <span class='ocr_line' id='line_1_39' title="bbox 360 3904 1287 3933; baseline -0.002 0"><span class='ocrx_word' id='word_1_225' title='bbox 360 3904 375 3919; x_wconf 90' lang='lat'><strong>·</strong></span> <span class='ocrx_word' id='word_1_226' title='bbox 442 3904 457 3932; x_wconf 73' lang='grc' dir='ltr'><strong>ι</strong></span> <span class='ocrx_word' id='word_1_227' title='bbox 530 3904 547 3933; x_wconf 73' lang='grc' dir='ltr'><strong>ι</strong></span> <span class='ocrx_word' id='word_1_228' title='bbox 658 3904 672 3919; x_wconf 90' lang='grc'><em>·</em></span> <span class='ocrx_word' id='word_1_229' title='bbox 1159 3904 1173 3924; x_wconf 71' lang='lat' dir='ltr'><em>v</em></span> <span class='ocrx_word' id='word_1_230' title='bbox 1272 3904 1287 3931; x_wconf 73' lang='grc' dir='ltr'><strong>ι</strong></span> 
     </span>
    </p>

    <p class='ocr_par' dir='ltr' id='par_1_7' title="bbox 253 3935 1418 4651">
     <span class='ocr_line' id='line_1_40' title="bbox 257 3935 1413 4005; baseline -0.001 -14"><span class='ocrx_word' id='word_1_231' title='bbox 257 3936 553 4005; x_wconf 84' lang='lat' dir='ltr'><strong>„Excubui</strong></span> <span class='ocrx_word' id='word_1_232' title='bbox 578 3936 823 3991; x_wconf 83' lang='lat' dir='ltr'><strong>clausam</strong></span> <span class='ocrx_word' id='word_1_233' title='bbox 846 3951 1033 3991; x_wconf 69' lang='lat' dir='ltr'><strong>smus</strong></span> <span class='ocrx_word' id='word_1_234' title='bbox 1054 3941 1119 3989; x_wconf 73' lang='lat' dir='ltr'><strong>ut</strong></span> <span class='ocrx_word' id='word_1_235' title='bbox 1148 3940 1281 3989; x_wconf 84' lang='lat' dir='ltr'><strong>ante</strong></span> <span class='ocrx_word' id='word_1_236' title='bbox 1315 3935 1413 3990; x_wconf 89' lang='lat' dir='ltr'><strong>do·</strong></span> 
     </span>
     <span class='ocr_line' id='line_1_41' title="bbox 254 4007 1413 4077; baseline -0.002 -14"><span class='ocrx_word' id='word_1_237' title='bbox 254 4009 466 4063; x_wconf 86' lang='lat' dir='ltr'><strong>mum.“</strong></span> <span class='ocrx_word' id='word_1_238' title='bbox 539 4007 755 4063; x_wconf 87' lang='lat' dir='ltr'><strong>Deinde</strong></span> <span class='ocrx_word' id='word_1_239' title='bbox 800 4008 983 4063; x_wconf 76' lang='lat' dir='ltr'><strong>notati</strong></span> <span class='ocrx_word' id='word_1_240' title='bbox 1018 4024 1241 4077; x_wconf 85' lang='lat' dir='ltr'><strong>quoque</strong></span> <span class='ocrx_word' id='word_1_241' title='bbox 1283 4024 1413 4076; x_wconf 85' lang='lat' dir='ltr'><strong>par·</strong></span> 
     </span>
     <span class='ocr_line' id='line_1_42' title="bbox 256 4078 1411 4149; baseline -0.002 -14"><span class='ocrx_word' id='word_1_242' title='bbox 256 4080 534 4149; x_wconf 86' lang='lat' dir='ltr'><strong>ticipium,</strong></span> <span class='ocrx_word' id='word_1_243' title='bbox 570 4080 628 4133; x_wconf 90' lang='lat' dir='ltr'><strong>in</strong></span> <span class='ocrx_word' id='word_1_244' title='bbox 664 4078 859 4133; x_wconf 85' lang='lat' dir='ltr'><strong>multis</strong></span> <span class='ocrx_word' id='word_1_245' title='bbox 894 4082 955 4134; x_wconf 88' lang='lat' dir='ltr'><strong>et</strong></span> <span class='ocrx_word' id='word_1_246' title='bbox 986 4079 1214 4148; x_wconf 86' lang='lat' dir='ltr'><strong>optimis</strong></span> <span class='ocrx_word' id='word_1_247' title='bbox 1250 4078 1411 4133; x_wconf 86' lang='lat' dir='ltr'><strong>codd.</strong></span> 
     </span>
     <span class='ocr_line' id='line_1_43' title="bbox 255 4150 1413 4221; baseline -0.003 -15"><span class='ocrx_word' id='word_1_248' title='bbox 255 4158 563 4221; x_wconf 85' lang='lat' dir='ltr'><strong>repertum,</strong></span> <span class='ocrx_word' id='word_1_249' title='bbox 616 4156 769 4205; x_wconf 85' lang='lat' dir='ltr'><strong>recte</strong></span> <span class='ocrx_word' id='word_1_250' title='bbox 812 4167 873 4203; x_wconf 84' lang='lat' dir='ltr'><strong>se</strong></span> <span class='ocrx_word' id='word_1_251' title='bbox 914 4150 1123 4205; x_wconf 87' lang='lat' dir='ltr'><strong>habere</strong></span> <span class='ocrx_word' id='word_1_252' title='bbox 1170 4150 1413 4215; x_wconf 81' lang='lat' dir='ltr'><strong>videtur,</strong></span> 
     </span>
     <span class='ocr_line' id='line_1_44' title="bbox 256 4222 1413 4291; baseline -0.001 -14"><span class='ocrx_word' id='word_1_253' title='bbox 256 4222 559 4277; x_wconf 87' lang='lat' dir='ltr'><strong>dummodo</strong></span> <span class='ocrx_word' id='word_1_254' title='bbox 616 4222 853 4277; x_wconf 86' lang='lat' dir='ltr'><strong>alteram</strong></span> <span class='ocrx_word' id='word_1_255' title='bbox 910 4222 1413 4291; x_wconf 69' lang='lat' dir='ltr'><strong>interrogationem</strong></span> 
     </span>
     <span class='ocr_line' id='line_1_45' title="bbox 257 4293 1413 4365; baseline -0.002 -16"><span class='ocrx_word' id='word_1_256' title='bbox 257 4312 429 4365; x_wconf 86' lang='lat' dir='ltr'><strong>quam</strong></span> <span class='ocrx_word' id='word_1_257' title='bbox 474 4293 731 4363; x_wconf 86' lang='lat' dir='ltr'><strong>proxime</strong></span> <span class='ocrx_word' id='word_1_258' title='bbox 774 4310 898 4347; x_wconf 87' lang='lat' dir='ltr'><strong>cum</strong></span> <span class='ocrx_word' id='word_1_259' title='bbox 944 4294 1235 4361; x_wconf 84' lang='lat' dir='ltr'><strong>superiore</strong></span> <span class='ocrx_word' id='word_1_260' title='bbox 1284 4310 1413 4347; x_wconf 88' lang='lat' dir='ltr'><strong>con-</strong></span> 
     </span>
     <span class='ocr_line' id='line_1_46' title="bbox 256 4364 1415 4435; baseline -0.002 -14"><span class='ocrx_word' id='word_1_261' title='bbox 256 4368 485 4435; x_wconf 83' lang='lat' dir='ltr'><strong>iungas:</strong></span> <span class='ocrx_word' id='word_1_262' title='bbox 544 4380 811 4433; x_wconf 81' lang='lat' dir='ltr'><strong>quorsum</strong></span> <span class='ocrx_word' id='word_1_263' title='bbox 856 4364 1081 4432; x_wconf 82' lang='lat' dir='ltr'><strong>abeant,</strong></span> <span class='ocrx_word' id='word_1_264' title='bbox 1117 4369 1415 4433; x_wconf 83' lang='lat' dir='ltr'><strong>postquam</strong></span> 
     </span>
     <span class='ocr_line' id='line_1_47' title="bbox 254 4436 1413 4500; baseline -0.003 -7"><span class='ocrx_word' id='word_1_265' title='bbox 254 4443 389 4493; x_wconf 82' lang='lat' dir='ltr'><strong>utra</strong></span> <span class='ocrx_word' id='word_1_266' title='bbox 438 4436 677 4500; x_wconf 84' lang='lat' dir='ltr'><strong>ratione,</strong></span> <span class='ocrx_word' id='word_1_267' title='bbox 719 4440 874 4491; x_wconf 77' lang='lat' dir='ltr'><strong>creta</strong></span> <span class='ocrx_word' id='word_1_268' title='bbox 917 4441 985 4489; x_wconf 88' lang='lat' dir='ltr'><strong>ut</strong></span> <span class='ocrx_word' id='word_1_269' title='bbox 1027 4438 1149 4490; x_wconf 84' lang='lat' dir='ltr'><strong>sani</strong></span> <span class='ocrx_word' id='word_1_270' title='bbox 1184 4454 1257 4491; x_wconf 86' lang='lat' dir='ltr'><strong>an</strong></span> <span class='ocrx_word' id='word_1_271' title='bbox 1294 4453 1413 4491; x_wconf 81' lang='lat' dir='ltr'><strong>ear·</strong></span> 
     </span>
     <span class='ocr_line' id='line_1_48' title="bbox 253 4506 1415 4574; baseline -0.003 -9"><span class='ocrx_word' id='word_1_272' title='bbox 253 4512 421 4574; x_wconf 88' lang='lat' dir='ltr'><strong>bone,</strong></span> <span class='ocrx_word' id='word_1_273' title='bbox 485 4507 671 4563; x_wconf 77' lang='lat' dir='ltr'><strong>notati</strong></span> <span class='ocrx_word' id='word_1_274' title='bbox 722 4508 898 4561; x_wconf 76' lang='lat' dir='ltr'><strong>sunt?</strong></span> <span class='ocrx_word' id='word_1_275' title='bbox 969 4506 1049 4561; x_wconf 83' lang='lat' dir='ltr'><strong>Et</strong></span> <span class='ocrx_word' id='word_1_276' title='bbox 1100 4508 1241 4563; x_wconf 90' lang='lat' dir='ltr'><strong>bene</strong></span> <span class='ocrx_word' id='word_1_277' title='bbox 1298 4508 1415 4562; x_wconf 86' lang='lat' dir='ltr'><strong>iam</strong></span> 
     </span>
     <span class='ocr_line' id='line_1_49' title="bbox 256 4550 1418 4651; baseline -0.003 -14"><span class='ocrx_word' id='word_1_278' title='bbox 256 4550 575 4637; x_wconf 82' lang='lat' dir='ltr'><strong>Bentleius.</strong></span> <span class='ocrx_word' id='word_1_279' title='bbox 623 4596 770 4650; x_wconf 86' lang='lat' dir='ltr'><strong>„non</strong></span> <span class='ocrx_word' id='word_1_280' title='bbox 807 4580 1017 4635; x_wconf 86' lang='lat' dir='ltr'><strong>abeunt</strong></span> <span class='ocrx_word' id='word_1_281' title='bbox 1060 4580 1307 4651; x_wconf 81' lang='lat' dir='ltr'><strong>ablegati</strong></span> <span class='ocrx_word' id='word_1_282' title='bbox 1344 4578 1418 4634; x_wconf 85' lang='lat' dir='ltr'><strong>ad</strong></span> 
     </span>
    </p>
   </div>
   <div class='ocr_carea' id='block_1_5' title="bbox 362 4700 1293 4752">
    <p class='ocr_par' dir='ltr' id='par_1_8' title="bbox 362 4700 1293 4752">
     <span class='ocr_line' id='line_1_50' title="bbox 362 4700 1293 4752; baseline -0.001 -10"><span class='ocrx_word' id='word_1_283' title='bbox 362 4702 591 4743; x_wconf 74' lang='lat' dir='ltr'><strong>Horatius</strong></span> <span class='ocrx_word' id='word_1_284' title='bbox 617 4700 1293 4752; x_wconf 76' lang='lat' dir='ltr'><strong>ed.1&gt;sslenburgered.vn.</strong></span> 
     </span>
    </p>
   </div>
   <div class='ocr_carea' id='block_1_6' title="bbox 553 3148 1443 3218">
    <p class='ocr_par' dir='ltr' id='par_1_9' title="bbox 553 3148 1443 3218">
     <span class='ocr_line' id='line_1_51' title="bbox 553 3148 1443 3218; baseline 0 -15"><span class='ocrx_word' id='word_1_285' title='bbox 553 3148 814 3203; x_wconf 84' lang='lat' dir='ltr'><strong>Ceterum</strong></span> <span class='ocrx_word' id='word_1_286' title='bbox 868 3149 1175 3218; x_wconf 87' lang='lat' dir='ltr'><strong>pronuntia</strong></span> <span class='ocrx_word' id='word_1_287' title='bbox 1224 3148 1409 3203; x_wconf 84' lang='lat' dir='ltr'><strong>tribus</strong></span> <span class='ocrx_word' id='word_1_288' title='bbox 1440 3180 1443 3183; x_wconf 79' lang='grc'><em>·</em></span> 
     </span>
    </p>
   </div>
   <div class='ocr_carea' id='block_1_7' title="bbox 1494 2290 2668 4649">
    <p class='ocr_par' dir='ltr' id='par_1_10' title="bbox 1494 2290 2668 4637">
     <span class='ocr_line' id='line_1_52' title="bbox 1495 2290 2656 2361; baseline 0.001 -16"><span class='ocrx_word' id='word_1_289' title='bbox 1495 2291 1736 2360; x_wconf 84' lang='lat' dir='ltr'><strong>insanos,</strong></span> <span class='ocrx_word' id='word_1_290' title='bbox 1780 2290 2018 2347; x_wconf 58' lang='lat' dir='ltr'><strong>notan&amp;</strong></span> <span class='ocrx_word' id='word_1_291' title='bbox 2059 2291 2359 2361; x_wconf 88' lang='lat' dir='ltr'><strong>carbone;·</strong></span> <span class='ocrx_word' id='word_1_292' title='bbox 2389 2292 2488 2347; x_wconf 84' lang='lat' dir='ltr'><strong>sed</strong></span> <span class='ocrx_word' id='word_1_293' title='bbox 2539 2292 2656 2347; x_wconf 84' lang='lat' dir='ltr'><strong>iam</strong></span> 
     </span>
     <span class='ocr_line' id='line_1_53' title="bbox 1494 2362 2650 2433; baseline 0.002 -17"><span class='ocrx_word' id='word_1_294' title='bbox 1494 2367 1618 2416; x_wconf 87' lang='lat' dir='ltr'><strong>tum</strong></span> <span class='ocrx_word' id='word_1_295' title='bbox 1654 2364 1835 2417; x_wconf 77' lang='lat' dir='ltr'><strong>notati</strong></span> <span class='ocrx_word' id='word_1_296' title='bbox 1871 2364 2006 2417; x_wconf 88' lang='lat' dir='ltr'><strong>illuc</strong></span> <span class='ocrx_word' id='word_1_297' title='bbox 2040 2362 2466 2433; x_wconf 85' lang='lat' dir='ltr'><strong>deportantur.“</strong></span> <span class='ocrx_word' id='word_1_298' title='bbox 2513 2362 2650 2418; x_wconf 83' lang='lat' dir='ltr'><strong>Mei-</strong></span> 
     </span>
     <span class='ocr_line' id='line_1_54' title="bbox 1494 2434 2649 2491; baseline 0 -2"><span class='ocrx_word' id='word_1_299' title='bbox 1494 2434 1720 2489; x_wconf 86' lang='lat' dir='ltr'><strong>nekius=</strong></span> <span class='ocrx_word' id='word_1_300' title='bbox 1771 2435 1938 2489; x_wconf 75' lang='lat' dir='ltr'><strong>soem&#39;n</strong></span> <span class='ocrx_word' id='word_1_301' title='bbox 1973 2439 2130 2491; x_wconf 82' lang='lat' dir='ltr'><strong>creta</strong></span> <span class='ocrx_word' id='word_1_302' title='bbox 2165 2452 2240 2489; x_wconf 88' lang='lat' dir='ltr'><strong>an</strong></span> <span class='ocrx_word' id='word_1_303' title='bbox 2277 2434 2518 2489; x_wconf 86' lang='lat' dir='ltr'><strong>carbone</strong></span> <span class='ocrx_word' id='word_1_304' title='bbox 2552 2452 2649 2489; x_wconf 81' lang='lat' dir='ltr'><strong>no·</strong></span> 
     </span>
     <span class='ocr_line' id='line_1_55' title="bbox 1496 2504 2655 2575; baseline 0.003 -17"><span class='ocrx_word' id='word_1_305' title='bbox 1496 2504 1699 2559; x_wconf 72' lang='lat' dir='ltr'><strong>tandi?</strong></span> <span class='ocrx_word' id='word_1_306' title='bbox 1717 2506 1924 2575; x_wconf 88' lang='lat' dir='ltr'><strong>Haupt.</strong></span> <span class='ocrx_word' id='word_1_307' title='bbox 1938 2505 2168 2561; x_wconf 89' lang='lat' dir='ltr'><strong>Linker.</strong></span> <span class='ocrx_word' id='word_1_308' title='bbox 2187 2507 2442 2563; x_wconf 83' lang='lat' dir='ltr'><strong>Mueller.</strong></span> <span class='ocrx_word' id='word_1_309' title='bbox 2464 2505 2655 2561; x_wconf 80' lang='lat' dir='ltr'><strong>Lehrs.</strong></span> 
     </span>
     <span class='ocr_line' id='line_1_56' title="bbox 1496 2577 2654 2649; baseline 0.003 -20"><span class='ocrx_word' id='word_1_310' title='bbox 1496 2577 1780 2631; x_wconf 86' lang='lat' dir='ltr'><strong>Eckstein.</strong></span> <span class='ocrx_word' id='word_1_311' title='bbox 1826 2577 2066 2649; x_wconf 74' lang='lat' dir='ltr'><strong>Kriiger.</strong></span> <span class='ocrx_word' id='word_1_312' title='bbox 2115 2579 2284 2633; x_wconf 66' lang='lat' dir='ltr'><strong>souin</strong></span> <span class='ocrx_word' id='word_1_313' title='bbox 2337 2584 2394 2632; x_wconf 90' lang='lat' dir='ltr'><strong>et</strong></span> <span class='ocrx_word' id='word_1_314' title='bbox 2445 2577 2654 2647; x_wconf 76' lang='lat' dir='ltr'><strong>notati3</strong></span> 
     </span>
     <span class='ocr_line' id='line_1_57' title="bbox 1496 2647 2658 2720; baseline 0.002 -19"><span class='ocrx_word' id='word_1_315' title='bbox 1496 2648 1646 2702; x_wconf 87' lang='lat' dir='ltr'><strong>idem</strong></span> <span class='ocrx_word' id='word_1_316' title='bbox 1715 2647 2016 2705; x_wconf 84' lang='lat' dir='ltr'><strong>Teuffelius</strong></span> <span class='ocrx_word' id='word_1_317' title='bbox 2086 2650 2383 2720; x_wconf 83' lang='lat' dir='ltr'><strong>praetulit3</strong></span> <span class='ocrx_word' id='word_1_318' title='bbox 2457 2654 2658 2705; x_wconf 86' lang='lat' dir='ltr'><strong>contra</strong></span> 
     </span>
     <span class='ocr_line' id='line_1_58' title="bbox 1497 2720 2658 2789; baseline 0.001 -15"><span class='ocrx_word' id='word_1_319' title='bbox 1497 2720 1890 2774; x_wconf 87' lang='lat' dir='ltr'><strong>Doederlinius</strong></span> <span class='ocrx_word' id='word_1_320' title='bbox 1927 2722 2030 2776; x_wconf 85' lang='lat' dir='ltr'><strong>sic:</strong></span> <span class='ocrx_word' id='word_1_321' title='bbox 2069 2722 2196 2776; x_wconf 62' lang='lat' dir='ltr'><strong>sam</strong></span> <span class='ocrx_word' id='word_1_322' title='bbox 2233 2726 2297 2775; x_wconf 75' lang='lat' dir='ltr'><strong>ut</strong></span> <span class='ocrx_word' id='word_1_323' title='bbox 2323 2764 2336 2776; x_wconf 92' lang='lat'><strong>.</strong></span> <span class='ocrx_word' id='word_1_324' title='bbox 2359 2760 2372 2773; x_wconf 95' lang='lat'>.</span> <span class='ocrx_word' id='word_1_325' title='bbox 2400 2721 2658 2789; x_wconf 74' lang='lat' dir='ltr'><strong>mtandi;</strong></span> 
     </span>
     <span class='ocr_line' id='line_1_59' title="bbox 1497 2792 2654 2848; baseline 0 -2"><span class='ocrx_word' id='word_1_326' title='bbox 1497 2792 1728 2847; x_wconf 66' lang='lat' dir='ltr'><strong>Rittem</strong></span> <span class='ocrx_word' id='word_1_327' title='bbox 1781 2792 1912 2847; x_wconf 78' lang='lat' dir='ltr'><strong>sani</strong></span> <span class='ocrx_word' id='word_1_328' title='bbox 1958 2796 2118 2848; x_wconf 87' lang='lat' dir='ltr'><strong>creta</strong></span> <span class='ocrx_word' id='word_1_329' title='bbox 2161 2811 2234 2847; x_wconf 87' lang='lat' dir='ltr'><strong>an</strong></span> <span class='ocrx_word' id='word_1_330' title='bbox 2281 2792 2522 2848; x_wconf 83' lang='lat' dir='ltr'><strong>carbone</strong></span> <span class='ocrx_word' id='word_1_331' title='bbox 2563 2809 2654 2846; x_wconf 76' lang='lat' dir='ltr'><strong>no-</strong></span> 
     </span>
     <span class='ocr_line' id='line_1_60' title="bbox 1498 2862 2656 2919; baseline 0 -2"><span class='ocrx_word' id='word_1_332' title='bbox 1498 2864 1610 2918; x_wconf 79' lang='lat' dir='ltr'><strong>tati</strong></span> <span class='ocrx_word' id='word_1_333' title='bbox 1622 2862 1652 2917; x_wconf 69' lang='lat'><strong>,9</strong></span> <span class='ocrx_word' id='word_1_334' title='bbox 1683 2864 1990 2918; x_wconf 85' lang='lat' dir='ltr'><strong>Duentzer:</strong></span> <span class='ocrx_word' id='word_1_335' title='bbox 2015 2862 2224 2919; x_wconf 72' lang='lat' dir='ltr'><strong>souin?</strong></span> <span class='ocrx_word' id='word_1_336' title='bbox 2258 2869 2410 2919; x_wconf 78' lang='lat' dir='ltr'><strong>creta</strong></span> <span class='ocrx_word' id='word_1_337' title='bbox 2434 2881 2511 2918; x_wconf 77' lang='lat' dir='ltr'><strong>an</strong></span> <span class='ocrx_word' id='word_1_338' title='bbox 2535 2879 2656 2918; x_wconf 80' lang='lat' dir='ltr'><strong>car-</strong></span> 
     </span>
     <span class='ocr_line' id='line_1_61' title="bbox 1498 2934 2660 3005; baseline 0.001 -16"><span class='ocrx_word' id='word_1_339' title='bbox 1498 2936 1632 2989; x_wconf 77' lang='lat' dir='ltr'><strong>bone</strong></span> <span class='ocrx_word' id='word_1_340' title='bbox 1690 2934 1966 2990; x_wconf 71' lang='lat' dir='ltr'><strong>notandi?</strong></span> <span class='ocrx_word' id='word_1_341' title='bbox 2031 2936 2185 2989; x_wconf 88' lang='lat' dir='ltr'><strong>Pers.</strong></span> <span class='ocrx_word' id='word_1_342' title='bbox 2233 2937 2285 3003; x_wconf 82' lang='lat'><strong>5,</strong></span> <span class='ocrx_word' id='word_1_343' title='bbox 2327 2938 2455 2989; x_wconf 80' lang='lat'>108:</span> <span class='ocrx_word' id='word_1_344' title='bbox 2516 2934 2660 3005; x_wconf 79' lang='lat' dir='ltr'><strong>„Illa</strong></span> 
     </span>
     <span class='ocr_line' id='line_1_62' title="bbox 1498 3006 2658 3075; baseline 0.002 -16"><span class='ocrx_word' id='word_1_345' title='bbox 1498 3006 1656 3075; x_wconf 85' lang='lat' dir='ltr'><strong>prius</strong></span> <span class='ocrx_word' id='word_1_346' title='bbox 1707 3011 1878 3074; x_wconf 86' lang='lat' dir='ltr'><strong>creta,</strong></span> <span class='ocrx_word' id='word_1_347' title='bbox 1925 3024 2057 3061; x_wconf 85' lang='lat' dir='ltr'><strong>mox</strong></span> <span class='ocrx_word' id='word_1_348' title='bbox 2107 3006 2250 3061; x_wconf 85' lang='lat' dir='ltr'><strong>haec</strong></span> <span class='ocrx_word' id='word_1_349' title='bbox 2283 3006 2526 3063; x_wconf 76' lang='lat' dir='ltr'><strong>carbone</strong></span> <span class='ocrx_word' id='word_1_350' title='bbox 2559 3024 2658 3061; x_wconf 89' lang='lat' dir='ltr'><strong>no-</strong></span> 
     </span>
     <span class='ocr_line' id='line_1_63' title="bbox 1498 3077 2568 3147; baseline 0 -14"><span class='ocrx_word' id='word_1_351' title='bbox 1498 3077 1686 3133; x_wconf 82' lang='lat' dir='ltr'><strong>tasti.“</strong></span> <span class='ocrx_word' id='word_1_352' title='bbox 1755 3077 1904 3134; x_wconf 77' lang='lat' dir='ltr'><strong>‚Vide</strong></span> <span class='ocrx_word' id='word_1_353' title='bbox 1939 3078 2013 3133; x_wconf 85' lang='lat' dir='ltr'><strong>ad</strong></span> <span class='ocrx_word' id='word_1_354' title='bbox 2052 3079 2234 3133; x_wconf 77' lang='lat' dir='ltr'><strong>Carm-</strong></span> <span class='ocrx_word' id='word_1_355' title='bbox 2269 3078 2314 3147; x_wconf 83' lang='lat'><strong>1,</strong></span> <span class='ocrx_word' id='word_1_356' title='bbox 2351 3080 2442 3147; x_wconf 78' lang='lat'><strong>36,</strong></span> <span class='ocrx_word' id='word_1_357' title='bbox 2483 3082 2568 3133; x_wconf 89' lang='grc'><strong>10.</strong></span> 
     </span>
     <span class='ocr_line' id='line_1_64' title="bbox 1576 3149 2658 3219; baseline 0.004 -18"><span class='ocrx_word' id='word_1_358' title='bbox 1576 3149 1638 3202; x_wconf 85' lang='lat' dir='ltr'><strong>V.</strong></span> <span class='ocrx_word' id='word_1_359' title='bbox 1665 3150 1791 3201; x_wconf 79' lang='lat'><strong>247.</strong></span> <span class='ocrx_word' id='word_1_360' title='bbox 1833 3149 2138 3219; x_wconf 68' lang='lat' dir='ltr'><strong>aedificare]</strong></span> <span class='ocrx_word' id='word_1_361' title='bbox 2181 3149 2372 3218; x_wconf 86' lang='lat' dir='ltr'><strong>„Haec</strong></span> <span class='ocrx_word' id='word_1_362' title='bbox 2404 3151 2588 3205; x_wconf 84' lang='lat' dir='ltr'><strong>solent</strong></span> <span class='ocrx_word' id='word_1_363' title='bbox 2623 3168 2658 3205; x_wconf 88' lang='lat' dir='ltr'><strong>a</strong></span> 
     </span>
     <span class='ocr_line' id='line_1_65' title="bbox 1498 3220 2658 3290; baseline 0.002 -16"><span class='ocrx_word' id='word_1_364' title='bbox 1498 3220 1690 3290; x_wconf 86' lang='lat' dir='ltr'><strong>pueris</strong></span> <span class='ocrx_word' id='word_1_365' title='bbox 1744 3220 2018 3276; x_wconf 83' lang='lat' dir='ltr'><strong>factitari.</strong></span> <span class='ocrx_word' id='word_1_366' title='bbox 2103 3220 2312 3277; x_wconf 83' lang='lat' dir='ltr'><strong>Tibull.</strong></span> <span class='ocrx_word' id='word_1_367' title='bbox 2357 3221 2432 3288; x_wconf 88' lang='lat'><strong>11,</strong></span> <span class='ocrx_word' id='word_1_368' title='bbox 2477 3225 2521 3290; x_wconf 81' lang='grc' dir='ltr'><strong>Ι,</strong></span> <span class='ocrx_word' id='word_1_369' title='bbox 2559 3222 2658 3276; x_wconf 78' lang='lat'><strong>23:</strong></span> 
     </span>
     <span class='ocr_line' id='line_1_66' title="bbox 1504 3291 2662 3361; baseline 0.002 -16.057"><span class='ocrx_word' id='word_1_370' title='bbox 1504 3291 1841 3360; x_wconf 75' lang='lat' dir='ltr'><strong>»Turbaque</strong></span> <span class='ocrx_word' id='word_1_371' title='bbox 1899 3310 2200 3348; x_wconf 84' lang='lat' dir='ltr'><strong>vernarum</strong></span> <span class='ocrx_word' id='word_1_372' title='bbox 2213 3332 2227 3361; x_wconf 93' lang='lat'><strong>,</strong></span> <span class='ocrx_word' id='word_1_373' title='bbox 2283 3294 2464 3347; x_wconf 80' lang='lat' dir='ltr'><strong>saturi</strong></span> <span class='ocrx_word' id='word_1_374' title='bbox 2510 3293 2662 3347; x_wconf 84' lang='lat' dir='ltr'><strong>bona</strong></span> 
     </span>
     <span class='ocr_line' id='line_1_67' title="bbox 1502 3364 2656 3435; baseline 0.002 -18"><span class='ocrx_word' id='word_1_375' title='bbox 1502 3364 1666 3434; x_wconf 82' lang='lat' dir='ltr'><strong>signa</strong></span> <span class='ocrx_word' id='word_1_376' title='bbox 1699 3364 1900 3427; x_wconf 88' lang='lat' dir='ltr'><strong>coloni,</strong></span> <span class='ocrx_word' id='word_1_377' title='bbox 1937 3364 2096 3419; x_wconf 87' lang='lat' dir='ltr'><strong>ludet</strong></span> <span class='ocrx_word' id='word_1_378' title='bbox 2133 3369 2191 3420; x_wconf 87' lang='lat' dir='ltr'><strong>et</strong></span> <span class='ocrx_word' id='word_1_379' title='bbox 2226 3382 2296 3418; x_wconf 81' lang='lat' dir='ltr'><strong>ex</strong></span> <span class='ocrx_word' id='word_1_380' title='bbox 2343 3365 2522 3435; x_wconf 80' lang='lat' dir='ltr'><strong>virgis</strong></span> <span class='ocrx_word' id='word_1_381' title='bbox 2561 3382 2656 3419; x_wconf 81' lang='lat' dir='ltr'><strong>ex·</strong></span> 
     </span>
     <span class='ocr_line' id='line_1_68' title="bbox 1502 3435 2658 3491; baseline 0.001 -2"><span class='ocrx_word' id='word_1_382' title='bbox 1502 3440 1686 3490; x_wconf 86' lang='lat' dir='ltr'><strong>struet</strong></span> <span class='ocrx_word' id='word_1_383' title='bbox 1723 3439 1854 3489; x_wconf 87' lang='lat' dir='ltr'><strong>ante</strong></span> <span class='ocrx_word' id='word_1_384' title='bbox 1890 3452 2096 3491; x_wconf 61' lang='lat' dir='ltr'><strong>casam«</strong></span> <span class='ocrx_word' id='word_1_385' title='bbox 2183 3435 2430 3491; x_wconf 83' lang='lat' dir='ltr'><strong>Gonatur</strong></span> <span class='ocrx_word' id='word_1_386' title='bbox 2469 3440 2658 3491; x_wconf 87' lang='lat' dir='ltr'><strong>autem</strong></span> 
     </span>
     <span class='ocr_line' id='line_1_69' title="bbox 1502 3507 2659 3576; baseline 0.002 -16"><span class='ocrx_word' id='word_1_387' title='bbox 1502 3507 1796 3561; x_wconf 82' lang='lat' dir='ltr'><strong>ostendere</strong></span> <span class='ocrx_word' id='word_1_388' title='bbox 1833 3508 2106 3576; x_wconf 86' lang='lat' dir='ltr'><strong>puerilius</strong></span> <span class='ocrx_word' id='word_1_389' title='bbox 2155 3524 2272 3562; x_wconf 87' lang='lat' dir='ltr'><strong>esse</strong></span> <span class='ocrx_word' id='word_1_390' title='bbox 2311 3524 2500 3562; x_wconf 85' lang='lat' dir='ltr'><strong>amare</strong></span> <span class='ocrx_word' id='word_1_391' title='bbox 2531 3508 2659 3562; x_wconf 83' lang='lat' dir='ltr'><strong>viro</strong></span> 
     </span>
     <span class='ocr_line' id='line_1_70' title="bbox 1501 3578 2662 3649; baseline 0 -16"><span class='ocrx_word' id='word_1_392' title='bbox 1501 3578 1744 3633; x_wconf 84' lang='lat' dir='ltr'><strong>barbato</strong></span> <span class='ocrx_word' id='word_1_393' title='bbox 1799 3596 1969 3647; x_wconf 87' lang='lat' dir='ltr'><strong>quam</strong></span> <span class='ocrx_word' id='word_1_394' title='bbox 2032 3579 2134 3634; x_wconf 84' lang='lat' dir='ltr'><strong>hos</strong></span> <span class='ocrx_word' id='word_1_395' title='bbox 2193 3579 2355 3634; x_wconf 87' lang='lat' dir='ltr'><strong>ludos</strong></span> <span class='ocrx_word' id='word_1_396' title='bbox 2413 3580 2662 3649; x_wconf 86' lang='lat' dir='ltr'><strong>pueriles</strong></span> 
     </span>
     <span class='ocr_line' id='line_1_71' title="bbox 1503 3650 2660 3705; baseline 0.001 -1"><span class='ocrx_word' id='word_1_397' title='bbox 1503 3650 1751 3705; x_wconf 79' lang='lat' dir='ltr'><strong>ludere-‘⁴</strong></span> <span class='ocrx_word' id='word_1_398' title='bbox 1798 3650 2056 3705; x_wconf 88' lang='lat' dir='ltr'><strong>Lambin.</strong></span> <span class='ocrx_word' id='word_1_399' title='bbox 2125 3650 2452 3705; x_wconf 84' lang='lat' dir='ltr'><strong>Luxuriosis</strong></span> <span class='ocrx_word' id='word_1_400' title='bbox 2490 3651 2660 3705; x_wconf 86' lang='lat' dir='ltr'><strong>etiam</strong></span> 
     </span>
     <span class='ocr_line' id='line_1_72' title="bbox 1504 3721 2660 3791; baseline 0.001 -16"><span class='ocrx_word' id='word_1_401' title='bbox 1504 3721 1910 3777; x_wconf 70' lang='lat' dir='ltr'><strong>adnumerandi</strong></span> <span class='ocrx_word' id='word_1_402' title='bbox 1959 3728 2090 3777; x_wconf 83' lang='lat' dir='ltr'><strong>sunt</strong></span> <span class='ocrx_word' id='word_1_403' title='bbox 2129 3722 2228 3791; x_wconf 87' lang='lat' dir='ltr'><strong>qui</strong></span> <span class='ocrx_word' id='word_1_404' title='bbox 2261 3739 2452 3777; x_wconf 87' lang='lat' dir='ltr'><strong>amore</strong></span> <span class='ocrx_word' id='word_1_405' title='bbox 2485 3738 2660 3776; x_wconf 87' lang='lat' dir='ltr'><strong>mere-</strong></span> 
     </span>
     <span class='ocr_line' id='line_1_73' title="bbox 1503 3793 2664 3863; baseline 0.001 -17"><span class='ocrx_word' id='word_1_406' title='bbox 1503 3794 1712 3847; x_wconf 83' lang='lat' dir='ltr'><strong>tricum</strong></span> <span class='ocrx_word' id='word_1_407' title='bbox 1756 3798 2026 3863; x_wconf 75' lang='lat' dir='ltr'><strong>uruntur-3</strong></span> <span class='ocrx_word' id='word_1_408' title='bbox 2079 3793 2150 3849; x_wconf 91' lang='lat' dir='ltr'><strong>de</strong></span> <span class='ocrx_word' id='word_1_409' title='bbox 2195 3794 2398 3848; x_wconf 85' lang='lat' dir='ltr'><strong>horum</strong></span> <span class='ocrx_word' id='word_1_410' title='bbox 2442 3793 2664 3848; x_wconf 85' lang='lat' dir='ltr'><strong>insania</strong></span> 
     </span>
     <span class='ocr_line' id='line_1_74' title="bbox 1505 3864 2662 3935; baseline 0.001 -16"><span class='ocrx_word' id='word_1_411' title='bbox 1505 3865 1828 3935; x_wconf 84' lang='lat' dir='ltr'><strong>disputatur</strong></span> <span class='ocrx_word' id='word_1_412' title='bbox 1871 3882 1962 3919; x_wconf 82' lang='lat' dir='ltr'><strong>vv.</strong></span> <span class='ocrx_word' id='word_1_413' title='bbox 1998 3866 2186 3918; x_wconf 75' lang='grc'><strong>247-</strong></span> <span class='ocrx_word' id='word_1_414' title='bbox 2198 3867 2322 3920; x_wconf 79' lang='grc'><strong>280.</strong></span> <span class='ocrx_word' id='word_1_415' title='bbox 2367 3864 2662 3921; x_wconf 75' lang='lat' dir='ltr'><strong>-zudere</strong></span> 
     </span>
     <span class='ocr_line' id='line_1_75' title="bbox 1498 3931 2660 4007; baseline -0.002 -16"><span class='ocrx_word' id='word_1_416' title='bbox 1498 3952 1614 4007; x_wconf 77' lang='lat' dir='ltr'><strong>par</strong></span> <span class='ocrx_word' id='word_1_417' title='bbox 1647 3936 1852 4005; x_wconf 77' lang='lat' dir='ltr'><strong>impar]</strong></span> <span class='ocrx_word' id='word_1_418' title='bbox 1893 3936 2105 3992; x_wconf 68' lang='lat' dir='ltr'><strong>Groece</strong></span> <span class='ocrx_word' id='word_1_419' title='bbox 2151 3931 2436 4007; x_wconf 70' lang='grc' dir='ltr'>ἁρπάζειν.</span> <span class='ocrx_word' id='word_1_420' title='bbox 2509 3936 2660 3991; x_wconf 82' lang='lat' dir='ltr'><strong>Plnt.</strong></span> 
     </span>
     <span class='ocr_line' id='line_1_76' title="bbox 1507 4002 2666 4095; baseline -0.001 -34"><span class='ocrx_word' id='word_1_421' title='bbox 1507 4008 1696 4092; x_wconf 79' lang='lat' dir='ltr'><strong>Symp.</strong></span> <span class='ocrx_word' id='word_1_422' title='bbox 1720 4008 1820 4095; x_wconf 90' lang='lat' dir='ltr'><strong>IX,</strong></span> <span class='ocrx_word' id='word_1_423' title='bbox 1850 4010 1916 4062; x_wconf 82' lang='lat'><strong>12</strong></span> <span class='ocrx_word' id='word_1_424' title='bbox 1951 4012 2124 4064; x_wconf 77' lang='lat' dir='ltr'><strong>extr..</strong></span> <span class='ocrx_word' id='word_1_425' title='bbox 2165 4010 2308 4079; x_wconf 56' lang='lat' dir='ltr'><strong>„uiis</strong></span> <span class='ocrx_word' id='word_1_426' title='bbox 2336 4002 2666 4075; x_wconf 68' lang='grc' dir='ltr'><strong><em>ἐρωτώντων</em></strong></span> 
     </span>
     <span class='ocr_line' id='line_1_77' title="bbox 1506 4050 2666 4153; baseline -0.002 -20"><span class='ocrx_word' id='word_1_427' title='bbox 1506 4075 1712 4148; x_wconf 71' lang='grc' dir='ltr'><strong><em>πότερα</em></strong></span> <span class='ocrx_word' id='word_1_428' title='bbox 1751 4076 1908 4149; x_wconf 75' lang='grc' dir='ltr'>ἄρτια</span> <span class='ocrx_word' id='word_1_429' title='bbox 1948 4050 2334 4153; x_wconf 76' lang='grc' dir='ltr'>συνειληφότες</span> <span class='ocrx_word' id='word_1_430' title='bbox 2369 4078 2402 4145; x_wconf 87' lang='grc' dir='ltr'>ἢ</span> <span class='ocrx_word' id='word_1_431' title='bbox 2439 4076 2666 4151; x_wconf 74' lang='grc' dir='ltr'>περιττὰ</span> 
     </span>
     <span class='ocr_line' id='line_1_78' title="bbox 1508 4151 2662 4221; baseline 0.002 -18"><span class='ocrx_word' id='word_1_432' title='bbox 1508 4157 1896 4206; x_wconf 73' lang='grc' dir='ltr'>συντείνουσιν.</span> <span class='ocrx_word' id='word_1_433' title='bbox 1903 4151 1930 4181; x_wconf 86' lang='lat'>“</span> <span class='ocrx_word' id='word_1_434' title='bbox 1989 4180 2054 4193; x_wconf 92' lang='lat'><em>-</em></span> <span class='ocrx_word' id='word_1_435' title='bbox 2113 4152 2276 4207; x_wconf 74' lang='lat' dir='ltr'><strong>ludas</strong></span> <span class='ocrx_word' id='word_1_436' title='bbox 2319 4151 2478 4221; x_wconf 76' lang='lat' dir='ltr'><strong>opus]</strong></span> <span class='ocrx_word' id='word_1_437' title='bbox 2522 4168 2662 4221; x_wconf 88' lang='lat' dir='ltr'><strong>opus</strong></span> 
     </span>
     <span class='ocr_line' id='line_1_79' title="bbox 1506 4222 2665 4279; baseline 0.001 -2"><span class='ocrx_word' id='word_1_438' title='bbox 1506 4222 1718 4277; x_wconf 87' lang='lat' dir='ltr'><strong>serium</strong></span> <span class='ocrx_word' id='word_1_439' title='bbox 1772 4223 2015 4278; x_wconf 83' lang='lat' dir='ltr'><strong>ludendo</strong></span> <span class='ocrx_word' id='word_1_440' title='bbox 2069 4224 2324 4279; x_wconf 82' lang='lat' dir='ltr'><strong>imiteris.</strong></span> <span class='ocrx_word' id='word_1_441' title='bbox 2382 4252 2450 4263; x_wconf 90' lang='lat'><strong>—-</strong></span> <span class='ocrx_word' id='word_1_442' title='bbox 2504 4222 2665 4278; x_wconf 78' lang='lat' dir='ltr'><strong>Pole-</strong></span> 
     </span>
     <span class='ocr_line' id='line_1_80' title="bbox 1508 4294 2666 4364; baseline 0.001 -17"><span class='ocrx_word' id='word_1_443' title='bbox 1508 4294 1950 4363; x_wconf 78' lang='lat' dir='ltr'><strong>mon]„1uvenis</strong></span> <span class='ocrx_word' id='word_1_444' title='bbox 2001 4295 2112 4350; x_wconf 85' lang='lat' dir='ltr'><strong>fuit</strong></span> <span class='ocrx_word' id='word_1_445' title='bbox 2147 4294 2507 4349; x_wconf 84' lang='lat' dir='ltr'><strong>Atheniensis</strong></span> <span class='ocrx_word' id='word_1_446' title='bbox 2537 4312 2666 4364; x_wconf 86' lang='lat' dir='ltr'><strong>per·</strong></span> 
     </span>
     <span class='ocr_line' id='line_1_81' title="bbox 1508 4333 2664 4421; baseline 0 -2"><span class='ocrx_word' id='word_1_447' title='bbox 1508 4365 1664 4420; x_wconf 77' lang='lat' dir='ltr'><strong>ditae</strong></span> <span class='ocrx_word' id='word_1_448' title='bbox 1693 4333 1980 4421; x_wconf 76' lang='lat' dir='ltr'><strong>luxuriae.</strong></span> <span class='ocrx_word' id='word_1_449' title='bbox 2061 4367 2115 4420; x_wconf 87' lang='lat' dir='ltr'><strong>Is</strong></span> <span class='ocrx_word' id='word_1_450' title='bbox 2163 4384 2291 4421; x_wconf 89' lang='lat' dir='ltr'><strong>cum</strong></span> <span class='ocrx_word' id='word_1_451' title='bbox 2340 4366 2526 4421; x_wconf 89' lang='lat' dir='ltr'><strong>ebrius</strong></span> <span class='ocrx_word' id='word_1_452' title='bbox 2579 4366 2664 4419; x_wconf 86' lang='lat' dir='ltr'><strong>in-</strong></span> 
     </span>
     <span class='ocr_line' id='line_1_82' title="bbox 1510 4436 2668 4507; baseline 0.002 -16"><span class='ocrx_word' id='word_1_453' title='bbox 1510 4437 1740 4491; x_wconf 86' lang='lat' dir='ltr'><strong>cederet</strong></span> <span class='ocrx_word' id='word_1_454' title='bbox 1770 4456 1874 4507; x_wconf 88' lang='lat' dir='ltr'><strong>per</strong></span> <span class='ocrx_word' id='word_1_455' title='bbox 1907 4438 2122 4500; x_wconf 87' lang='lat' dir='ltr'><strong>urbem,</strong></span> <span class='ocrx_word' id='word_1_456' title='bbox 2157 4438 2342 4493; x_wconf 77' lang='lat' dir='ltr'><strong>fertur</strong></span> <span class='ocrx_word' id='word_1_457' title='bbox 2378 4436 2598 4495; x_wconf 82' lang='lat' dir='ltr'><strong>audisse</strong></span> <span class='ocrx_word' id='word_1_458' title='bbox 2637 4455 2668 4493; x_wconf 88' lang='lat' dir='ltr'><strong>e</strong></span> 
     </span>
     <span class='ocr_line' id='line_1_83' title="bbox 1514 4509 2666 4579; baseline 0.002 -18"><span class='ocrx_word' id='word_1_459' title='bbox 1514 4509 1832 4579; x_wconf 86' lang='lat' dir='ltr'><strong>propinquo</strong></span> <span class='ocrx_word' id='word_1_460' title='bbox 1870 4510 2201 4565; x_wconf 85' lang='lat' dir='ltr'><strong>Xenocratis</strong></span> <span class='ocrx_word' id='word_1_461' title='bbox 2245 4527 2436 4565; x_wconf 82' lang='lat' dir='ltr'><strong>vocem</strong></span> <span class='ocrx_word' id='word_1_462' title='bbox 2478 4510 2666 4579; x_wconf 85' lang='lat' dir='ltr'><strong>dispu-</strong></span> 
     </span>
     <span class='ocr_line' id='line_1_84' title="bbox 1514 4580 2668 4649; baseline 0 -14"><span class='ocrx_word' id='word_1_463' title='bbox 1514 4580 1709 4649; x_wconf 81' lang='lat' dir='ltr'><strong>tantis,</strong></span> <span class='ocrx_word' id='word_1_464' title='bbox 1745 4581 1946 4636; x_wconf 87' lang='lat' dir='ltr'><strong>deinde</strong></span> <span class='ocrx_word' id='word_1_465' title='bbox 1981 4581 2242 4636; x_wconf 83' lang='lat' dir='ltr'><strong>introisse</strong></span> <span class='ocrx_word' id='word_1_466' title='bbox 2277 4587 2574 4637; x_wconf 86' lang='lat' dir='ltr'><strong>coronatus</strong></span> <span class='ocrx_word' id='word_1_467' title='bbox 2609 4586 2668 4635; x_wconf 90' lang='lat' dir='ltr'><strong>et</strong></span> 
     </span>
    </p>
   </div>
   <div class='ocr_carea' id='block_1_8' title="bbox 2197 4680 2268 4733">
    <p class='ocr_par' dir='ltr' id='par_1_11' title="bbox 2197 4680 2268 4733">
     <span class='ocr_line' id='line_1_85' title="bbox 2197 4680 2268 4733; baseline 0 -3"><span class='ocrx_word' id='word_1_468' title='bbox 2197 4680 2268 4733; x_wconf 83' lang='lat'><strong>29</strong></span> 
     </span>
    </p>
   </div>
   <div class='ocr_carea' id='block_1_9' title="bbox 3069 572 3078 1253">
    <p class='ocr_par' dir='ltr' id='par_1_12' title="bbox 3069 572 3078 1253">
     <span class='ocr_line' id='line_1_86' title="bbox 3069 572 3078 1253; baseline 0 0"><span class='ocrx_word' id='word_1_469' title='bbox 3069 572 3078 1253; x_wconf 95' lang='lat' dir='ltr'><strong> </strong></span> 
     </span>
    </p>
   </div>
  </div>
 </body>
</html>
