3092 5059
398 170 523 235 504

1286 166 1904 235 EPISTULARUM

501 358 811 434 Planius
863 382 953 432 ac
1006 357 1279 431 melius
1334 353 1775 455 Chrysippo
1829 367 1903 431 et
1959 355 2338 433 Crantore
2392 351 2601 428 dicit.

445 513 469 553 ε
509 480 669 559 Cur
720 481 827 558 ita
879 481 1368 578 crediderim,
1428 481 1576 556 nisi
1625 479 1814 579 quid
1867 492 1942 555 te
1996 479 2313 571 detinet,
2367 478 2572 554 audi.

502 607 819 701 Fabula,
876 632 1029 706 qua
1079 605 1381 681 Paridis
1434 617 1754 703 propter
1807 618 2163 681 narratur
2213 629 2558 679 amorem

504 731 835 809 Graecia
868 732 1275 806 barbariae
1330 730 1537 807 lento
1595 732 1864 807 collisa
1917 730 2202 825 due110,

506 857 930 933 Stultorum
982 881 1257 953 regum
1310 870 1385 931 et
1432 856 1898 955 populorum
1956 856 2300 931 continet
2350 867 2625 930 aestus.

507 984 857 1058 Antenor
910 994 1165 1057 censet
1219 981 1405 1057 belli
1456 982 1910 1080 praecidere
1961 1005 2303 1056 causam:

425 1145 473 1182 ιο
510 1107 715 1200 Quid
767 1107 1031 1181 Paris?
1094 1120 1177 1181 ut
1226 1108 1480 1183 salvus
1534 1120 1806 1206 regnet
1859 1108 2220 1205 vivatque
2269 1107 2560 1200 beatus,

509 1233 707 1330 Cogi
756 1258 981 1328 posse
1026 1246 1276 1331 negat.

1380 1233 1660 1311 Nestor
1715 1256 2181 1332 componere
2230 1230 2404 1306 lites

508 1357 722 1433 Inter
774 1356 1095 1433 Peliden
1140 1358 1455 1434 festinat
1508 1373 1583 1433 et
1633 1358 1831 1433 inter
1875 1356 2245 1435 Atriden:

507 1482 741 1557 Hunc
792 1508 1033 1577 amor,
1086 1483 1203 1557 ira
1243 1483 1550 1582 quidem
1609 1482 2113 1558 communiter
2163 1481 2318 1557 urit
2369 1492 2812 1578 utrumque.

512 1607 907 1705 Quicquid
963 1607 1289 1683 delirant
1343 1632 1584 1704 regeS,
1640 1607 2077 1707 plectuntur
2130 1604 2435 1682 Achivi.

409 1900 689 1953 praesens.
761 1882 1030 1937 Praesens
1068 1882 1217 1937 enim
1253 1886 1353 1936 aut
1389 1882 1562 1937 histo·

411 1956 589 2010 ricum
650 1958 735 2009 est
802 1959 901 2008 aut
972 1954 1275 2025 imaginem
1337 1956 1420 2009 rei
1482 1955 1564 2009 ita

412 2026 729 2094 adumbrat,
771 2030 836 2080 ut
880 2043 1023 2094 quae
1058 2028 1360 2081 coniuncta
1392 2026 1565 2081 fuisse

412 2104 600 2153 mente
655 2099 960 2169 cogitemus
1024 2102 1152 2152 ante
1218 2098 1407 2153 oculos
1465 2115 1564 2168 po-

412 2175 621 2225 nantur
678 2171 994 2225 consociata
1041 2172 1376 2239 praesentia.
1450 2171 1564 2241 Igi-

414 2246 511 2296 tur
549 2259 691 2311 quae
714 2242 823 2297 hoc
855 2240 1023 2295 modo
1048 2242 1330 2309 dicuntur,
1368 2242 1564 2312 imagi-

414 2332 543 2368 nem
588 2313 857 2368 exhibent
902 2314 961 2367 in
1006 2330 1065 2367 se
1112 2314 1444 2379 conclusam,
1482 2318 1565 2368 at-

416 2402 524 2456 que
566 2385 840 2440 eiusmodi
894 2386 1205 2440 enuntiatio
1255 2386 1438 2439 instar
1480 2389 1568 2439 est

414 2458 580 2511 unius
617 2456 957 2514 substantivi
1000 2474 1109 2525 quo
1162 2461 1381 2526 tempus
1415 2456 1568 2511 indi-

415 2533 600 2584 cetur:
670 2530 837 2583 sicuti
898 2528 1049 2598 apud
1112 2527 1337 2582 Livium
1394 2529 1568 2583 verba

416 2600 547 2655 dum
594 2600 658 2654 in
702 2600 846 2654 Asia
888 2600 1078 2654 bellum
1128 2600 1335 2668 φονίων
1384 2600 1567 2669 expri—

415 2677 579 2726 munt
600 2676 836 2741 tempore
869 2671 1053 2725 belli.“
1095 2670 1164 2726 cf.
1196 2670 1375 2726 Carm.
1403 2672 1448 2733 Ι,
1478 2673 1568 2740 22,

424 2745 503 2797 10.
540 2742 641 2808 ΠΙ,
681 2745 763 2809 11,
806 2744 893 2795 23.
943 2742 1124 2811 Epist.
1162 2742 1207 2811 Ι,
1251 2744 1333 2811 19,
1374 2744 1457 2797 16.
1495 2743 1568 2810 11,

424 2819 471 2881 1,
509 2816 559 2867 7.
631 2816 700 2867 Δ.
738 2814 801 2868 Ρ.
838 2816 961 2867 465.
1036 2813 1149 2868 Sat.
1197 2814 1241 2881 Ι,
1285 2817 1336 2881 5,
1376 2817 1461 2867 72.
1501 2845 1567 2854 -

412 2884 659 2957 planius]
710 2884 975 2940 Codicum
1033 2886 1339 2941 auctoritas
1390 2886 1573 2941 divisa

417 2962 503 3013 est
538 2958 687 3011 inter
718 2957 951 3026 planius
988 2962 1045 3011 et
1074 2958 1321 3025 plenius:
1373 2976 1570 3013 verum

418 3033 815 3099 praeterquam
874 3029 1023 3097 quod
1073 3029 1399 3085 scholiastes
1456 3035 1571 3084 tres

412 3100 641 3171 planius
678 3100 879 3170 legisse
920 3101 1123 3156 docent
1160 3100 1397 3156 scholia:
1454 3118 1570 3156 ma-

418 3172 694 3239 nifestius,
739 3172 1010 3242 apertius,
1058 3174 1163 3227 hoc
1207 3172 1443 3228 Horatio
1488 3173 1571 3227 di·

420 3242 655 3299 cendum
684 3242 855 3298 fuisse
887 3244 1049 3299 nobis
1077 3244 1317 3310 videtur,
1350 3262 1573 3299 omnem

422 3316 493 3369 de
529 3316 779 3369 moribus
814 3320 871 3370 et
908 3316 1028 3370 vita
1054 3316 1371 3371 doctrinam
1390 3315 1571 3370 multo

421 3387 642 3442 facilius
698 3404 767 3441 ex
814 3387 1081 3456 exemplis
1126 3387 1437 3443 Homericis
1491 3388 1574 3441 in·

420 3459 615 3529 tellegi
669 3476 831 3528 posse
879 3460 1212 3528 praesertim
1264 3460 1336 3514 ab
1388 3460 1575 3514 adule-

422 3531 720 3595 scentibus,
776 3548 939 3601 quam
993 3549 1061 3585 ex
1117 3531 1355 3601 spinosis
1409 3531 1574 3585 libris

421 3602 898 3673 philosophorum.
982 3603 1208 3659 Plenius
1267 3602 1420 3657 haud
1476 3602 1572 3657 du-

421 3675 513 3729 bie
559 3674 923 3745 philosophus
967 3675 1038 3728 de
1080 3673 1167 3728 his
1213 3674 1378 3729 rebus
1435 3674 1576 3745 agit,

419 3746 651 3817 planius
696 3754 881 3816 poeta.
960 3745 1299 3815 Chrysippus
1338 3744 1575 3813 Stoicus,

424 3818 664 3873 Crantor
698 3818 1063 3873 Academicus
1102 3816 1237 3887 (Cic.
1276 3817 1437 3873 Tusc.
1475 3818 1576 3885 111,

424 3890 473 3943 6.
512 3890 585 3957 11,
626 3890 735 3957 44),
770 3896 1011 3958 uterque
1034 3889 1292 3944 Solensis.
1320 3889 1576 3975 Xenoph.

423 3962 609 4031 Symp.
648 3965 698 4029 4,
737 3964 795 4016 6:
844 3959 934 4030 ‚,‘O
960 3956 1024 4015 Ὅ
1071 3980 1198 4029 ηρος
1242 3958 1273 4014 ὁ
1325 3978 1576 4032 σοφωτα-

422 4052 514 4092 τος
566 4038 834 4099 πεποίηκε
895 4048 997 4101 σχε
1038 4029 1106 4086 ὸν
1166 4038 1292 4101 περὶ
1351 4030 1578 4087 πάντων

422 4105 534 4158 τῶν
590 4101 1015 4172 ἀνθρωπίνων.“
1082 4134 1148 4143 --
1212 4104 1437 4175 detinet]
1508 4105 1578 4159 In

423 4177 587 4231 bonis
646 4176 947 4242 codicibus,
1008 4176 1181 4229 etiam
1244 4176 1578 4244 Blandiniis,

424 4249 636 4319 legitur
699 4248 871 4303 etiam
925 4246 1168 4303 distinet.
1242 4248 1389 4302 Illud
1446 4249 1501 4302 h.
1538 4249 1577 4302 l.

425 4321 635 4375 rectius
677 4319 920 4387 videtur,
981 4336 1094 4373 non
1130 4336 1242 4389 quo
1281 4338 1406 4375 cum
1454 4319 1579 4374 aliis

425 4398 621 4463 putem
682 4390 915 4447 detineri
996 4391 1239 4461 aliquem
1298 4392 1580 4446 volentem

428 4468 486 4518 et
531 4462 827 4517 inlecebris
878 4468 1121 4533 captum,
1179 4462 1441 4517 distineri
1488 4480 1580 4518 eos

432 4534 529 4603 qui
600 4535 763 4604 gravi
836 4538 1020 4602 atque.
1068 4535 1293 4605 ing-rato
1353 4534 1582 4605 negotio

1662 1883 1821 1952 qnasi
1867 1883 2034 1937 inviti
2081 1889 2426 1953 occupentur
2479 1883 2651 1951 (quod
2703 1882 2818 1937 dis·

1661 1955 1875 2010 crimen
1911 1955 2292 2025 exemplorum
2325 1955 2664 2011 auctoritate
2703 1972 2818 2009 non

1661 2027 2086 2096 comprobatum
2139 2026 2346 2097 video),
2403 2026 2500 2081 sed
2560 2026 2698 2095 quia
2756 2027 2818 2080 in

1660 2098 1947 2153 detinendo
2003 2099 2183 2153 maior
2243 2103 2328 2154 est
2391 2098 2550 2153 notio
2613 2098 2819 2151 remoti

1662 2169 1787 2235 loci,
1849 2170 1968 2225 sive
2010 2187 2213 2241 corpus
2263 2171 2380 2224 sive
2431 2170 2684 2225 animum
2731 2186 2818 2224 re-

1661 2242 1845 2311 spicis,
1887 2242 1946 2295 in
1993 2242 2316 2297 distinendo
2353 2242 2506 2296 valet
2542 2240 2822 2313 significa-

1661 2314 1743 2367 tio
1783 2314 2158 2380 seiunctionis,
2205 2332 2372 2383 quam
2409 2314 2566 2368 vides
2605 2314 2677 2367 ab
2717 2313 2824 2367 hoc

1663 2386 1785 2439 loco
1822 2385 2060 2439 alienam
2099 2402 2231 2439 esse.
2303 2386 2481 2440 Carm.
2518 2386 2565 2453 Ι,
2605 2388 2696 2453 33,
2739 2388 2821 2437 14.

1663 2455 1756 2522 IV,
1791 2459 1840 2521 5,
1888 2458 1967 2510 12.
2005 2458 2118 2511 Ver
2160 2497 2173 2510 .
2216 2459 2354 2512 Aen.
2391 2456 2464 2525 H,
2503 2458 2625 2511 788.
2667 2457 2820 2511 Caes.

1664 2528 1726 2583 Β.
1765 2530 1830 2583 G.
1873 2528 1974 2596 111,
2015 2530 2080 2581 12
2163 2546 2217 2583 n.
2300 2528 2528 2583 Detinet
2585 2530 2820 2598 scripse-

1664 2606 1800 2654 runt
1825 2598 2017 2654 Orelli.
2053 2599 2250 2655 Lehrs.
2288 2599 2645 2655 Doederlein.
2683 2600 2820 2653 Mei-

1665 2673 1790 2726 nek.
1839 2671 2066 2727 Linker.
2114 2673 2236 2726 Krii
2308 2690 2353 2726 r.
2399 2672 2625 2725 Miiller.
2675 2671 2817 2725 Euk-

1667 2744 1858 2813 stein.;
1920 2743 2148 2798 distinet
2262 2744 2414 2798 eller.
2477 2742 2687 2798 Rittcr.
2753 2742 2822 2796 ad

1668 2815 1985 2885 exemplum
2023 2816 2303 2879 Lambini,
2351 2814 2501 2883 apud
2541 2832 2712 2884 quem
2748 2815 2820 2869 le-

1668 2888 1848 2958 gitur:
1892 2886 2108 2955 „Vatic.
2147 2904 2291 2941 unus
2327 2886 2574 2949 destinet,
2607 2892 2676 2941 nt
2711 2885 2820 2940 foi*

1667 2965 1816 3014 tasse
1853 2958 2152 3029 legendum
2188 2959 2264 3013 sit
2297 2957 2576 3013 distinet.“
2603 2988 2676 2998 —
2699 2958 2820 3011 bor·

1668 3030 1876 3101 bariae]
1919 3030 2020 3085 cfr.
2039 3030 2326 3085 Ennianos
2363 3046 2555 3083 versus
2592 3047 2681 3099 ap.
2705 3028 2816 3085 Cic.

1669 3101 1832 3156 Tusc.
1870 3102 1914 3169 Ι,
1951 3104 2040 3169 35,
2079 3104 2166 3156 85.
2203 3101 2370 3172 Vei-g.
2409 3102 2549 3155 Aen.
2587 3100 2662 3166 11,
2699 3103 2818 3155 604.

1675 3204 1736 3214 —
1775 3172 1986 3244 aestus]
2024 3173 2094 3227 cf.
2140 3173 2255 3228 Sat.
2293 3174 2336 3238 Ι,
2371 3172 2426 3238 2,
2465 3174 2586 3226 110.
2656 3173 2819 3243 Verg.

1671 3244 1780 3299 cir.
1820 3246 1941 3299 340.
2017 3246 2274 3299 Ceterum
2316 3245 2378 3298 in
2414 3244 2576 3299 codd.
2624 3244 2818 3299 Bland.

1669 3317 1904 3385 aliisque
1924 3318 2086 3372 bonis
2109 3317 2271 3375 libris
2291 3316 2578 3385 reperitur
2598 3322 2818 3370 nestun.

1671 3418 1737 3429 --
1775 3387 2046 3457 Antenor]
2085 3388 2248 3443 Hom.
2284 3388 2351 3441 Il.
2379 3386 2500 3449 VII,
2527 3388 2653 3442 348.
2695 3386 2814 3440 Liv.

1669 3460 1716 3527 1,
1741 3462 1789 3513 1.
1817 3488 1883 3498 -—
1911 3460 2109 3529 censet]
2377 3458 2662 3513 brevitate
2697 3477 2818 3513 con·

1669 3533 1922 3586 iunctum
1947 3548 2068 3585 cum
2095 3550 2157 3586 so
2181 3549 2215 3586 o
2243 3530 2540 3599 infinitivo,
2569 3535 2636 3585 ut
2659 3548 2820 3600 saepe

1674 3602 1822 3673 apud
1841 3602 2082 3670 Livium,
2117 3603 2296 3658 veluti
2333 3602 2406 3671 H,
2431 3605 2490 3656 5:
2530 3603 2638 3671 „de
2662 3602 2820 3657 bonis

1669 3674 1858 3745 regiis,
1896 3692 2037 3743 quae
2074 3673 2234 3729 reddi
2279 3678 2410 3729 ante
2447 3674 2819 3741 οσιεωεναοιῐ,“

1668 3763 2048 3874 &zur-‘35‘
2064 3746 2660 3887 ‘⁶⁶312521‘1233321‘333
2677 3750 2822 3872 ,ἒξ

1671 3908 1798 3945 cum
1869 3890 2029 3945 codd.
2097 3888 2288 3944 Orelli.
2347 3888 2552 3943 Ritter.
2631 3888 2821 3943 Lehrs.

1671 3962 1954 4017 Eckstein.
2017 3960 2286 4033 Kriiger.;
2345 3964 2542 4015 contra
2601 3960 2820 4014 Miiller.

1673 4052 1800 4089 cum
1843 4033 2123 4088 Bentleio:
2183 4032 2370 4101 „quod
2419 4031 2600 4098 Paris,
2637 4038 2704 4085 ut
2728 4072 2740 4086 .
2769 4068 2816 4085 ..

1671 4108 1890 4173 beatus,
1925 4104 2052 4175 cogi
2088 4122 2250 4174 posse
2285 4104 2510 4173 negat“.
2569 4102 2648 4157 Et
2679 4102 2820 4162 Doe-

1674 4177 1969 4231 derlinins:
2009 4176 2182 4245 „quid
2201 4175 2386 4244 Paris,
2406 4180 2470 4228 ut
2493 4216 2506 4229 .
2529 4216 2542 4229 .
2563 4216 2578 4228 .
2603 4172 2823 4230 boam?

1676 4247 1812 4318 Cogi
1849 4265 2011 4317 posse
2049 4248 2270 4318 negat.“
2311 4274 2378 4287 --
2409 4246 2554 4301 inter
2573 4244 2820 4314 Peliden]

1676 4321 1760 4375 De
1799 4320 1885 4374 bis
1923 4320 2198 4375 collocata
2245 4318 2663 4389 praepositione
2699 4318 2821 4372 vide

1677 4392 1748 4446 ad
1785 4390 1898 4446 Sat.
1934 4392 1978 4460 1,
2014 4393 2066 4461 7,
2109 4394 2191 4444 12.

1748 4462 1813 4517 V.
1856 4464 1938 4517 13.
1987 4462 2148 4533 hune]
2189 4465 2680 4533 Agamemnonem.
2755 4460 2818 4515 cf.

1676 4536 1844 4591 Hom.
1882 4536 1944 4589 n.
1981 4536 2026 4603 1,
2065 4537 2182 4590 113.
2236 4564 2299 4574 —
2351 4532 2486 4602 urit]
2537 4530 2658 4587 Sat.
2695 4533 2740 4601 1,
2773 4532 2818 4585 9.
