3092 5059
1140 226 1297 293 LIB.
1341 226 1431 293 ΙΙ.
1474 224 1660 293 SAT.
1707 226 1788 293 Π.

290 449 343 488 30
376 414 813 513 Imparibus
867 416 1141 491 formis
1197 414 1602 512 deceptum
1659 427 1733 490 te
1783 428 2016 513 patet.

2546 166 2762 292 427*

2119 416 2300 491 Esto
2320 442 2338 490 ε

370 537 597 615 Unde
652 538 918 617 datum
968 539 1224 631 sentis,
1278 536 1505 631 lupus
1561 535 1686 613 hic
1733 538 2143 613 Tiberinus
2193 564 2292 613 an
2345 537 2502 613 alto

372 666 658 766 Captus
711 665 889 755 hiet,
943 677 1319 765 pontesne
1368 664 1568 740 inter
1619 665 1938 738 iactatus
1980 683 2088 739 'an
2141 663 2386 739 amnis

369 788 586 867 Ostia
628 790 773 867 sub
824 788 1095 867 Tusci?
1199 787 1529 884 Laudas,
1586 788 1871 883 insane,
1925 787 2304 864 trilibrem

370 913 721 1011 Mullum,
744 916 827 989 in
848 914 1155 1010 singula
1183 939 1411 1013 quem
1435 914 1738 989 minuas
1765 914 2160 1016 pulmenta
2191 939 2506 990 necesse
2531 927 2666 989 est.

285 1070 337 1112 ιι
373 1040 604 1115 Ducit
652 1053 728 1117 te
780 1041 1095 1139 species,
1151 1038 1404 1115 video.

1514 1038 1688 1131 Quo
1741 1037 2074 1136 pertinet
2125 1064 2311 1135 ergo

361 1165 743 1242 'Proceros
797 1166 1051 1242 odisse
1096 1165 1367 1263 lupos?
1415 1165 1596 1264 quia
1650 1163 1942 1239 scilicet
1991 1162 2146 1239 illis

368 1290 751 1375 Maiorem
801 1305 1074 1366 natura
1128 1290 1443 1365 modum
1501 1288 1734 1385 dedit,
1793 1288 1907 1363 his
1959 1289 2195 1364 breve
2240 1287 2567 1387 pondus.

370 1414 687 1492 Ieiunus
740 1436 917 1492 raro
968 1416 1403 1492 stomachus
1461 1415 1814 1513 vulgaria
1863 1416 2156 1491 temnit.

373 1540 869 1637 „Porrectum
924 1565 1207 1637 magno
1259 1566 1631 1638 magnum
1677 1550 2025 1637 spectare
2077 1538 2326 1614 catino

284 1701 337 1740 ιο
370 1662 745 1761 Vellem,“
790 1665 899 1743 ait
931 1664 1301 1765 Harpyiis
1347 1665 1533 1764 gula
1569 1664 1808 1762 digna
1839 1665 2272 1764 rapacibus,
2361 1663 2469 1741 At
2511 1693 2667 1763 vos,

266 1934 384 1985 tem
412 1930 533 1985 veri
568 1930 769 1985 habuit
804 1929 1059 2001 similius,
1094 1934 1277 1989 totum
1302 1946 1425 1989 ver·

271 2019 395 2055 sum
442 2002 513 2056 ab
559 2002 983 2071 interpolati-iae
1031 2022 1202 2059 manu
1246 2005 1424 2058 intru-

269 2090 395 2127 sum
435 2091 568 2128 esse.
638 2074 829 2129 Etiam
866 2074 1133 2129 Lehrsius
1168 2077 1427 2130 lacunam

270 2145 438 2199 unius
484 2162 675 2200 versus
719 2147 936 2208 statuit,
993 2164 1161 2215 quam
1207 2147 1287 2202 sic
1335 2166 1426 2200 ex·

269 2216 430 2286 plere
487 2222 719 2272 conatus
782 2221 895 2272 est:
957 2234 1162 2285 „carne
1220 2222 1427 2286 tamen,

272 2289 531 2357 quamvis
565 2288 739 2343 distat
769 2289 928 2354 nihil,
952 2258 1059 2343 linc
1091 2290 1289 2360 magis,
1328 2290 1428 2344 illa

273 2358 387 2415 aar
434 2358 719 2416 delectaris
753 2362 923 2415 madeo
957 2358 1177 2415 minus?
1230 2376 1307 2415 an
1354 2366 1427 2415 te-

273 2428 455 2487 mere?
490 2432 650 2501 atqui
683 2432 1001 2501 Imparibus
1038 2431 1236 2486 formis
1272 2431 1427 2487 dece-

273 2508 439 2573 ptum
482 2507 543 2557 te
588 2504 803 2572 patet.“
872 2503 1001 2559 Non
1034 2503 1272 2572 felicius,
1311 2504 1429 2573 opi-

272 2592 395 2629 nor.
470 2574 601 2630 Alia
656 2592 801 2645 quse
844 2579 1073 2645 reperta
1128 2580 1212 2629 est
1258 2576 1429 2630 lectio

264 2650 452 2715 petere
508 2662 613 2716 pro
668 2651 829 2715 patet
891 2664 961 2701 ex
1027 2646 1429 2716 Porphyrionis

269 2716 483 2772 scholio
528 2722 725 2771 exorta
774 2735 891 2772 esse
934 2717 1165 2772 videtur
1224 2724 1282 2773 et
1332 2719 1429 2788 qui

274 2788 625 2857 scripserunt
676 2807 745 2843 ex
798 2789 1185 2860 Porphyrione
1238 2795 1429 2859 petere,

268 2860 341 2914 iis
376 2860 677 2917 necessitas
712 2861 790 2914 im
866 2862 977 2916 sita
1013 2866 1137 2917 erat
1170 2862 1275 2917 sna
1311 2878 1428 2917 mu·

270 2931 435 2985 tandi
470 2931 531 2985 in
564 2930 735 2986 illam.
819 2934 874 2988 ic
911 2934 1269 2989 Ecksteinius
1304 2950 1429 2987 cum

272 3001 515 3057 Orellio.
574 3020 777 3072 „carne
826 3008 1017 3059 tamen
1054 3006 1309 3074 quamvis
1346 3005 1429 3059 di-

268 3078 389 3129 stat
417 3074 519 3143 nil,
568 3074 675 3129 hac
707 3076 887 3147 magis
923 3076 1077 3131 illam
1112 3077 1431 3146 Imparibus

272 3144 469 3201 formis
504 3112 806 3215 ’deceptum
842 3153 895 3203 te
923 3154 1103 3217 petere
1142 3150 1307 3203 esto.“
1344 3149 1433 3204 De

272 3234 389 3286 qua
433 3219 825 3273 coniunctione
867 3218 1173 3274 Meinekius
1227 3221 1431 3275 durum

270 3289 503 3359 quidem
548 3290 648 3345 sed
694 3294 909 3346 rectum
958 3291 1097 3346 tulit
1132 3292 1429 3347 iudicium:

271 3376 456 3431 „quae
516 3362 847 3417 taeterrima
908 3368 997 3417 est
1067 3364 1429 3433 interpolatio

274 3433 367 3489 vel
415 3433 489 3487 ob
534 3449 709 3487 unum
768 3433 911 3487 illud
966 3438 1079 3489 esto
1134 3435 1432 3499 reicienda,

276 3504 431 3573 quod
477 3505 573 3573 qui
619 3504 701 3559 sio
748 3505 883 3575 poni
930 3522 1093 3575 posse
1142 3508 1432 3563 verissime

270 3576 1006 3704 ffimbffinffiffifflc
1044 3595 1267 3704 ‘ffifflie
1281 3597 1431 3705 021¹}ss

274 3719 360 3774 sic
398 3719 649 3789 scripsit:
689 3720 877 3789 „quod
910 3721 1057 3776 hanc
1090 3722 1431 3777 emendatio·

273 3806 402 3845 nem
440 3789 697 3845 funditus
734 3792 957 3859 evertit,
982 3792 1126 3847 illud
1159 3798 1245 3847 est
1281 3793 1433 3861 quod

270 3862 435 3929 Este,
471 3878 582 3917 vox
633 3831 1003 3930 concedentis,
1052 3880 1272 3934 semper
1309 3882 1429 3919 ora·

272 3934 487 3988 tionem
544 3934 797 3997 incohet,
853 3950 1157 4004 nunquam,
1210 3939 1277 3989 ut
1320 3934 1431 4005 hic,

276 4004 557 4059 elsudatf‘
634 4004 719 4060 De
757 4024 867 4076 qua
906 4024 969 4062 re
1013 4024 1277 4077 compara
1314 4006 1429 4063 Sat.

272 4075 347 4143 11,
388 4078 439 4143 1,
482 4077 569 4130 83.
616 4078 666 4142 3,
716 4079 802 4133 65.
884 4078 1085 4147 Epists
1113 4079 1159 4147 I,
1206 4081 1289 4147 17,
1342 4082 1428 4134 37.

275 4145 591 4201 Fritschius
614 4147 723 4205 hoc
748 4150 1014 4204 tentavit·
1055 4148 1271 4217 „Carne
1294 4155 1429 4207 tam.

275 4236 370 4289 qu.
403 4217 581 4273 distat
615 4220 715 4284 nil,
751 4220 856 4274 hac
891 4221 1071 4291 magis
1116 4222 1325 4277 illam.“
1362 4252 1429 4263 --

277 4290 629 4361 „Imparibus
650 4290 814 4345 form.
825 4291 944 4345 dec.
958 4296 1017 4345 te
1035 4298 1209 4362 patet.
1226 4294 1428 4350 Estoff‘

274 4364 361 4417 ita
397 4365 462 4415 ut
496 4362 656 4431 prior
676 4378 869 4417 versus
894 4380 1069 4433 usque
1103 4365 1173 4419 sd
1210 4366 1431 4437 signum
1455 4390 1461 4397 ·

276 4432 619 4503 aposiopesis
666 4450 737 4488 ex
787 4450 883 4489 ore
919 4434 1141 4505 gulonis
1178 4444 1431 4508 sumptus

272 4506 367 4567 sit,
417 4508 475 4559 et
526 4509 657 4574 post
714 4505 874 4560 illam
932 4506 1295 4578 intellegatur
1339 4511 1431 4563 vel

274 4576 433 4633 edam
468 4578 559 4632 vel
593 4578 835 4649 onmium,
860 4576 1170 4635 desides-mn.
1200 4609 1267 4618 —
1296 4581 1427 4652 esto]

1522 1932 1789 1989 Concedit
1817 1930 2028 1987 Ofellus
2063 1932 2238 1985 istum
2273 1930 2492 1985 formae
2521 1947 2670 1985 amo·

1520 2022 1642 2060 rem
1678 2004 1884 2059 habere
1921 2004 2166 2073 aliquam
2188 2004 2408 2057 veniam
2438 2018 2668 2085 progre-

1521 2076 1788 2145 diturque
1812 2076 1883 2130 ad
1909 2075 2021 2130 alia
2046 2074 2218 2129 etiam
2251 2074 2430 2143 magis
2465 2073 2671 2127 inania.

1519 2147 1791 2218 Magnum
1863 2147 2013 2201 enim
2074 2146 2374 2201 discrimen
2439 2145 2674 2228 gulones

1523 2218 1750 2273 aiebant
1817 2236 1933 2272 esse
1987 2219 2136 2273 inter
2191 2218 2354 2286 lupos
2409 2215 2673 2283 marinos,

1522 2291 1621 2358 qui
1662 2291 1724 2344 in
1767 2288 1958 2344 Tiberi
2003 2293 2188 2344 essent
2236 2288 2413 2358 capti,
2460 2292 2520 2341 et
2562 2304 2673 2349 eos,

1521 2362 1620 2430 qui
1655 2362 1715 2415 in
1751 2361 1884 2423 alte,
1923 2365 1982 2414 et
2018 2362 2226 2415 iterum
2249 2360 2398 2413 inter
2435 2376 2544 2419 eos.
2574 2358 2672 2427 qui

1522 2432 1594 2488 ad
1631 2432 1776 2487 ostia
1811 2432 2030 2487 Tiberis
2073 2437 2132 2487 et
2157 2431 2253 2500 qui
2289 2432 2442 2485 inter
2474 2435 2676 2500 pontes

1522 2504 1842 2568 (sublicium
1881 2509 1940 2558 et
1974 2504 2334 2571 senatorium,
2359 2502 2510 2557 inter
2534 2518 2674 2571 quos

1522 2576 1726 2631 Cloaca
1770 2576 2017 2631 maxima
2053 2575 2243 2630 sordes
2279 2575 2436 2628 urbis
2476 2575 2536 2628 in
2571 2573 2674 2627 flu-

1521 2648 1680 2702 vium
1717 2647 2022 2718 egerebat).
2089 2646 2196 2715 Qui
2233 2648 2294 2700 in
2329 2646 2473 2700 mari
2513 2649 2676 2699 erant

1522 2720 1693 2788 capti,
1750 2720 1978 2803 pessimi
2035 2718 2391 2776 videbantur.
2513 2717 2674 2772 Unde

1522 2796 1728 2853 autem,
1765 2791 1952 2859 inquit
1975 2788 2210 2858 Ofellus,
2235 2791 2429 2845 datum
2454 2788 2566 2843 tibi
2590 2793 2698 2843 est·

1520 2867 1588 2916 ut
1621 2863 1828 2917 sentias
1865 2879 2082 2931 sapore,
2125 2879 2238 2932 quo
2284 2863 2332 2915 is
2377 2862 2542 2931 lupus
2577 2861 2674 2929 qui

1522 2935 1812 3003 appositus
1849 2934 1909 2987 in
1951 2950 2146 2988 mensa
2191 2932 2317 2987 hiat
2361 2938 2556 3002 captus
2599 2932 2676 2986 sit

1520 3006 1683 3061 loco?
1739 3034 1806 3046 —
1864 3006 2078 3074 laudas]
2125 3004 2279 3059 Idem
2323 3005 2554 3075 gulones
2590 3004 2674 3058 in·

1520 3082 1716 3147 gentes
1778 3078 2122 3147 quaerebant
2182 3077 2412 3143 mullos,
2468 3092 2674 3145 parvos

1520 3150 1684 3219 lupos
1703 3190 1716 3217 ,
1771 3150 1878 3204 hac
1928 3166 2042 3203 una
2108 3165 2274 3203 causa
2327 3148 2470 3202 moti
2522 3147 2675 3216 quod

1522 3224 1726 3275 natura
1762 3222 1962 3276 mullos
2140 3237 2219 3288 os,
2255 3220 2354 3289 lup
2355 3236 2416 3273 os
2440 3235 2674 3289 magnos

1521 3291 1672 3347 fecit.
1710 3292 1852 3346 Plin.
1887 3292 1956 3347 N.
1993 3238 2138 3345 Em
2096 3292 2194 3354 IX,
2223 3291 2315 3345 3οι
2358 3290 2553 3359 „Mulli
2590 3291 2674 3344 bi-

1521 3382 1622 3417 nas
1671 3364 1844 3418 libras
1883 3364 2157 3463 ponderis
2204 3380 2336 3417 raro
2358 3332 2674 3417 ”admodum

1522 3436 1915 3505 exsuperant.“
1996 3434 2414 3501 Iuven.4,15:
2495 3432 2674 3501 „Mul-

1520 3509 1638 3562 lum
1693 3524 1762 3561 ex
1828 3507 2056 3562 milibus
2131 3506 2268 3561 emit
2323 3508 2676 3573 Aequantem

1522 3596 1654 3635 sane
1707 3580 1942 3649 paribus
2010 3579 2270 3633 sestertia
2334 3576 2548 3630 libris.“
2602 3606 2676 3616 —

1514 3650 1818 3719 pulmenta]
1857 3651 2038 3719 Epist.
2063 3650 2108 3715 Ι,
2140 3652 2222 3717 18,
2249 3650 2346 3716 48;
2385 3652 2517 3701 sunt
2552 3647 2606 3701 h.
2635 3648 2672 3701 l.

1520 3726 1710 3790 partes
1748 3719 2071 3790 (Scheiben)
2107 3722 2168 3774 in
2197 3737 2334 3790 quas
2371 3719 2431 3772 in
2473 3736 2568 3773 ens
2591 3718 2675 3787 pi-

1521 3793 1628 3847 scis
1667 3792 2024 3848 dissecandus
2063 3796 2162 3846 est.
2189 3820 2255 3831 ·-—
2293 3791 2426 3860 quia
2487 3790 2558 3843 de
2581 3788 2674 3843 lit-

1522 3870 1649 3919 tera
1669 3881 1704 3918 a
1725 3869 1856 3919 ante
1885 3880 1943 3919 sc
1962 3867 2228 3933 correpta
2247 3862 2377 3916 vide
2405 3862 2475 3915 ad
2495 3860 2610 3915 Sat.
2631 3862 2674 3927 1,

1522 3936 1576 4003 2,
1613 3938 1698 3990 ΒΟ.
1739 3964 1804 3975 -
1843 3935 2096 4021 Ieiunas]
2135 3934 2421 4004 coniunge
2457 3933 2678 3987 ieiunus

1520 4024 1676 4077 rav-03
1735 4008 1816 4063 sic
1861 4008 2011 4063 enim
2057 4006 2288 4062 additur
2324 4005 2490 4073 ratio,
2525 4005 2675 4059 unde

1521 4078 1720 4134 insana
1755 4096 1898 4149 quae
1938 4084 2070 4134 ante
2111 4096 2340 4133 excussa
2377 4081 2462 4131 est
2498 4075 2674 4129 libido

1522 4152 1666 4206 solet
1709 4151 1934 4206 exoriri.
2010 4150 2398 4205 Doederlinius
2450 4164 2674 4202 versum

1521 4223 1646 4277 loco
1681 4224 1862 4278 movit
1897 4227 1954 4278 et
1998 4226 2128 4291 post
2158 4240 2211 4276 v.
2249 4222 2318 4273 22
2355 4219 2672 4289 ponendum

1522 4312 1640 4349 esse
1677 4294 1894 4364 docuit3
1929 4294 2216 4348 Bentleius
2254 4292 2326 4346 ad
2361 4295 2430 4346 A.
2467 4291 2528 4345 P.
2570 4292 2673 4344 33⁷

1524 4365 1834 4421 eiciendum
1895 4382 2012 4419 esse
2073 4364 2304 4419 censuit.
2363 4392 2427 4403 —
2487 4378 2674 4433 porre-

1520 4437 1687 4507 ctum]
1737 4437 1989 4491 mullum.
2049 4464 2112 4477 --
2171 4435 2371 4506 venem]
2419 4434 2502 4489 Ne
2549 4450 2674 4488 cum

1520 4507 1847 4562 Heindorfio
1882 4508 2040 4561 velim
2068 4506 2280 4575 requiri
2310 4512 2489 4576 putes,
2525 4522 2672 4561 com-

1522 4596 1661 4650 para
1697 4578 1880 4650 Epist.
1915 4578 1962 4647 I,
2003 4582 2086 4648 11,
2123 4581 2174 4633 8.
