3092 5059
1169 248 1330 313 LIB.
1372 248 1425 315 Ι.
1469 247 1657 314 SAT.
1703 248 1810 315 IV.

2574 246 2699 312 3¹73

311 468 364 509 ω
402 436 653 529 Quem
705 436 770 511 si
823 433 1222 529 dissolvas,
1280 434 1528 534 quivis
1582 432 2099 509 stomachetur
2139 431 2413 507 eodem

399 560 569 653 Quo
624 572 1078 659 personatus
1131 574 1354 661 pacto
1408 570 1648 659 pater.

1753 558 1924 651 His,
1976 582 2121 655 ego
2174 581 2373 657 quae
2422 581 2644 653 nunc,

401 684 611 763 Olim
659 709 856 784 quae
909 683 1212 784 scripsit
1256 682 1618 779 Lucilius,
1676 683 1957 783 eripias
2011 682 2077 758 si

400 811 787 907 Tempora
805 821 1012 885 certa
1030 807 1458 908 modosque
1477 822 1557 885 et
1574 808 1784 908 quod
1805 808 2019 906 prius
2044 806 2316 883 ordine
2343 805 2662 881 verbum
2686 818 2798 881 est

396 935 778 1011 Posterius
832 934 1066 1011 facias
1119 959 1601 1033 praeponens
1657 932 1925 1008 ultima
1974 931 2264 1034 primis,

314 1097 366 1136 eo
401 1061 598 1156 Non,
655 1074 740 1135 ut
787 1060 852 1135 si
903 1060 1154 1136 solvas
1205 1060 1673 1159 „Postquam
1725 1058 2111 1135 discordia
2161 1068 2405 1135 taetra

397 1185 597 1261 Belli
646 1186 972 1261 ferratos
1025 1197 1280 1286 postes
1326 1198 1741 1283 portasque
1792 1178 2190 1282 refregit,“

398 1310 756 1390 Invenias
809 1314 1040 1388 etiam
1092 1311 1390 1387 disiecti
1434 1311 1786 1387 membra
1834 1322 2129 1411 poetae.

397 1437 792 1514 Hactenus
848 1438 1076 1513 haec:
1125 1435 1315 1511 alias
1368 1438 1646 1511 iustum
1704 1436 1805 1511 sit
1852 1460 2097 1542 necne
2146 1460 2447 1533 poema,

395 1563 616 1639 Nunc
667 1562 867 1638 illud
917 1574 1212 1637 tantum
1267 1585 1662 1661 quaeram,
1714 1560 2087 1637 meritone
2138 1559 2281 1635 tibi
2332 1562 2435 1635 sit

313 1721 365 1762 eu
400 1687 854 1789 Suspectum
912 1713 1153 1787 genus
1207 1687 1354 1764 hoc
1407 1688 1817 1765 scribendi.

1923 1686 2221 1765 Sulcius
2268 1716 2447 1765 acer

396 1811 770 1890 Ambulat
821 1828 898 1891 et
947 1813 1299 1915 Caprius,
1352 1814 1563 1890 rauci
1613 1813 1816 1889 male
1869 1838 2200 1912 cumque
2252 1812 2559 1911 libellis,

395 1940 724 2039 Magnus
777 1955 1102 2043 uterque
1153 1944 1388 2019 timor
1431 1943 1895 2039 latronibus3
1950 1955 2029 2017 at
2078 1944 2277 2019 bene
2326 1944 2393 2019 si
2446 1945 2618 2043 quis

394 2064 494 2141 Et
537 2067 746 2142 vivat
793 2069 1006 2169 puris
1059 2069 1435 2165 manibus,
1488 2081 1927 2145 contemnat
1975 2082 2407 2170 utrumque.

394 2192 494 2269 Ut
545 2194 648 2269 sis
699 2206 782 2267 tu
827 2193 1099 2271 similis
1155 2194 1374 2275 Caeli
1419 2195 1779 2295 Birrique
1829 2195 2242 2292 latronum,

313 2354 364 2395 w
395 2316 569 2393 Non
622 2343 767 2417 ego
814 2318 953 2394 sim
1005 2318 1244 2419 Capri
1292 2344 1546 2419 neque
1599 2318 1834 2397 Sulci:
1883 2345 2019 2396 cur
2066 2335 2360 2399 metuas
2404 2325 2581 2399 me?

396 2444 631 2521 Nulla
681 2444 1004 2521 taberna
1054 2470 1267 2522 meos
1317 2446 1601 2523 habeat
1649 2470 1902 2547 neque
1950 2444 2111 2548 pila
2160 2444 2489 2545 libeHos,

397 2570 584 2665 Quis
635 2597 908 2647 manus
957 2570 1264 2647 insudet
1315 2570 1532 2671 vulgi
1581 2570 2259 2672 Hermogenisque
2308 2570 2630 2671 Tigelli3

391 2697 556 2773 Nec
604 2697 837 2774 recito
891 2698 1250 2795 cuiquam
1299 2696 1447 2773 nisi
1496 2696 1785 2795 amicis,
1839 2696 2077 2796 idque
2129 2709 2457 2795 coactus,

392 2822 566 2898 Non
612 2822 863 2899 ubivis
919 2848 1276 2898 coramve
1331 2823 1823 2922 quibuslibet.

1928 2822 2021 2899 In
2070 2824 2328 2905 medio
2389 2820 2522 2925 qui

309 2984 362 3025 τι
399 2948 700 3049 Scripta
755 2947 927 3022 foro
982 2948 1302 3025 recitent
1351 2961 1526 3025 sunt
1576 2948 1797 3025 multi
1851 2949 2138 3050 quique
2192 2947 2575 3046 lavantes3

291 3172 528 3229 minime
551 3172 794 3227 sermoni
815 3190 960 3243 puro
985 3173 1298 3242 conveniat,
1319 3174 1448 3229 sim·

291 3244 497 3315 plicem
535 3244 690 3299 vocis
727 3250 986 3300 naturam
1021 3245 1274 3315 pleniore
1314 3263 1446 3315 quo·

291 3316 426 3371 dam
463 3334 598 3371 sono
622 3316 1052 3371 circumlinire.“
1086 3346 1149 3357 —
1187 3332 1444 3387 persona·

285 3387 400 3455 tus]
430 3387 490 3441 in
511 3388 814 3442 comoedia.
844 3418 908 3429 -
925 3404 1004 3459 po
1166 3404 1220 3442 m
1242 3388 1446 3443 discor·

289 3458 640 3600 dia]etVers}1s
659 3459 833 3585 {iunii
845 3460 1100 3587 ¹²testibus
1117 3458 1447 3601 emtis]

295 3558 362 3571 -
457 3547 569 3585 ιαπι
629 3548 660 3585 e
687 3548 803 3586 iam
871 3550 968 3587 um
1050 3560 1106 3569 —
1357 3547 1425 3585 us

300 3602 520 3657 Omissa
537 3601 798 3658 uberiore
823 3604 940 3658 eius
962 3603 1047 3657 rei
1074 3602 1450 3672 explicatione

295 3678 364 3727 nt
399 3672 504 3728 hoc
538 3678 691 3729 certe
724 3675 852 3729 loco
887 3674 1226 3729 alienissima
1263 3674 1334 3729 ad
1371 3674 1448 3729 al-

291 3752 476 3800 terum
491 3746 704 3801 crimen
716 3745 1221 3831 transgreditur.—
1154 3744 1450 3801 -διάει·ιιε

289 3822 344 3872 et
363 3816 670 3887 Gapdml,
676 3818 768 3886 ,Hi
793 3818 1050 3873 acerrimi
1067 3818 1346 3873 delatores
1367 3816 1448 3884 (id

294 3894 382 3945 est
401 3888 886 3959 quadruplatores)
907 3896 964 3945 et
987 3888 1254 3945 causidici
1276 3889 1450 3944 fuisse

289 3961 594 4015 traduntur
624 3966 683 4015 et
719 3960 846 4017 ideo
875 3961 1030 4029 male,
1067 3961 1232 4015 valde
1265 3962 1448 4029 rauci,

292 4032 444 4101 qnod
469 4033 529 4086 in
553 4033 914 4089 contentione
933 4002 1270 4088 iudiciorum
1294 4032 1447 4087 altis·

291 4104 434 4159 sima
467 4120 604 4159 voce
640 4104 987 4159 clamarent!
973 4104 1008 4135 ‘⁴
1045 4104 1228 4159 Schol.
1262 4107 1447 4176 Argu·

292 4181 541 4231 mentum
579 4178 728 4246 petit
751 4177 1018 4231 Horatius
1057 4195 1090 4231 a
1125 4176 1338 4231 maiore
1375 4176 1444 4231 ad

290 4247 494 4301 minus.
540 4276 612 4288 -
659 4248 918 4319 ambulat]
969 4254 1036 4303 ut
1079 4248 1258 4317 Epod.
1310 4248 1359 4313 4,
1394 4249 1445 4302 5.

294 4348 357 4357 —
398 4319 615 4402 libellis]
655 4320 1028 4374 accusatoriis.
1078 4348 1145 4359 -
1192 4319 1318 4389 siin]
1355 4318 1448 4373 Sic

291 4389 494 4477 optimi
531 4390 690 4529 cpdd.
737 4390 1074 4531 {Bastatquqs
1115 4392 1446 4517 ιρθοῡίιὲιίυέὲε

291 4480 388 4515 ουκ
422 4479 493 4515 αν
530 4479 554 4514 ε
697 4479 734 4515 ιι

291 4536 378 4587 79.
431 4533 474 4599 1,
513 4534 566 4595 2.
583 4480 660 4587 ηέ.
693 4536 762 4588 36
799 4534 870 4589 81.
919 4564 984 4573 -
1035 4503 1250 4604 liabent]
1288 4539 1446 4604 opta·

293 4606 444 4660 tivus
479 4605 789 4660 modus.—-
719 4606 1066 4676 —tabcrnaJ
1105 4606 1176 4661 cf.
1205 4606 1376 4661 Mart.
1401 4606 1446 4669 Ι,

1546 3172 1666 3240 118,
1716 3176 1781 3227 10
1804 3191 1954 3244 sqq.=
2028 3174 2275 3243 „Contra
2312 3173 2561 3229 Caesaris
2611 3180 2697 3230 est

1541 3246 1727 3301 forum
1754 3246 1989 3301 taberna
2014 3245 2251 3315 Scriptis
2284 3246 2538 3315 postibus
2562 3246 2695 3301 hinc

1540 3321 1599 3372 et
1634 3317 1765 3372 inde
1814 3318 1967 3386 totis,
2006 3315 2207 3371 Omnes
2256 3321 2323 3371 ut
2366 3317 2480 3372 cito
2514 3320 2694 3387 perle-

1540 3406 1641 3459 gas
1676 3392 1885 3459 poetas.
1890 3391 1922 3418 “
1979 3388 2161 3459 Epist.
2198 3390 2242 3451 Ι,
2281 3390 2370 3456 20,
2409 3392 2436 3442 1
2464 3406 2584 3459 sqq.
2627 3420 2691 3430 -

1624 3460 1681 3529 a]
1709 3462 1969 3515 columna
2002 3464 2133 3515 ante
2166 3429 2485 3529 tabernam3
2521 3461 2590 3516 cf.
2624 3465 2693 3516 A.

1590 3534 1743 3587 ..378
1782 3532 2038 3601 Propert.
2063 3530 2159 3596 IV,
2187 3534 2275 3601 23,
2304 3534 2397 3585 282
2438 3502 2499 3601 „⁹1
2533 3550 2694 3603 puer,

1542 3608 1601 3657 et
1636 3603 1779 3658 citus
1826 3603 1963 3658 haee
2018 3604 2208 3673 aliqua
2252 3620 2503 3673 propone
2545 3606 2695 3660 colu-

1541 3677 1725 3729 mnaf‘
1774 3702 1843 3715 --
1894 3674 2038 3745 quis]
2098 3692 2163 3729 eo
2208 3676 2461 3742 consilio,
2510 3681 2577 3730 ut
2623 3678 2695 3733 iis

1540 3746 1783 3801 insudet.
1822 3746 1893 3801 cf.
1920 3746 2100 3816 Epist.
2133 3746 2177 3810 1,
2218 3748 2307 3811 20,
2348 3750 2429 3800 ll.
2456 3776 2523 3787 ——
2550 3748 2693 3803 Her-

1538 3818 1802 3888 moqem's]
1838 3817 1965 3873 vide
2004 3818 2075 3873 ad
2112 3818 2229 3873 Sat.
2264 3820 2307 3887 Ι,
2334 3821 2385 3882 2,
2424 3820 2475 3871 2.
2514 3818 2694 3875 Huius

1541 3890 1719 3961 igitur
1741 3890 1985 3943 hominis
2022 3890 2292 3945 iudicium
2327 3856 2470 3944 nihil
2497 3892 2695 3947 melius

1540 3978 1659 4016 esse
1708 3962 1917 4015 iudicio
1966 3961 2263 4032 imperitae
2314 3962 2693 4019 multitudinis

1541 4034 1895 4088 acerbissime
1952 4033 2249 4089 indicatur.
2314 4062 2386 4073 —-
2448 4034 2695 4107 recitent]

1539 4104 1809 4160 Horatius
1834 4104 2069 4160 meliora
2106 4122 2207 4159 sua
2242 4105 2491 4160 carmina
2524 4106 2696 4162 habet

1539 4178 2691 4305 ffissssffmqui'ssbifflha&3333ssssssssss

1538 4320 1949 4391 intellegendae
1984 4320 2183 4389 utique
2219 4324 2351 4374 sunt
2385 4338 2593 4389 pravae
2626 4323 2691 4376 il-

1539 4392 1629 4447 lae
1668 4392 2043 4458 recitationes,
2069 4393 2271 4461 quibus
2300 4392 2505 4446 divites
2528 4410 2693 4463 saepe

1540 4480 1609 4518 ac
1641 4464 1859 4518 nobiles
1906 4464 2155 4519 homines
2200 4464 2455 4534 ingentia
2491 4480 2591 4519 sua
2629 4482 2693 4521 8ο

1538 4535 1758 4590 tumida
1810 4536 2059 4589 carmina
2106 4535 2178 4590 ad
2226 4536 2476 4589 taedium
2526 4536 2691 4591 clien-

1538 4608 1681 4663 tium
1720 4611 1779 4661 et
1812 4606 2133 4661 debitorum
2173 4608 2503 4663 recitarunt.
2574 4608 2689 4666 Sat.
