3092 5059
1137 242 1296 309 LIB.
1343 243 1390 309 1.
1436 242 1618 309 SAT.
1660 242 1777 309 IX.
2531 240 2655 306 405

358 432 790 531 Persequar
814 430 995 507 hinc
1024 456 1177 531 quo
1212 457 1412 507 nunc
1435 432 1585 508 iter
1612 444 1722 508 est
1748 428 1965 507 tibi.“
2013 428 2188 527 „Nil
2218 456 2410 528 opus
2439 442 2555 504 est
2578 442 2657 505 te

361 554 838 654 Circumagi:
897 556 1282 654 quendam
1333 556 1513 629 volo
1571 558 1819 632 visere
1870 582 2025 633 non
2076 555 2221 631 tibi
2272 568 2577 649 notum3

357 678 603 753 Trans
629 678 972 755 Tiberim
996 678 1231 778 longe
1269 682 1497 756 cubat
1523 681 1611 775 is,
1652 706 1898 779 prope
1932 680 2279 758 Caesaris
2312 676 2651 755 hortos.“

359 802 538 901 „Nil
556 803 806 880 habeo
829 804 1038 903 quod
1057 828 1281 902 agam
1307 817 1385 881 et
1402 831 1559 879 non
1581 830 1747 879 sum
1764 804 2017 902 piger:
2050 830 2292 903 usque
2308 827 2589 902 sequar
2605 800 2756 879 te.“

273 961 326 1001 so
361 928 696 1004 Demitto
749 928 1150 1023 auriculae,
1203 942 1286 1004 ut
1335 929 1645 1028 iniquae
1697 930 1970 1005 mentis
2023 928 2327 1025 asellus,

360 1053 557 1129 Cum
611 1053 921 1151 gravius
976 1053 1206 1131 dorso
1261 1056 1494 1130 subiit
1544 1081 1756 1129 onus.
1861 1054 2147 1153 Incipit
2196 1053 2364 1129 ille:

358 1177 493 1275 „Si
538 1179 734 1255 bene
785 1204 908 1255 me
960 1179 1166 1264 novi,
1217 1206 1372 1254 non
1423 1180 1745 1256 Viscum
1788 1180 2032 1277 pluris
2088 1181 2444 1276 amicum,

354 1303 532 1379 Non
583 1303 908 1379 Varium
964 1304 1237 1380 facies:
1284 1332 1461 1381 nam
1509 1306 1680 1405 quis
1737 1332 1857 1381 me
1910 1306 2246 1381 scribere
2297 1304 2555 1402 plures

358 1429 522 1504 Aut
575 1429 798 1505 citius
843 1432 1088 1529 possit
1141 1433 1456 1506 versus?
1512 1433 1683 1531 quis
1737 1430 2086 1506 membra
2137 1456 2451 1508 movere

274 1584 326 1626 as
360 1553 728 1631 Mollius?
781 1554 1129 1631 invideat
1179 1556 1387 1655 quod
1439 1570 1514 1631 et
1547 1538 2105 1654 Hermogenes,
2162 1580 2307 1655 ego
2360 1552 2654 1632 cant0.“

354 1678 920 1775 Interpellandi
965 1678 1176 1756 locus
1225 1679 1354 1757 hic
1405 1695 1603 1757 erat:
1663 1682 1845 1779 „Est
1894 1684 2033 1759 tibi
2077 1696 2345 1777 mater,

359 1804 710 1901 Cognati,
736 1805 905 1905 quis
925 1817 1001 1881 te
1017 1806 1227 1881 salvo
1253 1819 1364 1882 est
1383 1833 1575 1905 opus
1588 1804 1675 1881 ?“
1704 1808 1983 1905 „Haud
2008 1807 2194 1883 mihi
2214 1808 2614 1908 quisquam
2632 1838 2651 1905 ς

359 1928 648 2008 Omnes
701 1929 1173 2029 composui.“
1275 1932 1600 2009 Felices!
1651 1960 1855 2010 nunc
1910 1959 2056 2031 ego
2116 1933 2354 2009 resto!

355 2054 705 2133 Confice:
763 2081 1102 2157 namque
1150 2058 1384 2134 instat
1434 2058 1679 2134 fatum
1728 2058 1917 2136 mihi
1970 2060 2210 2153 triste,
2263 2057 2573 2136 Sabella

258 2326 383 2363 cum
417 2308 732 2435 Khfflnem
771 2310 852 2367 sic
887 2311 1203 2395 coniunxit:
1247 2328 1406 2415 ’292'02

257 2383 1405 2512 afflatiosuntng'gissclilnlllccltffeiiegtKhelllgi·.

257 2524 367 2578 nisi
394 2524 546 2593 quod
559 2540 862 2596 persequar
882 2532 1194 2581 servarunt.
1221 2558 1288 2569 -
1315 2544 1406 2584 cu-

258 2596 375 2667 bat]
423 2596 510 2650 Dc
564 2598 986 2667 aegrotantibus
1039 2600 1284 2669 saepius,
1343 2604 1408 2655 ut

261 2666 372 2722 Sat.
422 2666 496 2735 11,
542 2670 592 2731 3.
641 2668 764 2723 289.

1500 2312 1699 2368 salta.“
1772 2312 1997 2368 Lucret.
2044 2313 2137 2379 lv,
2196 2316 2324 2367 577:
2380 2312 2655 2383 „Cernere

1500 2386 1769 2439 saltantes
1806 2388 1865 2438 et
1899 2384 2092 2440 mollia
2138 2384 2391 2441 membra
2425 2402 2652 2440 moven-

1499 2457 1639 2511 tes.“
1680 2484 1743 2494 —
1786 2456 2148 2526 Hermogenes
2208 2456 2337 2513 vide
2374 2456 2447 2511 ad
2472 2454 2585 2510 Sat.
2608 2457 2654 2526 1,

1503 2530 1557 2595 3,
1604 2528 1721 2581 129.
1770 2558 1831 2566 —
1890 2532 1969 2583 est
2013 2542 2151 2598 opus
2226 2528 2295 2583 cf.
2342 2527 2457 2582 Sat.
2494 2526 2567 2593 ΙΙ,
2603 2532 2655 2597 6,

1507 2600 1625 2653 116.
1699 2599 1855 2655 Idem
1915 2604 2000 2655 est
2061 2600 2211 2669 quod
2272 2598 2511 2669 expedi&
2576 2600 2657 2655 sic

1503 2671 1675 2727 etiam
1714 2670 1824 2725 Cic.
1873 2671 1943 2726 de
1988 2670 2081 2726 off.
2120 2671 2220 2739 111,
2264 2675 2344 2725 11.
2396 2702 2461 2711 -
2507 2672 2657 2726 haud

1503 2742 1815 2813 quisquam]
1852 2742 1981 2797 vide
2019 2742 2092 2797 ad
2128 2742 2243 2798 Sat.
2283 2744 2329 2812 1,
2367 2746 2417 2809 6,
2455 2744 2540 2797 99.
2590 2774 2652 2783 —

873 2670 1054 2741 Epist.
1102 2671 1174 2735 11,
1222 2672 1273 2735 2,
1320 2674 1404 2727 68.

262 2738 422 2794 ovid.
473 2738 606 2793 Her.
644 2742 732 2809 20,
774 2742 898 2795 166:
987 2742 1174 2810 „Haec
1223 2742 1408 2813 cubat,

257 2810 350 2865 ille
400 2811 606 2866 valet.“
664 2841 730 2851 —
788 2810 1041 2869 Caesaris
1093 2813 1298 2886 hortos]
1349 2815 1408 2869 in

257 2881 511 2938 Ianiculo
547 2883 713 2952 sitos3
750 2900 860 2953 quo
899 2904 932 2940 a
977 2902 1136 2941 sacra
1182 2887 1275 2942 via
1310 2887 1406 2941 ho·

258 2971 352 3009 rae
403 2971 581 3025 prope
635 2955 890 3027 integrae
936 2957 1046 3011 iter
1091 2957 1410 3013 faciendum

259 3028 394 3080 erat.
453 3024 635 3081 Tacit.
671 3028 817 3081 Ann.
855 3028 927 3097 11,
965 3027 1057 3083 41:
1125 3028 1410 3098 „Tiberim

259 3097 415 3151 iuxta
478 3097 538 3150 in
597 3096 801 3165 hortis,
865 3117 1002 3168 quos
1060 3100 1260 3156 Caesar
1326 3101 1408 3155 di-

260 3172 443 3222 ctator
499 3169 708 3239 populo
758 3169 1012 3225 Romano
1067 3172 1408 3243 legaverat.“

261 3267 327 3279 —
377 3238 554 3309 piyer]
609 3240 679 3295 cf.
736 3240 850 3297 Sat.
897 3242 941 3312 Ι,
988 3246 1039 3309 5,
1086 3244 1134 3298 6.
1195 3272 1263 3285 —
1319 3262 1408 3300 su-

255 3309 378 3380 biit]
415 3310 644 3365 Lachm.
703 3312 775 3367 ad
811 3313 1036 3369 Lucret.
1074 3332 1128 3385 p.
1167 3316 1272 3370 207
1313 3316 1410 3371 do-

263 3382 379 3437 cuit
424 3382 678 3452 perfecta
721 3384 781 3438 in
831 3385 902 3441 iit
945 3388 1208 3443 exeuntia
1263 3387 1412 3457 apud

261 3458 874 3582 P⁰⁶322essxtrim3md
888 3475 913 3511 ⁸
952 3457 1412 3585 ¹¹·ss1biamti0i‘i?

300 3544 362 3579 ro
539 3544 659 3595 e‚u
757 3545 834 3598 pu
946 3547 1268 3595 v1.e.,
1397 3571 1411 3585 .

396 3635 412 3661 ,
451 3598 573 3651 870.
615 3598 915 3655 Praeterea
951 3600 1080 3655 vide
1116 3601 1188 3657 ad
1231 3600 1408 3658 Carm.

263 3667 308 3728 Ι,
346 3670 396 3737 3,
433 3668 520 3723 36.
545 3698 616 3708 --
650 3670 808 3741 onus]
850 3678 1082 3741 quartus
1119 3690 1275 3729 casus
1311 3680 1412 3743 est,

263 3742 330 3793 ut
361 3740 543 3809 Epist.
570 3740 613 3802 1,
642 3743 694 3809 7,
720 3745 804 3797 33.
845 3742 1027 3799 Germ.
1062 3744 1166 3813 111,
1189 3748 1241 3815 4,
1268 3748 1316 3800 8.
1345 3774 1410 3785 —

261 3826 342 3865 me
389 3810 540 3881 novt]
596 3812 665 3867 cf.
713 3813 892 3883 Epist.
930 3815 975 3878 1,
1015 3818 1096 3885 18,
1141 3820 1188 3873 1.
1260 3817 1413 3872 Inest

264 3880 323 3934 in
359 3883 416 3936 h.
451 3898 501 3937 v.
539 3884 827 3940 urbanitas
873 3888 1146 3956 quaedam
1185 3894 1242 3943 et
1281 3888 1414 3945 ficta

265 3954 552 4009 modestia.
615 3985 684 3996 —
758 3957 990 4029 Viscum]
1061 3959 1130 4017 cf.
1188 3959 1301 4015 Sat.
1368 3960 1412 4029 Ι,

267 4026 357 4093 10,
416 4028 514 4089 83,
588 4028 686 4082 ubi
758 4026 968 4085 Schol.:
1045 4032 1229 4101 „Visci
1301 4032 1412 4086 duo

263 4095 466 4152 fratres
526 4099 786 4168 fuerunt3
847 4106 1010 4171 pater
1068 4121 1264 4159 eorum
1317 4102 1411 4157 Vi·

264 4166 389 4224 bius
426 4168 636 4233 Viscus,
698 4173 950 4240 quamvis
995 4180 1052 4229 et
1093 4176 1308 4230 divitiis
1355 4178 1414 4230 et

265 4240 512 4297 amicitia
571 4244 818 4313 Augusti
881 4244 1063 4299 clarus
1127 4252 1285 4312 esset,
1351 4247 1414 4301 in

267 4313 512 4379 equestri
569 4318 757 4369 tamen
812 4316 1010 4370 ordine
1066 4318 1412 4387 perduravit,

267 4398 390 4437 cum
439 4382 584 4440 filios
635 4402 762 4440 suos
813 4392 1096 4443 senatores
1139 4389 1410 4445 fecisset.“

267 4452 348 4508 De
385 4452 551 4511 Vario
597 4456 722 4511 vide
761 4456 833 4513 ad
872 4458 1052 4513 Carm.
1088 4460 1132 4529 1,
1170 4462 1222 4530 6,
1263 4463 1310 4515 1.
1345 4492 1411 4501 -

267 4524 500 4596 mollius]
563 4526 725 4584 Ovid.
782 4531 850 4584 A.
892 4532 961 4585 A.
1021 4530 1064 4597 1,
1119 4532 1248 4586 595:
1324 4532 1415 4601 „Si

267 4612 375 4650 vox
428 4602 528 4669 est,
574 4605 755 4672 canta,
806 4602 854 4659 si
897 4602 1093 4659 mollia
1138 4602 1418 4674 bracchia,

1501 2813 1801 2885 composui]
1862 2814 1941 2870 Ut
1999 2818 2255 2869 nostrum
2325 2814 2657 2871 vocabulum

1503 2886 1761 2968 bcisetsqn
1826 2885 1895 2969 de
1971 2902 2189 2969 recens·
2231 2887 2485 2970 mortuis,
2560 2888 2657 2970 qui

1505 2958 2221 3085 &hazitffflgffffizssff
2249 2960 2659 3097 11³47⁸5111²133³533

1503 3117 1631 3155 nem
1670 3100 1912 3155 Verania
1946 3117 2089 3155 uxor
2125 3118 2191 3155 ac
2225 3101 2403 3156 frater
2440 3100 2657 3157 Scribo·

1503 3174 1723 3240 nianus,
1746 3172 1807 3226 T.
1830 3171 2055 3225 Vinium
2082 3171 2201 3227 Cris
2242 3173 2337 3227 ina
2369 3172 2489 3227 filia
2514 3190 2659 3227 com-

1503 3244 1789 3314 posuere.“
1832 3242 2030 3297 Catull.
2066 3244 2151 3307 68,
2173 3244 2207 3296 9
2256 3264 2268 3297 ι
2310 3243 2461 3312 „Nec
2482 3261 2659 3316 prope

1505 3315 2162 3441 {offlalmffimpffstum
2184 3315 2657 3441 οἰιιζαοτῖῗιέιᾱῖἶθτς.

1560 3404 1645 3441 en.
1876 3427 1889 3439 .
1994 3404 2092 3441 aec
2130 3404 2229 3442 ver
2414 3403 2453 3440 u
2532 3429 2545 3441 .
2590 3428 2603 3442 .
2643 3430 2655 3441 .

1505 3426 1779 3527 compositi
1822 3458 2132 3513 necessario
2178 3458 2507 3513 tribuuntur
2542 3478 2659 3514 mo·

1503 3531 1663 3586 leste.
1738 3529 1891 3597 Quae
1927 3528 2127 3584 deinde
2164 3530 2534 3601 insequuntur
2570 3550 2656 3585 us-

1506 3619 1617 3671 que
1663 3601 1735 3655 ad
1783 3620 1836 3655 v.
1878 3602 1947 3654 34
1982 3601 2251 3657 Horatius
2289 3602 2460 3657 tacite
2508 3604 2657 3674 cogi-

1503 3678 1593 3729 tat
1637 3673 1818 3745 magis
1864 3690 2031 3742 quam
2079 3674 2427 3743 pronuntiat,
2489 3680 2659 3744 atque

1505 3744 1883 3817 intellegenda
1920 3750 2052 3799 sunt
2087 3762 2156 3801 ex
2191 3763 2281 3800 vv.
2307 3761 2485 3800 omme
2524 3762 2659 3801 com·

1499 3816 1680 3886 posui.
1731 3816 1820 3871 Ex
1859 3814 2059 3885 quibus
2096 3815 2297 3871 festive
2331 3816 2466 3871 satis
2504 3818 2656 3873 colli·

1503 3888 1595 3959 git
1624 3892 1807 3957 poeta,
1835 3888 1905 3942 ab
1942 3888 2167 3943 homine
2193 3888 2291 3957 qui
2316 3906 2505 3943 omnes
2531 3906 2657 3943 suos

1507 3959 1881 4029 composuerit
1910 3958 2018 4014 sibi
2044 3977 2265 4029 quoque
2301 3965 2539 4015 mortem
2576 3960 2657 4013 in-

1507 4036 1676 4087 stare.
1750 4031 2039 4086 Innocenti
2095 4032 2242 4086 enim
2292 4031 2659 4100 componendi

1506 4103 1681 4158 verbo
1702 4102 1972 4159 Horatius
2000 4103 2119 4173 ipse
2151 4102 2384 4158 necandi
2410 4104 2659 4173 aliquam

1507 4176 1796 4230 notionem
1859 4174 2197 4245 cogitatione
2261 4173 2438 4241 addit,
2498 4175 2660 4244 quasi

1508 4248 1654 4301 alter
1702 4263 1828 4311 suos
1874 4262 2095 4315 quoque
2138 4246 2568 4315 importunitate
2604 4250 2661 4301 et

1507 4319 1779 4373 molestiis
1815 4316 1889 4373 ad
1925 4322 2165 4372 mortem
2202 4317 2557 4373 cruciaverit.
2591 4347 2659 4357 —

1509 4388 1741 4460 Confice]
1796 4388 2087 4459 Sumptum
2129 4388 2366 4443 verbum
2412 4406 2447 4444 a
2492 4407 2660 4461 nego·

1509 4461 1623 4525 tiis,
1662 4466 1728 4516 ut
1766 4460 1874 4516 Cic.
1911 4463 2033 4515 Att.
2072 4458 2197 4529 XII,
2240 4461 2331 4513 19:
2380 4459 2499 4529 „Tu
2535 4478 2660 4516 cum

1509 4531 1715 4601 Apella
1766 4532 1902 4587 Chio
1960 4530 2167 4587 confice
2212 4531 2283 4586 de
2338 4532 2659 4601 columnis,“

1510 4603 1661 4660 unde
1716 4604 1789 4660 ad
1838 4620 1932 4660 eos
1979 4603 2321 4659 transfertur
2370 4604 2467 4674 qui
2522 4604 2662 4661 alios
