3092 5059
1560 249 1639 312 14

395 428 815 512 principium,
881 429 966 495 ad
1036 430 1298 496 eosdem
1368 451 1621 497 omnem
1684 430 1928 496 exitum
1989 448 2199 495 rerum
2260 426 2662 495 referendum
2692 430 2799 506 ⁸¹).

393 536 609 614 Quare
652 539 950 620 quotiens
995 560 1078 605 ex
1119 540 1430 623 periculis
1495 545 1754 623 ereptus
1816 545 1929 617 est,
1974 537 2046 603 id
2089 558 2243 605 cura
2285 546 2351 605 et
2394 538 2802 623 providentia

391 645 618 712 divina
677 648 916 713 factum
979 649 1290 730 ostendit3
1351 648 1549 715 veluti
1607 669 1748 714 cum
1803 649 1869 714 in
1914 648 2202 732 Vultum,
2244 654 2459 714 monte
2497 648 2795 732 Apuliae,

389 754 545 821 ludo
590 776 941 841 somnoque
985 777 1334 842 oppressus
1377 756 1555 823 humi
1612 758 1876 823 cubaret
1931 758 2151 823 divino
2221 758 2463 824 auxilio
2528 764 2703 822 tutus
2755 777 2797 822 a

389 866 760 949 viperarum
823 872 890 932 et
950 886 1242 933 ursorum
1307 866 1563 932 letifero
1626 886 1843 932 morsu
1870 864 1971 949 ⁵²),
2034 866 2139 932 vel
2208 886 2352 931 cum
2414 868 2481 930 in
2550 866 2796 931 Sabina

391 974 560 1041 silva
614 976 679 1039 in
733 974 960 1042 devias
1014 976 1312 1059 regiones
1365 975 1582 1041 delato
1650 975 1879 1059 ingens
1942 976 2134 1059 lupus
2182 976 2484 1041 innoxius
2537 975 2793 1041 obviam

390 1083 514 1149 iret
533 1082 634 1167 ⁵⁸),
679 1084 780 1149 vel
821 1106 965 1151 cum
1011 1086 1077 1150 in
1131 1103 1288 1169 agro
1346 1105 1464 1151 suo
1521 1084 1768 1152 Sabino
1823 1084 2094 1151 cadente
2142 1085 2373 1151 arbore
2429 1104 2637 1168 paene
2680 1102 2793 1168 op-

389 1194 772 1278 primeretur
797 1196 901 1276 ⁵⁴);
951 1201 1147 1277 atque
1184 1194 1382 1260 etiam
1425 1194 1601 1278 quod
1645 1194 1985 1260 incolumis
2030 1214 2110 1259 ex
2150 1194 2350 1261 caede
2380 1193 2791 1278 Philippensi

389 1304 684 1377 evaserit,
731 1303 902 1386 quod
961 1324 1044 1370 ex
1097 1304 1442 1387 naufragio
1493 1305 1693 1369 vitam
1754 1306 2044 1387 servarit,
2110 1314 2295 1387 grato
2360 1304 2575 1369 animo
2640 1301 2788 1368 deo-

387 1432 528 1478 rum
587 1415 911 1497 praesenti
970 1413 1172 1480 tutela
1221 1406 1464 1480 ‘factum
1521 1434 1667 1481 esse
1727 1412 2057 1499 profitetur
2078 1412 2179 1496 ⁸⁵).
2260 1401 2410 1479 'Sed
2464 1410 2795 1478 sufficiant

390 1520 551 1588 haec
599 1521 681 1588 de
743 1524 988 1606 pietate
1046 1523 1300 1589 Horatii
1365 1544 1522 1607 erga
1574 1523 1747 1589 deos.
1849 1522 1949 1589 De
2010 1522 2318 1604 amicitia,
2374 1540 2565 1603 quam
2620 1520 2791 1586 Mae-

388 1632 603 1697 cenati
659 1638 1038 1717 perpetuam
1103 1634 1416 1716 servavit,
1472 1633 1599 1697 iam
1660 1630 1903 1697 dictum
1962 1638 2091 1706 est3
2149 1637 2349 1697 restat
2400 1640 2469 1696 ut
2523 1630 2605 1696 de
2654 1632 2793 1697 alia

387 1740 588 1805 animi
643 1740 984 1807 affectione
1037 1742 1264 1827 paucis
1321 1742 1590 1825 dicatur,
1640 1760 1806 1824 quae
1857 1740 2029 1807 haud
2083 1760 2319 1825 parvas
2372 1741 2435 1807 ei
2490 1740 2788 1806 crimina-

387 1850 597 1916 tiones
641 1850 903 1917 creavit.

587 1959 734 2025 Non
767 1961 968 2026 semel
995 1960 1306 2026 Horatius
1344 1959 1598 2025 Musam
1640 1980 1823 2026 suam
1863 1961 2145 2026 iocosam
2174 1960 2465 2043 appellat
2506 1966 2571 2025 et
2613 1979 2788 2025 amo-

387 2068 568 2134 ribus
627 2067 916 2134 deditam
937 2068 1039 2149 ⁵⁶).
1127 2068 1259 2135 Sed
1317 2090 1444 2135 non
1503 2067 1865 2149 defuerunt,
1924 2070 2037 2152 qui
2090 2088 2277 2134 veros
2330 2074 2560 2153 poetae
2614 2088 2790 2134 amo-

388 2196 490 2243 res
555 2177 1022 2261 intellegendos
1074 2196 1218 2244 esse
1275 2198 1482 2262 paene
1536 2178 1780 2261 ubique
1844 2186 2159 2262 negarent
2220 2198 2429 2262 neque
2494 2179 2561 2243 in
2622 2179 2789 2243 mul-

387 2287 474 2352 tis
527 2286 920 2352 carminibus
975 2286 1064 2351 ad'
1112 2287 1512 2371 exemplaria
1566 2308 1803 2371 graeca
1855 2308 2157 2371 magnam
2221 2294 2468 2370 partem
2524 2306 2787 2371 expres-

390 2397 480 2462 sis
544 2398 890 2480 quicquam
943 2395 1125 2462 aliud
1185 2396 1480 2463 viderent
1541 2398 1669 2462 nisi
1740 2398 1921 2463 lusus
1990 2395 2305 2480 quosdam
2359 2398 2647 2480 poeticos
2704 2395 2787 2461 ab

389 2504 604 2571 animo
654 2514 885 2589 poetae
936 2505 1388 2572 alienissimos.
1487 2502 1619 2583 Qui
1672 2506 1729 2571 si
1796 2506 1955 2571 satis
2016 2504 2521 2583 recordarentur,
2577 2504 2787 2587 qualis

389 2620 560 2680 esset
607 2614 816 2697 lyrica
875 2614 1111 2698 poesis,
1171 2633 1492 2697 quamque
1531 2613 1874 2697 indignum
1919 2619 2112 2699 poeta
2154 2633 2303 2680 vere
2352 2614 2583 2697 lyrico,
2628 2613 2784 2679 alie·

388 2742 506 2789 nos
561 2744 790 2791 sensus
846 2725 1204 2789 imitantem
1259 2724 1424 2789 nihil
1479 2742 1681 2808 prope
1734 2744 1816 2789 ex
1861 2743 1977 2789 suo
2027 2723 2243 2789 animo
2296 2730 2410 2788 aut
2450 2722 2589 2801 vita
2630 2720 2786 2787 hau-

385 2834 535 2917 rire,
593 2832 784 2917 longe
838 2833 1028 2899 aliter
1079 2832 1465 2900 iudicarent.
1549 2834 1923 2916 Antiquitas
1978 2832 2063 2899 ad
2106 2839 2357 2900 nostros
2401 2850 2611 2897 mores
2656 2851 2783 2896 non

387 2950 487 3009 est
536 2941 928 3023 revocanda3
984 2943 1052 3008 in
1106 2962 1234 3025 qua
1274 2941 1615 3008 honestum
1666 2942 1807 3025 fuit,
1863 2942 2184 3026 frequenti
2231 2941 2676 3008 recordatione
2723 2947 2788 3006 et

386 3051 746 3117 imitatione
797 3051 1108 3117 bonorum
1161 3053 1547 3135 scriptorum
1599 3051 1932 3118 doctrinae
1993 3052 2387 3135 elegantiam
2450 3052 2784 3117 scientiae-

387 3180 511 3244 que
554 3159 1046 3245 amplitudinem
1092 3180 1250 3244 prae
1302 3181 1372 3226 se
1416 3161 1608 3226 ferre.
1699 3159 2082 3243 Quanquam
2139 3160 2342 3243 igitur
2384 3161 2610 3243 negari
2655 3178 2783 3224 non

384 3275 624 3354 potest,
690 3270 959 3336 Horatio
1020 3288 1288 3353 graecos
1355 3288 1553 3350 saepe
1620 3278 1845 3355 poetas
1907 3270 2203 3353 exemplo
2273 3269 2507 3348 fuisse,
2568 3275 2786 3334 tamen

385 3378 498 3444 ubi
549 3388 614 3445 et
673 3398 802 3462 qua
852 3380 1102 3444 ratione
1171 3379 1436 3459 fuerint,
1503 3378 1651 3461 quis
1720 3398 1889 3444 nunc
1944 3378 2302 3461 deperditis
2365 3378 2499 3443 illis
2557 3378 2783 3461 lyricis

383 3488 626 3571 ubique
681 3488 899 3553 dicat?
977 3487 1205 3570 Neque
1256 3490 1605 3572 quicquam
1656 3490 1868 3572 magis
1921 3493 2134 3572 potest
2184 3508 2327 3554 esse
2386 3506 2783 3571 perversum,

385 3616 578 3680 quam
621 3597 1004 3680 ubicumque
1058 3596 1328 3663 duorum
1380 3606 1715 3682 poetarum
1770 3598 2017 3664 similes
2062 3598 2379 3680 quaedam
2423 3598 2782 3663 sententiae

385 3708 816 3790 reperiantur,
886 3707 979 3772 ibi
1045 3708 1317 3773 alterum
1379 3709 1671 3792 praeisse
1724 3708 1995 3773 alterum
2049 3708 2369 3773 imitatum
2430 3726 2573 3772 esse
2638 3726 2784 3771 con-

385 3816 602 3881 festim
650 3816 1039 3900 divinare*).
1137 3816 1271 3884 Sed
1323 3837 1468 3883 eum
1520 3816 1721 3883 dubia
1773 3836 1877 3883 res
1932 3816 2050 3899 sit,
2110 3815 2463 3882 cavendum
2520 3821 2649 3901 est,
2700 3834 2783 3880 ne

457 4090 550 4161 51)
587 4091 765 4145 Car-m.
793 4090 836 4153 1,
859 4092 945 4155 34,
970 4094 994 4143 1
1023 4110 1142 4161 sqq.
1183 4092 1227 4161 Ι,
1248 4093 1334 4160 85,
1364 4096 1386 4146 1
1411 4110 1530 4163 sqq.
1634 4092 1699 4155 11,
1724 4093 1807 4161 12,
1836 4093 1900 4144 14
1922 4108 2042 4161 sqq.
2085 4092 2157 4161 ΙΙ,
2184 4098 2233 4160 1,
2254 4095 2323 4147 37
2342 4110 2461 4163 sqq.
2500 4091 2597 4158 111,
2620 4094 2669 4157 3,
2694 4094 2782 4147 69.

384 4164 481 4232 111,
519 4164 570 4231 6,
608 4167 641 4218 6
679 4180 799 4232 sqq.
837 4162 940 4226 111,
980 4165 1031 4232 4,
1069 4166 1138 4217 65
1175 4180 1295 4233 sqq.
1632 4164 1813 4233 Epist.
1854 4163 1926 4230 11,
1968 4163 2020 4225 2,
2060 4166 2146 4218 56.

455 4235 548 4303 52)
585 4234 766 4289 Carm.
803 4234 902 4294 111.
941 4238 991 4296 4,
1031 4234 1223 4290 9-20.
1702 4234 1751 4304 *)
1790 4234 2173 4303 efiGarckeQ.
2195 4236 2416 4290 Horatii
2438 4236 2521 4290 Fl.
2551 4237 2781 4291 carmin.

456 4306 549 4375 53)
587 4306 768 4360 Carm.
806 4306 850 4374 Ι,
887 4308 975 4375 22,
1013 4309 1048 4361 9
1085 4324 1204 4376 sqq.
1407 4306 1416 4315 ’
1631 4306 1726 4361 lib.
1766 4306 1808 4359 Ι.
1866 4306 2085 4361 collatis
2140 4308 2506 4375 scriptoribus
2556 4306 2780 4362 Graecis

453 4376 548 4447 54)
586 4377 765 4432 Carm.
805 4378 876 4447 11,
917 4380 999 4433 13.
1055 4379 1154 4448 111,
1197 4382 1246 4447 4,
1284 4380 1370 4432 27.
1429 4378 1530 4447 111,
1632 4378 1899 4433 illustrati
1915 4379 2206 4446 specimen.
2228 4378 2386 4433 Halis
2400 4381 2555 4433 1853.
2574 4380 2778 4449 p.V111.

381 4450 432 4517 8,
470 4453 518 4503 7.
1634 4449 1772 4519 „Qui
1808 4450 1977 4518 paulo
2015 4452 2331 4504 accuratius
2366 4450 2427 4503 in
2465 4469 2530 4505 ea
2566 4468 2627 4505 re
2656 4468 2779 4504 ver·

455 4519 550 4590 55)
587 4520 683 4583 111,
720 4523 772 4589 4,
811 4522 876 4575 25
915 4538 1034 4591 sqq.
1628 4525 1781 4575 satus
1818 4521 1943 4579 fuit.
1982 4520 2146 4576 facile
2185 4522 2477 4590 invenerit,
2512 4538 2626 4576 non
2662 4540 2779 4577 esse

455 4592 548 4663 66)
588 4592 767 4647 Carm.
802 4592 848 4661 1,
885 4594 937 4661 6,
978 4596 1059 4646 17.
1125 4591 1169 4654 Ῑ,
1213 4592 1296 4659 19,
1333 4592 1368 4645 9
1403 4609 1525 4661 sqq.
1629 4592 2043 4647 consuetudinis
2130 4592 2473 4647 Horatianae
2558 4593 2781 4665 integra
