3092 5059
1428 246 1508 311 19

461 426 594 495 Sat.
644 428 754 495 lib.
801 428 870 495 Π
912 451 1040 496 non
1083 428 1280 496 habet
1323 450 1678 497 sermonem
1724 428 1809 495 ad
1840 430 2279 498 Maecenatem
2322 433 2662 516 scriptum3

257 536 378 603 sed
421 539 668 604 mentio
713 538 855 604 eius
901 540 1165 622 saepius
1209 539 1282 605 fit
1325 538 1414 621 (3,
1439 540 1582 604 212.
1630 541 1691 622 6,
1714 541 1817 607 31.
1838 542 1943 605 41.
1990 540 2045 617 7,
2072 542 2173 606 33.
2220 541 2277 619 8,
2304 544 2435 623 22).

457 646 670 730 Epist.
699 649 814 715 lib.
843 650 876 713 I
907 651 1194 715 continet
1221 651 1303 714 20
1333 648 1671 733 epistulas,
1718 670 1802 715 ex
1845 650 2081 733 quibus
2121 651 2353 716 ultima
2395 652 2661 733 reliquis

256 756 450 839 quasi
495 778 707 824 comes
757 756 910 823 data
953 766 1084 839 est3
1164 758 1330 825 inter
1395 758 1679 842 reliquas
1738 766 1953 827 autem
2018 766 2085 826 et
2145 760 2360 845 prima
2423 766 2487 825 et
2548 778 2661 843 po·

255 872 500 935 strema
543 867 632 933 ad
673 868 1112 935 Maecenatem
1155 870 1440 953 scriptae
1499 877 1649 935 sunt
1692 868 1821 954 (ep.
1870 871 1925 934 1.
1972 870 2113 951 19);
2178 874 2515 955 praeterea
2578 868 2664 933 ad

253 976 536 1043 eundem
577 979 784 1043 missa
826 984 926 1044 est
968 980 1262 1061 septima.
1407 998 1412 1003 ·

457 1086 534 1150 In
567 1092 794 1169 quarto
831 1084 1196 1151 Carminum
1239 1086 1408 1153 libro
1451 1107 1583 1154 non
1624 1088 1943 1172 reperitur
1986 1107 2264 1170 carmen,
2310 1107 2439 1171 quo
2468 1093 2667 1173 poeta

257 1192 705 1261 Maecenatem
769 1194 1154 1279 alloquatur.
1243 1194 1456 1261 Semel
1520 1203 1771 1262 tantum
1836 1198 1977 1263 eius
2022 1196 2260 1262 mentio
2306 1196 2378 1262 fit
2422 1199 2490 1263 in
2532 1215 2667 1262 me-

257 1302 374 1371 dio
439 1306 724 1371 carmine
795 1305 892 1369 11.
979 1303 1112 1371 Sed
1179 1310 1352 1371 totus
1418 1306 1587 1372 liber
1630 1307 1699 1372 in
1742 1305 2053 1372 honorem
2092 1305 2371 1389 Augusti
2414 1324 2492 1369 ac
2536 1302 2662 1368 Ne·

257 1431 485 1478 ronum
529 1412 741 1480 editus
791 1433 938 1480 esse
981 1413 1238 1480 dicitur.

461 1522 564 1587 De
594 1520 800 1603 Epist.
829 1522 998 1588 libro
1041 1523 1108 1587 II
1153 1521 1318 1587 nihil
1356 1522 1701 1590 dicendum
1746 1529 1862 1589 est.
1900 1524 2038 1589 Iam
2080 1522 2253 1605 vide,
2296 1542 2446 1587 num
2490 1528 2663 1588 recte

260 1628 364 1695 sic
405 1631 739 1715 scripserit
787 1630 1289 1713 Peerlkampius:
1367 1632 1557 1716 „Ipse
1625 1632 2011 1715 (Horatius),
2077 1631 2293 1698 subito
2356 1637 2664 1713 mortuuS,

257 1758 474 1823 neque
537 1748 890 1807 extremam
955 1762 1218 1808 manum
1291 1742 1474 1825 operi
1538 1761 1655 1807 suo
1710 1741 1999 1809 admovit
2040 1760 2248 1824 neque
2292 1740 2551 1807 libellos
2593 1740 2663 1805 in

257 1868 458 1913 unum
503 1868 738 1933 corpus
787 1851 1068 1934 collegit.
1159 1850 1482 1934 Carmina,
1527 1871 1607 1917 eo
1649 1857 1899 1916 mortuo
1943 1856 2219 1933 reperta,
2287 1850 2480 1915 amici
2524 1847 2665 1915 edi·

257 1957 515 2037 derunt,
558 1958 786 2025 addita
829 1958 1064 2025 deinde
1113 1979 1230 2026 suo
1274 1979 1572 2043 quaeque
1616 1961 1858 2044 generi,
1902 1960 2298 2026 Hexametra
2341 1958 2663 2023 Hexame-

255 2068 402 2142 tris,
457 2066 698 2153 Lyrica
739 2068 1054 2154 Lyricis.“
1137 2068 1366 2151 Neque
1412 2070 1606 2135 amici
1648 2079 1879 2151 poetae
1924 2089 2133 2152 neque
2180 2078 2409 2153 postea
2448 2086 2661 2151 gram-

255 2176 486 2241 matici
529 2154 736 2241 illum·
754 2175 1046 2242 ordinem
1085 2176 1601 2259 constituissent3
1656 2176 1877 2242 ·amici
1920 2196 2050 2242 non
2093 2175 2475 2259 habuerunt,
2550 2196 2664 2241 cur

253 2282 642 2368 Maecenati,
689 2286 818 2350 iam
863 2292 1132 2361 mortuo,
1187 2292 1436 2352 tantum
1479 2284 1789 2352 honorem
1834 2287 2207 2368 tribuerent,
2254 2286 2663 2370 grammatici

254 2392 554 2459 ordinem
618 2392 1012 2460 direxissent
1075 2394 1161 2460 ad
1225 2394 1713 2461 similitudinem
1772 2394 1875 2460 vel
1921 2393 2285 2480 argumenti
2325 2395 2433 2459 vel
2476 2395 2663 2459 metri

133 2536 160 2555 ·
252 2502 364 2569 vel
404 2521 846 2586 personarum.

989 3106 1288 3192 'Pabula
1361 3104 1936 3219 chronologica.

550 3472 721 3524 aetat.
966 3467 1244 3523 Consules.
1463 3466 1610 3536 Quid
1648 3468 1733 3523 his
1770 3469 1929 3523 annis
1965 3474 2187 3541 gestum
2228 3472 2322 3540 sit,
2360 3469 2660 3525 indicatur.

329 3718 458 3771 689.
639 3716 686 3767 1.
799 3713 870 3768 L.
883 3714 1144 3768 Aurelius
1159 3714 1398 3769 CottaL.
1459 3714 1524 3783 Q.
1562 3713 1830 3769 Horatius
1864 3712 2097 3770 Flaccus
2131 3714 2397 3768 nascitur.

819 3800 1400 3871 ManliusTorquatus.
2038 3870 2044 3877 ·

329 3892 456 3946 ⁷01.
599 3892 688 3945 12.
805 3889 902 3945 Gn.
917 3890 1198 3945 Domitius
1219 3890 1399 3945 Calvi·
1460 3889 1583 3945 Hoc
1617 3891 1708 3945 vel
1744 3891 2031 3960 superiore
2066 3908 2213 3946 anno
2253 3889 2521 3945 Horatius
2546 3888 2657 3945 Ro-

835 3996 944 4033 nus
1001 3978 1078 4033 M.
1144 3978 1401 4034 Valerius
1530 3996 1683 4033 mam
1719 3980 1937 4033 venisse
1972 3978 2213 4034 videtur.

837 4066 1112 4122 Messalla.

333 4158 458 4211 708.
604 4158 688 4210 19.
803 4158 860 4213 G.
882 4158 1058 4211 Iulius
1077 4157 1280 4211 Gaesu·
1301 4155 1400 4209 111.
1461 4156 1683 4211 Bellum
1702 4156 2046 4211 Africanum.
2089 4154 2181 4210 Ad
2201 4152 2485 4223 Thapsum
2520 4170 2659 4224 pug-

836 4246 914 4300 M.
937 4244 1212 4299 Aemilius
1235 4244 1400 4313 Lepi·
1532 4249 1720 4299 natur.
1810 4244 1885 4298 M.
1946 4245 2085 4299 Gato
2140 4242 2339 4299 Uticae
2400 4242 2658 4309 moritur,

837 4334 957 4389 dus.
1534 4333 1737 4388 Caesar
1774 4337 1973 4402 quater
2007 4330 2341 4400 triumphat,
2367 4348 2436 4383 ex
2458 4330 2659 4397 Gallia,

1531 4439 1604 4475 ex
1649 4424 1925 4492 Aegypto,
1972 4436 2041 4473 ex
2085 4419 2285 4485 Pont0,
2330 4436 2399 4472 ex
2443 4417 2655 4473 Africa.

1534 4508 1737 4563 Caesar
1784 4512 1979 4563 contra
2014 4505 2311 4575 Pompeios
2362 4506 2422 4559 in
2460 4504 2659 4574 Hispa-

1529 4596 1682 4650 niam
1718 4593 2109 4666 proficiscitur.
