3092 5059
1137 689 1726 797 Q.HORA'1¹11
1787 689 2171 777 FLAOOI

897 852 2419 1066 SATIRARUM

1259 1048 1516 1115 LIBER
1561 1048 2040 1117 SECUNDUS.

1432 1360 1765 1449 smmi
1829 1360 1890 1443 Ι.

548 1524 743 1603 Sunt
793 1528 1072 1628 quibus
1131 1528 1210 1601 in
1266 1529 1499 1603 satira
1552 1525 1827 1602 videor
1871 1524 2099 1600 nimis
2150 1550 2326 1602 acer
2378 1538 2455 1602 et
2504 1525 2711 1601 ultra

552 1652 841 1750 Legem
889 1653 1207 1729 tendere
1259 1678 1486 1752 opus3
1543 1652 1707 1727 sine
1756 1652 2013 1726 nervis
2066 1649 2314 1727 altera
2364 1649 2733 1750 quicquid

847 1910 1126 1965 Satira
1160 1912 1207 1967 Ι.

522 2007 737 2063 mtima
790 2006 930 2063 haec
983 2007 1233 2063 omnium
1300 2007 1603 2063 satirarum

451 2078 620 2135 alteri
672 2078 820 2134 libro
866 2079 1028 2148 quasi
1083 2079 1350 2149 prologus
1409 2078 1603 2133 addita

451 2151 798 2206 liberrimam
843 2150 1015 2206 habet
1064 2156 1122 2207 et
1165 2150 1474 2221 perfectam
1517 2155 1602 2207 to-

453 2224 566 2277 tius
602 2223 823 2293 generis
863 2221 1259 2277 defensionem.
1295 2222 1440 2277 Nam
1477 2239 1604 2277 cum

450 2294 600 2349 inter
637 2311 730 2349 eos
763 2294 860 2363 qui
894 2294 1059 2349 editis
1103 2294 1290 2349 satiris
1325 2294 1504 2349 laesos
1545 2311 1605 2349 se

451 2365 724 2420 sentirent
759 2365 912 2419 haud
948 2364 1120 2421 dubie
1165 2365 1331 2421 multi
1383 2384 1447 2421 eo
1485 2366 1605 2421 irae

449 2437 940 2508 progrederentur,
992 2440 1058 2491 ut
1093 2437 1402 2507 malignum
1439 2453 1604 2505 quem

450 2513 719 2578 putarent
773 2513 1000 2577 poetam
1052 2508 1388 2563 iniuriarum
1442 2526 1605 2578 posse

450 2580 700 2635 accusari
719 2578 1151 2649 arbitrarentur,
1169 2578 1437 2635 Horatius
1456 2598 1605 2634 nunc

451 2652 681 2707 simulat
735 2668 793 2705 se
859 2650 916 2705 C.
973 2650 1300 2707 Trebatium
1359 2650 1605 2719 Testam,

452 2723 592 2777 iuris
625 2722 1045 2791 peritissimum,
1091 2721 1160 2777 de
1210 2740 1276 2777 ea
1310 2739 1372 2777 re
1409 2740 1603 2778 consu·

453 2796 594 2862 lere3
645 2794 742 2862 qui
789 2793 924 2847 olim
972 2793 1253 2849 Ciceronis
1303 2794 1514 2849 amicus
1550 2810 1602 2849 a.

455 2884 509 2919 u.
557 2883 603 2920 c.
653 2866 760 2919 707
811 2864 1072 2919 tribunus
1116 2865 1316 2935 plebis,
1369 2866 1418 2920 si
1470 2870 1608 2921 tunc

455 2937 625 2992 etiam
669 2936 832 3004 vixit,
883 2937 1278 3007 sexagenarius
1321 2935 1442 2991 fere
1477 2936 1603 2992 fuit.

455 3008 619 3063 Hunc
648 3008 825 3079 igitur
862 3008 1000 3075 quid
1049 3008 1107 3062 in
1154 3012 1314 3063 tanta
1349 3008 1607 3065 adversa·

455 3080 668 3135 riorum
721 3079 1110 3147 malorumque
1175 3079 1464 3137 hominum
1520 3080 1608 3135 ira

455 3150 772 3206 faciendum
829 3150 937 3204 sibi
1001 3151 1353 3220 praescribat
1411 3156 1607 3222 rogat,

455 3222 750 3277 ostendens
791 3222 959 3277 simul
1008 3240 1190 3291 neque
1235 3223 1456 3277 malitia
1507 3229 1609 3277 aut

457 3292 670 3349 invidia
715 3293 944 3348 ductum
992 3294 1064 3348 ad
1113 3293 1315 3349 satiras
1363 3294 1609 3349 scriben-

457 3365 556 3419 das
601 3382 658 3419 se
702 3365 1020 3434 pervenisse
1068 3382 1248 3434 neque
1285 3365 1434 3435 ipsas
1473 3367 1608 3421 sati·

458 3454 550 3491 ras
583 3437 666 3491 ita
702 3454 818 3491 esse
852 3442 1224 3507 comparatas,
1258 3442 1324 3493 ut
1347 3438 1607 3493 innocen·

456 3512 539 3563 tes
577 3508 927 3577 adoriantur,
964 3510 1138 3563 immo
1176 3526 1307 3564 vero
1334 3514 1392 3565 et
1423 3510 1609 3578 ipsum

455 3579 609 3649 pacis
646 3597 762 3634 esse
799 3580 1246 3636 amantissimum
1287 3584 1358 3646 (v.
1395 3583 1464 3634 43
1501 3584 1607 3650 sq.)

456 3656 514 3706 et
550 3651 752 3705 satiras
776 3656 982 3706 natura
1021 3652 1270 3721 placidas
1294 3652 1498 3707 inlatas
1521 3670 1608 3707 so·

455 3724 574 3777 lum
617 3723 850 3777 iniurias
899 3723 1200 3778 defendere
1245 3726 1322 3792 (v.
1361 3723 1477 3792 39);
1515 3742 1609 3779 ne-

457 3812 563 3864 que
620 3794 691 3848 ab
737 3795 923 3849 animo
971 3812 1030 3849 se
1073 3811 1234 3864 posse
1284 3796 1609 3864 impetrare,

457 3867 594 3936 quin
631 3883 774 3935 quae
809 3866 1020 3921 viderit
1058 3866 1252 3935 iniqua
1301 3872 1360 3921 et
1403 3865 1611 3921 iniusta

457 3942 514 3992 et
565 3938 822 4006 improba
869 3955 935 3993 ea
979 3938 1270 3992 summisse
1319 3937 1469 3992 ferat
1511 3943 1612 3993 aut

456 4009 735 4065 scribendi
799 4009 1050 4063 studium
1115 4026 1226 4078 quo
1283 4013 1484 4079 agatur
1537 4008 1611 4064 ad

458 4081 629 4135 aliam
664 4098 782 4135 rem
808 4081 922 4135 suis
957 4080 1322 4136 facultatibus
1350 4080 1612 4136 altiorem

457 4156 750 4207 convertat
786 4150 861 4221 (v.
901 4152 1140 4221 6—17),
1192 4152 1458 4221 quoniam
1507 4154 1613 4208 hoc

458 4240 633 4294 genus
671 4242 705 4278 a
741 4228 946 4277 natura
981 4223 1092 4277 sibi
1130 4224 1289 4292 quasi
1327 4241 1485 4278 arma
1521 4224 1615 4279 da·

459 4300 580 4349 tum
619 4296 714 4363 sit,
751 4295 954 4363 quibus
993 4295 1076 4349 ita
1116 4299 1312 4349 utatur
1348 4300 1413 4349 ut
1449 4296 1615 4366 lupus

459 4366 625 4421 dente
675 4370 732 4420 et
769 4384 942 4421 cornu
989 4370 1185 4421 taurus
1240 4366 1314 4435 (v,
1355 4369 1424 4419 47
1449 4368 1612 4437 sqq..)

457 4436 652 4505 Neque
695 4438 778 4491 ait
823 4454 882 4493 se
927 4438 1127 4491 timere
1175 4455 1245 4492 ne
1287 4438 1477 4509 magni
1515 4439 1613 4493 ho·

460 4509 637 4563 mines
683 4512 742 4563 et
785 4508 845 4561 in
893 4508 1126 4563 civitate
1173 4513 1430 4579 potentes
1486 4510 1612 4565 ideo

461 4578 568 4633 sibi
613 4579 793 4651 magis
839 4584 1193 4639 suscenseant
1240 4598 1406 4651 quam
1451 4580 1612 4637 Luci·

1694 1867 1775 1921 lio
1820 1866 1968 1921 idem
2022 1866 2157 1921 olim
2204 1864 2433 1920 facienti
2479 1864 2708 1919 Laelius
2757 1869 2863 1920 aut

1696 1938 1885 2007 Scipio
1941 1937 2019 2006 (v.
2058 1940 2130 1993 60
2154 1937 2301 2006 sqq.)
2375 1935 2531 2004 Quae
2584 1952 2710 1991 cum
2770 1954 2861 1991 re·

1696 2008 1892 2065 fellere
1927 2026 2041 2064 non
2086 2009 2266 2078 possit
2300 2007 2619 2077 Trebatius,
2664 2014 2863 2063 monet
2950 2040 2957 2045 ·

1696 2085 1885 2135 tamen
1945 2098 2015 2135 ne
2078 2084 2313 2149 propter
2386 2080 2536 2134 mala
2607 2080 2863 2135 carmina

1694 2152 1844 2207 actio
1890 2151 2227 2207 iniuriarum
2272 2151 2381 2221 ipsi
2427 2150 2733 2220 aliquando
2773 2152 2861 2205 in-

1696 2227 1976 2307 tentetur,
2031 2239 2160 2277 cum
2214 2222 2453 2279 fortasse
2512 2222 2652 2293 quid
2706 2223 2861 2293 leges

1697 2295 1769 2350 de
1802 2296 1871 2349 iis
1918 2294 2387 2365 praescripserint
2430 2295 2661 2349 nesciat.
2734 2294 2859 2349 Iam

1698 2384 1769 2421 ne
1808 2367 1961 2437 leges
1998 2364 2227 2435 quidem
2262 2364 2541 2421 timendas
2580 2366 2863 2421 sibiesae

1698 2439 1781 2493 ait
1828 2442 2013 2507 poeta,
2058 2438 2327 2507 quoniam
2368 2454 2513 2507 quae
2556 2437 2677 2507 ipse
2724 2436 2863 2493 Cae·

1698 2526 1791 2565 sar
1838 2508 2179 2565 Octavianus
2224 2508 2555 2579 probaverit
2608 2508 2865 2563 carmina

1700 2598 1767 2636 ea
1820 2599 1933 2637 non
1988 2580 2140 2637 mala
2188 2580 2286 2635 sed
2342 2580 2491 2635 bona
2536 2580 2652 2635 sint
2692 2596 2863 2650 opor-

1701 2657 1836 2707 teat.
1936 2653 2330 2708 Consentiente
2378 2652 2601 2707 demum
2651 2650 2863 2707 Treba·

1700 2722 1799 2779 tio'-
1811 2723 2163 2808 splendidam
2196 2724 2359 2793 quasi
2396 2723 2509 2778 de
2492 2722 2739 2777 mimicis
2778 2724 2861 2777 vi—

1700 2796 1941 2851 ctoriam
1996 2800 2313 2882 reportasse
2378 2794 2605 2850 videtur
2663 2798 2863 2865 poeta3

1701 2867 1838 2936 quid
1874 2867 2027 2923 enim
2072 2868 2299 2936 rectius,
2336 2866 2473 2936 quid
2509 2866 2865 2921 innocentius

1700 2956 1821 2993 esse
1856 2944 2044 3009 potest
2088 2956 2256 3008 quam
2306 2938 2467 3006 illud,
2504 2938 2657 3007 quod
2694 2936 2863 2994 Octa—

1701 3011 1899 3065 vianus
1916 3050 1931 3079 ,
1985 3009 2408 3081 potentissimus
2463 3010 2617 3065 inter
2668 3027 2864 3065 omnes

1700 3086 1761 3136 et
1798 3082 2133 3137 iustissimus
2154 3112 2223 3121 —
2242 3098 2413 3151 quam
2448 3081 2675 3137 laudem
2710 3100 2765 3136 v.
2794 3083 2865 3135 16

1703 3152 2013 3209 Octaviano
2060 3171 2174 3209 non
2210 3153 2529 3208 inconsulto
2585 3153 2865 3208 tributam

1702 3224 1861 3279 vides
1910 3254 1978 3265 ·—
2030 3229 2092 3281 et
2126 3224 2424 3280 Trebatius
2473 3224 2663 3295 legum
2697 3224 2865 3279 iuris·

1704 3296 2401 3423 ffiffiffiiimffl
2310 3385 2411 3422 ,ω
2444 3296 2865 3438 iiffi'bssffi

1703 3444 1903 3509 poetae
1938 3438 2188 3495 defensio
2234 3442 2321 3494 est
2364 3442 2425 3493 et
2461 3384 2751 3506 absoluta3
2792 3439 2867 3494 de

1705 3528 1835 3580 qua,
1891 3528 1962 3567 ne
2001 3511 2203 3566 mirum
2254 3510 2447 3567 credas
2504 3510 2694 3565 satiris
2750 3509 2867 3567 fre-

1704 3587 1967 3652 quentem
2048 3582 2351 3638 satirarum
2443 3581 2863 3639 excusationem

1702 3653 1855 3722 addi,
1890 3654 2355 3709 considerandum
2410 3658 2497 3709 est
2534 3653 2719 3723 ipsum
2754 3653 2867 3709 hoc

1704 3742 1881 3797 genus
1929 3726 2267 3782 defendendi
2318 3724 2607 3780 satiricum
2642 3726 2868 3780 iniectis

1706 3797 1963 3866 plurimis
2026 3798 2304 3852 malorum
2360 3796 2650 3851 hominum
2698 3798 2867 3851 casti-

1705 3867 2029 3939 gationibus
2076 3868 2391 3937 eximiaque
2427 3868 2753 3923 urbanitate
2788 3869 2867 3923 le-

1704 3940 1839 4009 pide
1864 3958 1983 3995 esse
2008 3944 2299 4009 ornatum3
2336 3938 2539 3995 deinde
2562 3938 2867 3994 Horatium

1710 4012 1995 4066 imitatum
2020 4029 2137 4067 esse
2163 4011 2370 4067 Lucilii
2407 4011 2745 4080 exemplum,
2770 4028 2867 4066 cu·

1707 4082 1793 4137 ius
1839 4088 1963 4137 tota
2014 4082 2133 4138 vita
2176 4084 2237 4138 in
2282 4082 2469 4139 satiris
2520 4088 2719 4151 aperte
2754 4081 2869 4137 fuit

1706 4155 2000 4239 proposita
2048 4154 2124 4223 (v.
2162 4153 2270 4224 33).
2368 4154 2503 4209 Veri
2550 4154 2735 4209 simile
2778 4159 2869 4209 est

1704 4226 1975 4310 scriptam
2024 4244 2141 4281 esse
2186 4227 2332 4282 hano
2366 4226 2600 4281 satiram
2636 4244 2686 4281 a.
2724 4243 2777 4279 ιι.
2818 4243 2865 4280 ο.

1707 4299 1832 4365 724,
1869 4298 1968 4367 qui
2004 4297 2233 4369 quidem
2270 4314 2447 4352 annus
2485 4298 2697 4367 optime
2738 4314 2867 4353 con·

1708 4369 1901 4424 venire
1956 4370 2183 4425 videtur
2232 4387 2359 4425 cum
2406 4369 2601 4437 paucis
2648 4374 2866 4438 tempo-

1706 4458 1835 4494 rum
1871 4458 2015 4509 quae
2065 4441 2160 4496 hic
2195 4441 2376 4495 latent
2420 4439 2643 4495 indiciis
2680 4440 2759 4511 (v.
2800 4444 2865 4494 11

1708 4516 1766 4565 et
1806 4513 2065 4582 13-15);
2104 4517 2170 4566 ut
2204 4516 2358 4567 totus
2394 4511 2541 4567 liber
2581 4512 2735 4567 intra
2770 4530 2868 4567 ιιι·

1708 4600 1809 4637 nos
1870 4583 2179 4638 719-724
2242 4582 2530 4641 confectus
2586 4582 2869 4639 videatur.
