3092 5059
1006 249 1168 316 LIB.
1215 249 1263 315 Ι.
1307 249 1577 317 EPIST.
1623 250 1697 317 V.
1741 250 1852 317 VI.

2499 255 2623 320 517

324 440 421 514 Et
469 439 619 515 nisi
668 464 859 515 cena
907 440 1124 539 prior
1174 438 1582 537 potiorque
1633 438 1896 538 puella
1946 438 2316 516 Sabinum

324 565 652 659 Detinet,
712 589 1134 660 assumam3
1186 563 1399 639 locus
1454 576 1567 639 est
1620 576 1696 639 et
1745 563 2096 660 pluribus
2149 565 2463 661 umbris,

328 689 482 766 Sed
534 690 761 766 nimis
813 701 979 765 arta
1030 701 1388 788 premunt
1439 686 1697 764 olidae
1750 689 2104 764 convivia
2159 714 2460 789 caprae.

219 844 277 886 so
326 815 445 892 Tu
493 829 772 915 quotus
826 839 991 890 esse
1042 812 1232 890 velis
1283 815 1642 908 rescribe,
1699 827 1772 889 et
1819 815 2046 890 rebus
2099 814 2398 890 omissis

328 942 555 1017 Atria
601 954 1034 1017 servantem
1086 940 1379 1040 postico
1431 939 1618 1016 falle
1669 939 2045 1016 clientem.

1083 1297 1541 1380 EPISTULA
1614 1297 1746 1382 VI.

322 1461 452 1537 Nil
502 1461 867 1537 admirari
921 1487 1165 1560 prope
1218 1487 1337 1537 res
1379 1475 1491 1537 est
1541 1487 1716 1556 una,
1770 1461 2099 1558 Numici,

325 1585 683 1684 Solaque,
740 1611 937 1684 quae
980 1587 1223 1686 possit
1271 1587 1528 1663 facere
1581 1601 1658 1662 et
1709 1613 2015 1663 servare
2069 1589 2398 1664 beatum.

324 1711 558 1787 Hunc
608 1709 849 1786 solem
896 1724 972 1786 et
1021 1710 1281 1787 stellas
1336 1723 1410 1787 et
1462 1711 1916 1788 decedentia
1967 1715 2188 1788 certis

220 1967 290 2089 us
336 1979 443 2033 par
486 1963 613 2034 pari
664 1963 727 2018 in
786 1963 980 2019 eodem
1027 1965 1234 2019 lectulo
1280 1965 1376 2020 ad·

394 2039 507 2090 ιιιι.
587 2035 717 2090 Noli
763 2036 941 2106 igitur
990 2053 1115 2091 cum
1164 2037 1375 2105 Paulyo

384 2107 580 2161 inkero
638 2107 710 2162 ad
763 2121 883 2162 eam
936 2107 1376 2178 interpungendi

222 2179 499 2233 rationem
573 2179 775 2242 redire,
842 2196 1007 2248 quam
1070 2179 1375 2234 Lambinus

219 2250 333 2304 iam
382 2251 441 2304 in
487 2250 673 2320 prima
716 2219 963 2306 editione
1006 2252 1209 2305 merito
1246 2253 1375 2306 reli-

222 2323 352 2391 quit
390 2327 449 2376 et
483 2321 783 2388 refutavit3
836 2322 923 2376 illi
967 2323 1118 2377 enim
1165 2329 1375 2392 puncto

218 2394 409 2464 posito
444 2398 573 2462 post
609 2393 847 2448 eliminet
883 2394 963 2448 sio
998 2395 1371 2466 coniungunt:

222 2465 305 2520 Ut
338 2469 499 2519 coeat
525 2505 535 2516 .
567 2503 579 2516 .
608 2467 749 2534 pari,
788 2465 1021 2519 Butram
1058 2466 1167 2520 tibi
1196 2465 1375 2536 Septi-

220 2538 481 2605 ciumque
536 2542 594 2591 et
638 2536 905 2591 Sabinum
959 2554 1251 2592 assumam.
1305 2567 1371 2578 -

218 2608 485 2679 Butram]
522 2608 898 2662 Nominantur
940 2609 1054 2663 tria
1097 2609 1372 2665 sodalium

218 2679 453 2744 nomina
514 2681 675 2735 nobis
739 2679 965 2734 aliunde
1025 2680 1373 2751 ignotorum3

218 2769 355 2806 nam
408 2767 479 2806 ne
533 2752 603 2806 de
659 2751 865 2806 Sabino
928 2752 1155 2821 quidem
1222 2758 1375 2808 certa

220 2823 545 2879 coniectura
597 2828 699 2878 est.
787 2823 953 2879 Hunc
1012 2825 1109 2878 alii
1168 2829 1375 2892 putant

220 2911 342 2950 esse
398 2893 588 2949 Ovidii
643 2895 900 2959 amicum,
962 2898 1048 2968 A.⁴
1086 2895 1373 2964 Sabinum,

219 2967 323 3022 alii
346 2966 615 3021 Sabinum
653 2966 929 3036 quendam
958 2966 1238 3031 Tironem,
1276 2969 1370 3037 qui

217 3039 433 3092 librum
452 3038 762 3108 Cepuricon
792 3039 1102 3093 Maecenati
1142 3039 1371 3094 dicavit.

222 3139 291 3150 -
342 3109 565 3179 umbris]
618 3108 749 3164 vide
802 3110 874 3164 ad
924 3109 1038 3164 Sat.
1090 3110 1162 3178 Π,
1196 3113 1247 3178 8,
1285 3113 1371 3166 22.

220 3181 309 3236 De
344 3197 578 3236 numero
615 3181 1063 3236 accumbentium
1108 3182 1270 3236 simul
1313 3185 1371 3237 iu

219 3253 479 3308 convivio
533 3253 663 3306 vide
718 3253 790 3307 ad
840 3252 954 3308 Sat.
1001 3253 1046 3320 I,
1084 3257 1135 3314 4,
1170 3255 1256 3309 86.
1298 3285 1374 3294 —

214 3323 668 3458 ἰέἪὲωΕἳιὲ
695 3325 743 3462 1¹
744 3325 881 3448 Ἥ
918 3292 1213 3452 §affigi
1244 3325 1373 3451 ‘fii-{5

216 3469 323 3522 vit.
358 3469 461 3522 vit.
500 3468 584 3534 14,
610 3470 671 3520 7:
711 3485 913 3552 „quam
950 3467 1114 3522 multi
1148 3486 1252 3538 per
1286 3486 1371 3524 re-

218 3539 431 3594 fertum
467 3539 764 3594 clientibus
792 3539 1001 3595 atrium
1026 3539 1254 3609 prodire
1289 3541 1370 3594 vi-

218 3612 427 3667 tabunt
463 3614 522 3664 et
554 3627 658 3695 per
693 3611 957 3666 obscuros
996 3611 1217 3666 aedium
1255 3611 1370 3667 adi-

216 3689 313 3738 tus
348 3681 677 3753 profugient
687 3682 751 3736 ⁴?“

571 3795 893 3866 Epistula
930 3797 1023 3851 VI.

292 3892 559 3946 Plurimis
582 3893 828 3963 antiquis
850 3894 1199 3965 philosophis
1225 3911 1370 3949 com-

216 3965 404 4019 munis
439 3963 551 4018 fuit
584 3965 843 4021 doctrina
878 3967 975 4019 τοῦ
1015 3968 1198 4038 μηδὲν
1240 3973 1372 4020 θαυ-

218 4029 427 4122 μάζειν,
482 4053 673 4122 quam
697 4038 925 4105 quidem
968 4039 1237 4093 virtutem
1274 4037 1373 4092 alii

218 4105 514 4176 ἁθαμβίαν
549 4111 608 4162 et
642 4103 1052 4194 ἆθαυμαυτίαν,
1095 4111 1195 4164 alii
1230 4101 1371 4162 ἀπά-

220 4185 400 4246 θειαν,
474 4179 571 4232 alii
640 4175 935 4250 ἀταραξίαν
996 4181 1369 4265 appellarunt.

219 4251 308 4307 Ea
344 4256 532 4305 autem
568 4251 691 4320 ipsa
716 4253 967 4307 cernitur
1005 4252 1101 4322 „in
1136 4253 1370 4310 duobus.

219 4323 267 4376 si
319 4327 377 4377 et
421 4323 601 4377 solum
646 4322 706 4377 id
750 4324 900 4393 quod
954 4323 1251 4380 honestum
1296 4324 1372 4378 sit

221 4395 433 4449 bonum
480 4395 708 4458 iudices,
752 4401 811 4451 et
849 4396 1001 4451 omni
1040 4396 1210 4451 animi
1246 4413 1371 4465 per·

220 4466 545 4520 turbatione
570 4467 715 4521 liber
748 4468 841 4522 sis.
874 4467 1017 4522 Nam
1051 4474 1105 4524 et
1138 4485 1205 4524 ea
1229 4485 1373 4538 quae

220 4538 433 4592 eximia
464 4536 747 4606 plerisque
778 4543 837 4594 et
865 4541 1157 4608 praeclara
1177 4539 1366 4595 viden-

220 4613 318 4664 tur
352 4625 530 4678 parva
565 4608 768 4666 ducere
804 4627 979 4682 eaque
1004 4612 1226 4668 ratione
1260 4617 1369 4668 sta·

1464 1965 1570 2019 bili
1593 1963 1866 2034 firmaque
1888 1969 2243 2020 contemnere
2261 1964 2428 2021 fortis
2445 1967 2620 2020 animi

1464 2037 1766 2106 magnique
1804 2036 2120 2090 ducendum
2159 2042 2260 2105 est,
2299 2042 2357 2092 et
2384 2055 2448 2091 ea
2477 2055 2620 2107 quae

1465 2108 1732 2162 videntur
1766 2109 1982 2177 acerba,
2029 2125 2172 2177 quae
2219 2110 2404 2164 multa
2438 2114 2495 2163 et
2531 2128 2621 2164 va-

1464 2180 1554 2234 ria
1590 2180 1648 2232 in
1674 2179 1966 2234 hominum
1988 2181 2108 2234 vita
2131 2179 2471 2250 fortunaque
2495 2199 2621 2234 ver·

1464 2256 1678 2316 santur,
1733 2251 1816 2305 ita
1869 2251 2034 2318 ferre,
2081 2257 2146 2305 ut
2199 2251 2340 2305 nihil
2385 2271 2420 2305 a
2469 2258 2621 2307 statu

1470 2327 1706 2377 naturae
1755 2322 2022 2392 discedas,
2071 2323 2216 2377 nihil
2265 2341 2298 2376 a
2342 2323 2622 2394 dignitate

1470 2393 1760 2464 sapientis.
1793 2393 2012 2448 robusti
2052 2395 2224 2448 animi
2253 2399 2337 2448 est
2361 2413 2620 2466 magnae-

1471 2483 1578 2533 que
1615 2467 2014 2520 constantiaef‘
2054 2466 2164 2521 Cio.
2201 2465 2271 2520 de
2308 2465 2414 2520 Off.
2454 2467 2498 2534 1,
2533 2469 2619 2520 20.

1473 2537 1558 2591 De
1603 2537 1708 2592 hac
1751 2538 1930 2608 igitur
1963 2539 2175 2592 virtute
2210 2539 2408 2592 scribit
2445 2507 2620 2593 H’ora·

1470 2609 1585 2663 tius
1631 2609 1704 2663 ad
1739 2608 2057 2663 Numicium
2098 2610 2394 2678 quendam,
2443 2610 2619 2665 homi-

1469 2699 1597 2764 nem
1635 2680 1796 2735 nobis
1827 2681 2054 2735 aliunde
2079 2699 2308 2750 prorsus
2345 2682 2619 2752 ignotum,

1468 2753 2620 2894 J-ssnffimsssznzffmmffl“50:232ssss

1466 2895 1669 2963 tiones,
1708 2913 1844 2964 quas
1883 2913 1916 2948 a
1953 2901 2118 2965 poeta
2156 2897 2216 2950 in
2253 2896 2358 2951 hac
2381 2897 2623 2966 epistula

1468 2967 1775 3036 descriptas
1829 2971 1888 3021 et
1938 2968 2285 3036 vituperatas
2344 2969 2619 3037 invenias3

1467 3039 1639 3092 immo
1691 3056 1824 3092 vero
1872 3039 2046 3092 satius
2097 3039 2204 3093 erit
2249 3038 2358 3093 sibi
2395 3057 2618 3109 persua-

1468 3111 1619 3177 dere,
1657 3109 1828 3163 fuisse
1863 3109 2182 3164 Numicium
2228 3111 2482 3165 iuvenem
2521 3113 2618 3166 ali-

1467 3198 1634 3251 quem
1671 3181 1874 3236 fortem
1913 3199 1978 3236 ac
2013 3181 2183 3252 frugi,
2215 3183 2312 3251 qui
2335 3183 2485 3236 idem
2511 3183 2620 3237 sibi

1467 3254 1536 3307 de
1592 3270 1780 3306 rerum
1840 3257 2197 3308 externarum
2253 3254 2620 3323 despicientia

1466 3325 1690 3379 fecisset
1722 3325 1992 3379 iudicium
2013 3325 2363 3394 maximeque
2387 3326 2618 3380 idoneus

1465 3397 1755 3450 videretur
1793 3395 1862 3450 ad
1900 3413 2064 3464 quem
2111 3397 2181 3450 de
2225 3397 2327 3451 illa
2363 3397 2620 3452 doctrina

1467 3467 1708 3537 epistula
1751 3472 1939 3537 posset
1986 3467 2126 3521 dari.
2201 3469 2482 3523 Incertum
2534 3475 2620 3523 est

1468 3557 1581 3608 quo
1640 3555 1787 3593 anno
1833 3539 2131 3608 epistulam
2185 3541 2452 3608 scriptam
2501 3558 2618 3594 esse

1466 3611 1774 3679 credamus,
1813 3611 1920 3664 nisi
1956 3611 2106 3680 quod
2136 3611 2383 3681 porticus
2413 3610 2619 3681 Ayn‘p-

1460 3699 1574 3752 pac
1599 3683 1671 3749 (v.
1695 3681 1788 3750 26)
1824 3682 2099 3736 iuniorem
2137 3699 2260 3736 eam
2287 3699 2404 3736 esse
2427 3688 2612 3736 osten-

1468 3755 1554 3810 dit
1585 3771 1630 3806 a.
1652 3752 1776 3819 729,
1813 3769 1924 3822 quo
1962 3770 2106 3806 anno
2127 3753 2373 3822 Neptuni
2395 3771 2492 3808 seu
2517 3754 2616 3808 illa

1466 3827 1924 3896 Argonautarum
1959 3825 2208 3894 porticus
2251 3825 2322 3879 ab
2358 3826 2618 3896 Agrippa

1467 3895 1761 3951 aedificata
1799 3913 1915 3950 esse
1949 3897 2211 3951 traditur.

1538 3968 1603 4022 V.
1669 3971 1712 4020 1.
1791 3968 1896 4024 Nil
1958 3967 2252 4036 admirari]
2319 3967 2390 4022 cf.
2451 3967 2615 4054 Djog.

1466 4038 1984 4105 Laert.V11,123:
2039 4037 2174 4107 ,,τὸν
2221 4037 2406 4110 σοφόι
2451 4034 2617 4093 obdit!

1468 4105 1771 4193 θαυμάζειν
1829 4111 1940 4164 τῶν
2000 4079 2309 4164 δοκούντων
2373 4106 2618 4194 παραδό-

1464 4185 1590 4252 ξων,
1646 4178 1766 4236 οἱον
1816 4177 2091 4254 septima
2147 4186 2239 4235 καὶ
2293 4176 2621 4252 ἆμπώτιδας

1466 4259 1560 4307 καὶ
1611 4251 1791 4340 πηγὰς
1837 4255 2068 4338 θερμῶν
2111 4248 2329 4307 υδατων
2374 4258 2468 4306 καὶ
2516 4273 2618 4306 πυ-

1467 4323 1565 4396 ρὸς
1635 4321 2060 4398 ἆναφυσὴαατα.
2075 4327 2109 4356 “
2207 4325 2317 4380 Cio.
2392 4325 2616 4378 Tuscul.

1466 4397 1815 4466 111,14‚30.
1871 4427 1936 4436 -
1978 4396 2174 4467 prope]
2222 4397 2452 4467 Mitigat
2498 4415 2616 4450 sen-

1466 4470 1706 4524 tentiam
1784 4463 2101 4538 παράδοξον
2183 4469 2397 4523 adiecta
2481 4468 2620 4524 haec

1466 4541 1746 4610 particula
1812 4557 1978 4609 quam
2045 4539 2361 4611 germanice
2417 4541 2618 4595 reddas

1464 4628 1527 4668 so
1560 4611 1821 4682 niendich,
1859 4612 1931 4667 cf.
1969 4611 2086 4668 Sat.
2123 4611 2166 4680 Ι,
2208 4615 2258 4676 3,
2298 4613 2383 4666 98.
2436 4611 2616 4682 Epist.
