<?xml version="1.0" encoding="UTF-8"?>
<!DOCTYPE html PUBLIC "-//W3C//DTD XHTML 1.0 Transitional//EN"
    "http://www.w3.org/TR/xhtml1/DTD/xhtml1-transitional.dtd">
<html xmlns="http://www.w3.org/1999/xhtml" xml:lang="en" lang="en">
 <head>
  <title>
</title>
<meta http-equiv="Content-Type" content="text/html;charset=utf-8" />
  <meta name='ocr-system' content='tesseract 3.04.00' />
  <meta name='ocr-capabilities' content='ocr_page ocr_carea ocr_par ocr_line ocrx_word'/>
</head>
<body>
  <div class='ocr_page' id='page_1' title='image "./qhoratiiflaccio05unkngoog/qhoratiiflaccio05unkngoog_0255.png"; bbox 0 0 3092 5059; ppageno 0'>
   <div class='ocr_carea' id='block_1_1' title="bbox 1001 164 2640 281">
    <p class='ocr_par' dir='ltr' id='par_1_1' title="bbox 1001 164 2640 281">
     <span class='ocr_line' id='line_1_1' title="bbox 1001 164 2640 281; baseline -0.002 -2"><span class='ocrx_word' id='word_1_1' title='bbox 1001 214 1160 281; x_wconf 78' lang='lat' dir='ltr'>Lm.</span> <span class='ocrx_word' id='word_1_2' title='bbox 1203 215 1320 281; x_wconf 92' lang='lat'>111.</span> <span class='ocrx_word' id='word_1_3' title='bbox 1368 164 1619 281; x_wconf 54' lang='lat' dir='ltr'>ciam.</span> <span class='ocrx_word' id='word_1_4' title='bbox 1662 213 1869 280; x_wconf 79' lang='lat' dir='ltr'>xxv,</span> <span class='ocrx_word' id='word_1_5' title='bbox 2516 212 2640 277; x_wconf 84' lang='lat'>225</span> 
     </span>
    </p>
   </div>
   <div class='ocr_carea' id='block_1_2' title="bbox 343 396 2097 999">
    <p class='ocr_par' dir='ltr' id='par_1_2' title="bbox 343 396 2097 999">
     <span class='ocr_line' id='line_1_2' title="bbox 411 396 1702 495; baseline 0.004 -22"><span class='ocrx_word' id='word_1_6' title='bbox 411 396 690 475; x_wconf 80' lang='lat' dir='ltr'>Velox</span> <span class='ocrx_word' id='word_1_7' title='bbox 740 415 997 477; x_wconf 91' lang='lat' dir='ltr'>mente</span> <span class='ocrx_word' id='word_1_8' title='bbox 1046 404 1306 477; x_wconf 82' lang='lat' dir='ltr'>nova?</span> <span class='ocrx_word' id='word_1_9' title='bbox 1408 400 1702 495; x_wconf 82' lang='lat' dir='ltr'><strong>Quibus</strong></span> 
     </span>
     <span class='ocr_line' id='line_1_3' title="bbox 641 522 1975 626; baseline 0.001 -27"><span class='ocrx_word' id='word_1_10' title='bbox 641 522 908 601; x_wconf 84' lang='lat' dir='ltr'>Antris</span> <span class='ocrx_word' id='word_1_11' title='bbox 960 526 1252 626; x_wconf 78' lang='lat' dir='ltr'>egregii</span> <span class='ocrx_word' id='word_1_12' title='bbox 1306 527 1653 606; x_wconf 86' lang='lat' dir='ltr'>Caesaris</span> <span class='ocrx_word' id='word_1_13' title='bbox 1705 527 1975 603; x_wconf 84' lang='lat' dir='ltr'>audiar</span> 
     </span>
     <span class='ocr_line' id='line_1_4' title="bbox 343 648 1595 728; baseline 0.008 -11"><span class='ocrx_word' id='word_1_14' title='bbox 343 678 376 717; x_wconf 66' lang='lat' dir='ltr'><strong>a</strong></span> <span class='ocrx_word' id='word_1_15' title='bbox 414 648 870 726; x_wconf 86' lang='lat' dir='ltr'>Aeternum</span> <span class='ocrx_word' id='word_1_16' title='bbox 924 652 1308 728; x_wconf 86' lang='lat' dir='ltr'>meditans</span> <span class='ocrx_word' id='word_1_17' title='bbox 1359 651 1595 727; x_wconf 87' lang='lat' dir='ltr'>decus</span> 
     </span>
     <span class='ocr_line' id='line_1_5' title="bbox 644 775 2097 854; baseline 0.001 -2"><span class='ocrx_word' id='word_1_18' title='bbox 644 776 898 853; x_wconf 85' lang='lat' dir='ltr'>Stellis</span> <span class='ocrx_word' id='word_1_19' title='bbox 950 778 1288 854; x_wconf 89' lang='lat' dir='ltr'>inserere</span> <span class='ocrx_word' id='word_1_20' title='bbox 1335 792 1412 853; x_wconf 88' lang='lat' dir='ltr'>et</span> <span class='ocrx_word' id='word_1_21' title='bbox 1463 778 1783 853; x_wconf 88' lang='lat' dir='ltr'>consilio</span> <span class='ocrx_word' id='word_1_22' title='bbox 1834 775 2097 854; x_wconf 80' lang='lat' dir='ltr'>Iovis?</span> 
     </span>
     <span class='ocr_line' id='line_1_6' title="bbox 409 898 1687 999; baseline 0.002 -25"><span class='ocrx_word' id='word_1_23' title='bbox 409 898 709 975; x_wconf 81' lang='lat' dir='ltr'><strong>Dicam</strong></span> <span class='ocrx_word' id='word_1_24' title='bbox 761 902 1063 999; x_wconf 81' lang='lat' dir='ltr'>insigne</span> <span class='ocrx_word' id='word_1_25' title='bbox 1113 928 1382 979; x_wconf 89' lang='lat' dir='ltr'>recens</span> <span class='ocrx_word' id='word_1_26' title='bbox 1431 903 1687 978; x_wconf 89' lang='lat' dir='ltr'>adhuc</span> 
     </span>
    </p>
   </div>
   <div class='ocr_carea' id='block_1_3' title="bbox 409 1025 2377 1247">
    <p class='ocr_par' dir='ltr' id='par_1_3' title="bbox 409 1025 2377 1247">
     <span class='ocr_line' id='line_1_7' title="bbox 647 1025 2377 1127; baseline 0.002 -27"><span class='ocrx_word' id='word_1_27' title='bbox 647 1025 1034 1101; x_wconf 88' lang='lat' dir='ltr'>Indictum</span> <span class='ocrx_word' id='word_1_28' title='bbox 1089 1052 1221 1102; x_wconf 89' lang='lat' dir='ltr'>ore</span> <span class='ocrx_word' id='word_1_29' title='bbox 1273 1029 1450 1107; x_wconf 87' lang='lat' dir='ltr'>alio.</span> <span class='ocrx_word' id='word_1_30' title='bbox 1554 1028 1725 1103; x_wconf 90' lang='lat' dir='ltr'>Non</span> <span class='ocrx_word' id='word_1_31' title='bbox 1782 1054 1999 1107; x_wconf 87' lang='lat' dir='ltr'>secus</span> <span class='ocrx_word' id='word_1_32' title='bbox 2044 1028 2127 1103; x_wconf 88' lang='lat' dir='ltr'>in</span> <span class='ocrx_word' id='word_1_33' title='bbox 2174 1029 2377 1127; x_wconf 87' lang='lat' dir='ltr'>iugis</span> 
     </span>
     <span class='ocr_line' id='line_1_8' title="bbox 409 1148 1388 1247; baseline 0.004 -24"><span class='ocrx_word' id='word_1_34' title='bbox 409 1148 730 1225; x_wconf 79' lang='lat' dir='ltr'>Edonis</span> <span class='ocrx_word' id='word_1_35' title='bbox 782 1163 1035 1247; x_wconf 83' lang='lat' dir='ltr'>stupet</span> <span class='ocrx_word' id='word_1_36' title='bbox 1082 1152 1388 1242; x_wconf 55' lang='lat' dir='ltr'>Euhion,</span> 
     </span>
    </p>
   </div>
   <div class='ocr_carea' id='block_1_4' title="bbox 319 1274 2343 1495">
    <p class='ocr_par' dir='ltr' id='par_1_4' title="bbox 319 1274 2343 1495">
     <span class='ocr_line' id='line_1_9' title="bbox 319 1274 2343 1377; baseline 0.004 -33"><span class='ocrx_word' id='word_1_37' title='bbox 319 1307 378 1345; x_wconf 77' lang='grc' dir='ltr'>ιο</span> <span class='ocrx_word' id='word_1_38' title='bbox 646 1274 1000 1351; x_wconf 78' lang='lat' dir='ltr'>Hebrum</span> <span class='ocrx_word' id='word_1_39' title='bbox 1043 1278 1521 1377; x_wconf 89' lang='lat' dir='ltr'>prospiciens</span> <span class='ocrx_word' id='word_1_40' title='bbox 1580 1290 1654 1353; x_wconf 87' lang='lat' dir='ltr'>et</span> <span class='ocrx_word' id='word_1_41' title='bbox 1704 1277 1881 1353; x_wconf 85' lang='lat' dir='ltr'>nive</span> <span class='ocrx_word' id='word_1_42' title='bbox 1932 1277 2343 1353; x_wconf 77' lang='lat' dir='ltr'>candidam</span> 
     </span>
     <span class='ocr_line' id='line_1_10' title="bbox 415 1398 1564 1495; baseline 0.002 -22"><span class='ocrx_word' id='word_1_43' title='bbox 415 1398 789 1476; x_wconf 84' lang='lat' dir='ltr'>Thracen</span> <span class='ocrx_word' id='word_1_44' title='bbox 844 1426 936 1476; x_wconf 92' lang='lat' dir='ltr'>ac</span> <span class='ocrx_word' id='word_1_45' title='bbox 986 1400 1187 1495; x_wconf 86' lang='lat' dir='ltr'>pede</span> <span class='ocrx_word' id='word_1_46' title='bbox 1231 1402 1564 1477; x_wconf 88' lang='lat' dir='ltr'>barbaro</span> 
     </span>
    </p>
   </div>
   <div class='ocr_carea' id='block_1_5' title="bbox 634 1524 2234 1627">
    <p class='ocr_par' dir='ltr' id='par_1_5' title="bbox 634 1524 2234 1627">
     <span class='ocr_line' id='line_1_11' title="bbox 634 1524 2234 1627; baseline 0.001 -28"><span class='ocrx_word' id='word_1_47' title='bbox 634 1524 1065 1612; x_wconf 84' lang='lat' dir='ltr'>Lustratam</span> <span class='ocrx_word' id='word_1_48' title='bbox 1118 1525 1575 1627; x_wconf 87' lang='lat' dir='ltr'>Rhodopen,</span> <span class='ocrx_word' id='word_1_49' title='bbox 1632 1539 1716 1600; x_wconf 85' lang='lat' dir='ltr'>ut</span> <span class='ocrx_word' id='word_1_50' title='bbox 1766 1525 1955 1600; x_wconf 91' lang='lat' dir='ltr'>mihi</span> <span class='ocrx_word' id='word_1_51' title='bbox 2007 1527 2234 1603; x_wconf 90' lang='lat' dir='ltr'>devio</span> 
     </span>
    </p>
   </div>
   <div class='ocr_carea' id='block_1_6' title="bbox 192 1774 2647 4640">
    <p class='ocr_par' dir='ltr' id='par_1_6' title="bbox 192 1774 2647 4640">
     <span class='ocr_line' id='line_1_12' title="bbox 193 1774 2643 1849; baseline 0.002 -22"><span class='ocrx_word' id='word_1_52' title='bbox 193 1774 400 1845; x_wconf 76' lang='lat' dir='ltr'>seqni3</span> <span class='ocrx_word' id='word_1_53' title='bbox 438 1774 636 1844; x_wconf 84' lang='lat' dir='ltr'>dulce,</span> <span class='ocrx_word' id='word_1_54' title='bbox 683 1775 816 1845; x_wconf 87' lang='lat' dir='ltr'>quia</span> <span class='ocrx_word' id='word_1_55' title='bbox 839 1776 968 1849; x_wconf 25' lang='lat' dir='ltr'>*iste</span> <span class='ocrx_word' id='word_1_56' title='bbox 1016 1776 1174 1831; x_wconf 85' lang='lat' dir='ltr'>furor</span> <span class='ocrx_word' id='word_1_57' title='bbox 1210 1795 1245 1832; x_wconf 87' lang='lat' dir='ltr'>a</span> <span class='ocrx_word' id='word_1_58' title='bbox 1280 1775 1386 1831; x_wconf 85' lang='lat' dir='ltr'>deo</span> <span class='ocrx_word' id='word_1_59' title='bbox 1491 1776 1653 1831; x_wconf 85' lang='lat' dir='ltr'>libris</span> <span class='ocrx_word' id='word_1_60' title='bbox 1679 1777 1936 1833; x_wconf 88' lang='lat' dir='ltr'>omnibus</span> <span class='ocrx_word' id='word_1_61' title='bbox 1954 1776 2226 1845; x_wconf 86' lang='lat' dir='ltr'>scriptum</span> <span class='ocrx_word' id='word_1_62' title='bbox 2254 1781 2340 1832; x_wconf 88' lang='lat' dir='ltr'>est</span> <span class='ocrx_word' id='word_1_63' title='bbox 2356 1778 2643 1847; x_wconf 70' lang='lat' dir='ltr'>exsomnis,</span> 
     </span>
     <span class='ocr_line' id='line_1_13' title="bbox 192 1846 2640 1918; baseline 0.002 -19"><span class='ocrx_word' id='word_1_64' title='bbox 192 1847 383 1916; x_wconf 86' lang='lat' dir='ltr'>venit,</span> <span class='ocrx_word' id='word_1_65' title='bbox 457 1848 571 1917; x_wconf 88' lang='lat' dir='ltr'>qui</span> <span class='ocrx_word' id='word_1_66' title='bbox 635 1848 754 1901; x_wconf 87' lang='lat' dir='ltr'>vini</span> <span class='ocrx_word' id='word_1_67' title='bbox 821 1846 1090 1903; x_wconf 87' lang='lat' dir='ltr'>beneficio</span> <span class='ocrx_word' id='word_1_68' title='bbox 1149 1850 1387 1903; x_wconf 87' lang='lat' dir='ltr'>mortale</span> <span class='ocrx_word' id='word_1_69' title='bbox 1489 1847 1589 1903; x_wconf 85' lang='lat' dir='ltr'>sed</span> <span class='ocrx_word' id='word_1_70' title='bbox 1645 1849 1829 1918; x_wconf 88' lang='lat' dir='ltr'>recepi</span> <span class='ocrx_word' id='word_1_71' title='bbox 1884 1866 2010 1905; x_wconf 88' lang='lat' dir='ltr'>cum</span> <span class='ocrx_word' id='word_1_72' title='bbox 2066 1847 2346 1903; x_wconf 84' lang='lat' dir='ltr'>Meinekio</span> <span class='ocrx_word' id='word_1_73' title='bbox 2394 1849 2640 1905; x_wconf 88' lang='lat' dir='ltr'>Linkero</span> 
     </span>
     <span class='ocr_line' id='line_1_14' title="bbox 196 1918 2642 1991; baseline 0.001 -19"><span class='ocrx_word' id='word_1_74' title='bbox 196 1936 384 1989; x_wconf 79' lang='lat' dir='ltr'>genus</span> <span class='ocrx_word' id='word_1_75' title='bbox 423 1918 733 1973; x_wconf 87' lang='lat' dir='ltr'>hominum</span> <span class='ocrx_word' id='word_1_76' title='bbox 779 1919 954 1973; x_wconf 87' lang='lat' dir='ltr'>auxit.</span> <span class='ocrx_word' id='word_1_77' title='bbox 1028 1918 1122 1974; x_wconf 89' lang='lat' dir='ltr'>Sic</span> <span class='ocrx_word' id='word_1_78' title='bbox 1154 1919 1386 1974; x_wconf 88' lang='lat' dir='ltr'>infirmi·</span> <span class='ocrx_word' id='word_1_79' title='bbox 1490 1920 1740 1991; x_wconf 87' lang='lat' dir='ltr'>Hauptio</span> <span class='ocrx_word' id='word_1_80' title='bbox 1766 1920 2002 1976; x_wconf 87' lang='lat' dir='ltr'>Lehrsio</span> <span class='ocrx_word' id='word_1_81' title='bbox 2028 1918 2268 1975; x_wconf 77' lang='lat' dir='ltr'>Miillero</span> <span class='ocrx_word' id='word_1_82' title='bbox 2296 1922 2642 1991; x_wconf 82' lang='lat' dir='ltr'>ingeniosam</span> 
     </span>
     <span class='ocr_line' id='line_1_15' title="bbox 195 1990 2642 2061; baseline 0.001 -18"><span class='ocrx_word' id='word_1_83' title='bbox 195 1990 342 2043; x_wconf 87' lang='lat' dir='ltr'>tatis</span> <span class='ocrx_word' id='word_1_84' title='bbox 404 1990 645 2045; x_wconf 84' lang='lat' dir='ltr'>accedit</span> <span class='ocrx_word' id='word_1_85' title='bbox 697 1990 875 2046; x_wconf 90' lang='lat' dir='ltr'>libera</span> <span class='ocrx_word' id='word_1_86' title='bbox 934 1990 1223 2059; x_wconf 73' lang='lat' dir='ltr'>confessio,</span> <span class='ocrx_word' id='word_1_87' title='bbox 1277 1992 1388 2047; x_wconf 86' lang='lat' dir='ltr'>fre·</span> <span class='ocrx_word' id='word_1_88' title='bbox 1491 1992 1935 2048; x_wconf 76' lang='lat' dir='ltr'>emendationem</span> <span class='ocrx_word' id='word_1_89' title='bbox 1970 1992 2239 2061; x_wconf 88' lang='lat' dir='ltr'>Bentleii;</span> <span class='ocrx_word' id='word_1_90' title='bbox 2276 2009 2457 2061; x_wconf 89' lang='lat' dir='ltr'>neque</span> <span class='ocrx_word' id='word_1_91' title='bbox 2493 1994 2642 2047; x_wconf 87' lang='lat' dir='ltr'>enim</span> 
     </span>
     <span class='ocr_line' id='line_1_16' title="bbox 203 2062 2642 2135; baseline 0.002 -21"><span class='ocrx_word' id='word_1_92' title='bbox 203 2078 386 2129; x_wconf 84' lang='lat' dir='ltr'>quens</span> <span class='ocrx_word' id='word_1_93' title='bbox 435 2062 552 2117; x_wconf 84' lang='lat' dir='ltr'>illa</span> <span class='ocrx_word' id='word_1_94' title='bbox 601 2062 829 2131; x_wconf 87' lang='lat' dir='ltr'>quidem</span> <span class='ocrx_word' id='word_1_95' title='bbox 875 2062 1026 2132; x_wconf 86' lang='lat' dir='ltr'>apud</span> <span class='ocrx_word' id='word_1_96' title='bbox 1071 2063 1387 2119; x_wconf 76' lang='lat' dir='ltr'>Horatium.</span> <span class='ocrx_word' id='word_1_97' title='bbox 1490 2063 1742 2119; x_wconf 76' lang='lat' dir='ltr'>Bacchae</span> <span class='ocrx_word' id='word_1_98' title='bbox 1783 2070 2057 2135; x_wconf 87' lang='lat' dir='ltr'>perpetua</span> <span class='ocrx_word' id='word_1_99' title='bbox 2180 2065 2393 2118; x_wconf 84' lang='lat' dir='ltr'>&#39;tantur</span> <span class='ocrx_word' id='word_1_100' title='bbox 2444 2064 2642 2135; x_wconf 80' lang='lat' dir='ltr'>vigilia</span> 
     </span>
     <span class='ocr_line' id='line_1_17' title="bbox 201 2082 2643 2219; baseline 0.001 -32"><span class='ocrx_word' id='word_1_101' title='bbox 201 2161 272 2171; x_wconf 93' lang='lat'><strong>—</strong></span> <span class='ocrx_word' id='word_1_102' title='bbox 331 2132 643 2203; x_wconf 79' lang='lat' dir='ltr'>Scriptum</span> <span class='ocrx_word' id='word_1_103' title='bbox 690 2138 894 2203; x_wconf 88' lang='lat' dir='ltr'>putant</span> <span class='ocrx_word' id='word_1_104' title='bbox 941 2152 1086 2189; x_wconf 87' lang='lat' dir='ltr'>anno</span> <span class='ocrx_word' id='word_1_105' title='bbox 1135 2135 1240 2187; x_wconf 81' lang='lat'>725</span> <span class='ocrx_word' id='word_1_106' title='bbox 1300 2136 1388 2191; x_wconf 88' lang='lat' dir='ltr'>vel</span> <span class='ocrx_word' id='word_1_107' title='bbox 1489 2152 1593 2190; x_wconf 87' lang='lat' dir='ltr'>nec</span> <span class='ocrx_word' id='word_1_108' title='bbox 1630 2136 1793 2191; x_wconf 86' lang='lat' dir='ltr'>facile</span> <span class='ocrx_word' id='word_1_109' title='bbox 1830 2136 1980 2205; x_wconf 64' lang='lat' dir='ltr'>iugis</span> <span class='ocrx_word' id='word_1_110' title='bbox 2025 2082 2275 2205; x_wconf 51' lang='lat' dir='ltr'>epffieto</span> <span class='ocrx_word' id='word_1_111' title='bbox 2322 2140 2535 2219; x_wconf 55' lang='lat' dir='ltr'>potest,</span> <span class='ocrx_word' id='word_1_112' title='bbox 2556 2152 2643 2190; x_wconf 80' lang='lat' dir='ltr'>ca·</span> 
     </span>
     <span class='ocr_line' id='line_1_18' title="bbox 203 2204 2645 2277; baseline 0.002 -22"><span class='ocrx_word' id='word_1_113' title='bbox 203 2204 330 2265; x_wconf 78' lang='lat'>726,</span> <span class='ocrx_word' id='word_1_114' title='bbox 371 2222 498 2274; x_wconf 87' lang='lat' dir='ltr'>quo</span> <span class='ocrx_word' id='word_1_115' title='bbox 556 2222 750 2259; x_wconf 86' lang='lat' dir='ltr'>omnes</span> <span class='ocrx_word' id='word_1_116' title='bbox 798 2206 1042 2276; x_wconf 78' lang='lat' dir='ltr'>Augusti</span> <span class='ocrx_word' id='word_1_117' title='bbox 1082 2206 1291 2262; x_wconf 88' lang='lat' dir='ltr'>merita</span> <span class='ocrx_word' id='word_1_118' title='bbox 1324 2226 1390 2263; x_wconf 84' lang='lat' dir='ltr'>ac</span> <span class='ocrx_word' id='word_1_119' title='bbox 1487 2224 1632 2262; x_wconf 87' lang='lat' dir='ltr'>rere.</span> <span class='ocrx_word' id='word_1_120' title='bbox 1674 2206 1743 2263; x_wconf 80' lang='lat' dir='ltr'>cf.</span> <span class='ocrx_word' id='word_1_121' title='bbox 1769 2207 1966 2277; x_wconf 88' lang='lat' dir='ltr'>Eurip.</span> <span class='ocrx_word' id='word_1_122' title='bbox 2003 2205 2204 2261; x_wconf 84' lang='lat' dir='ltr'>Bacch.</span> <span class='ocrx_word' id='word_1_123' title='bbox 2244 2208 2376 2261; x_wconf 79' lang='lat'>672:</span> <span class='ocrx_word' id='word_1_124' title='bbox 2422 2208 2645 2275; x_wconf 66' lang='lat' dir='ltr'>„Evdov</span> 
     </span>
     <span class='ocr_line' id='line_1_19' title="bbox 203 2273 2641 2351; baseline 0.002 -23"><span class='ocrx_word' id='word_1_125' title='bbox 203 2273 476 2331; x_wconf 84' lang='lat' dir='ltr'>facinora</span> <span class='ocrx_word' id='word_1_126' title='bbox 519 2282 811 2346; x_wconf 73' lang='lat' dir='ltr'>stupentes</span> <span class='ocrx_word' id='word_1_127' title='bbox 843 2283 1067 2333; x_wconf 85' lang='lat' dir='ltr'>tantum</span> <span class='ocrx_word' id='word_1_128' title='bbox 1104 2278 1389 2333; x_wconf 86' lang='lat' dir='ltr'>hominem</span> <span class='ocrx_word' id='word_1_129' title='bbox 1491 2279 1554 2332; x_wconf 76' lang='grc' dir='ltr'>δὲ</span> <span class='ocrx_word' id='word_1_130' title='bbox 1577 2279 1758 2332; x_wconf 80' lang='grc' dir='ltr'><strong><em>πᾶσαι</em></strong></span> <span class='ocrx_word' id='word_1_131' title='bbox 1793 2273 2051 2348; x_wconf 80' lang='grc' dir='ltr'><strong><em>σώμασιν</em></strong></span> <span class='ocrx_word' id='word_1_132' title='bbox 2081 2278 2463 2351; x_wconf 76' lang='grc' dir='ltr'><strong><em>παρειμέναι.“</em></strong></span> <span class='ocrx_word' id='word_1_133' title='bbox 2503 2278 2641 2333; x_wconf 88' lang='lat' dir='ltr'>Stat.</span> 
     </span>
     <span class='ocr_line' id='line_1_20' title="bbox 205 2346 2643 2419; baseline 0.002 -20"><span class='ocrx_word' id='word_1_134' title='bbox 205 2346 360 2401; x_wconf 87' lang='lat' dir='ltr'>inter</span> <span class='ocrx_word' id='word_1_135' title='bbox 430 2349 579 2403; x_wconf 89' lang='lat' dir='ltr'>deos</span> <span class='ocrx_word' id='word_1_136' title='bbox 639 2366 816 2419; x_wconf 87' lang='lat' dir='ltr'>prope</span> <span class='ocrx_word' id='word_1_137' title='bbox 876 2348 1211 2405; x_wconf 82' lang='lat' dir='ltr'>referebant.</span> <span class='ocrx_word' id='word_1_138' title='bbox 1303 2350 1386 2405; x_wconf 80' lang='lat' dir='ltr'>Cf.</span> <span class='ocrx_word' id='word_1_139' title='bbox 1489 2349 1695 2405; x_wconf 90' lang='lat' dir='ltr'>Achill.</span> <span class='ocrx_word' id='word_1_140' title='bbox 1732 2349 1779 2419; x_wconf 91' lang='lat'>1,</span> <span class='ocrx_word' id='word_1_141' title='bbox 1816 2352 1947 2405; x_wconf 82' lang='lat'><strong>645:</strong></span> <span class='ocrx_word' id='word_1_142' title='bbox 2001 2351 2114 2419; x_wconf 85' lang='lat' dir='ltr'>„At</span> <span class='ocrx_word' id='word_1_143' title='bbox 2150 2350 2359 2405; x_wconf 85' lang='lat' dir='ltr'>Bacchi</span> <span class='ocrx_word' id='word_1_144' title='bbox 2394 2349 2643 2419; x_wconf 88' lang='lat' dir='ltr'>comites,</span> 
     </span>
     <span class='ocr_line' id='line_1_21' title="bbox 207 2416 2643 2492; baseline 0.002 -22"><span class='ocrx_word' id='word_1_145' title='bbox 207 2416 401 2474; x_wconf 85' lang='lat' dir='ltr'>Carm.</span> <span class='ocrx_word' id='word_1_146' title='bbox 422 2420 538 2489; x_wconf 89' lang='grc' dir='ltr'>ΠΙ,</span> <span class='ocrx_word' id='word_1_147' title='bbox 561 2422 614 2487; x_wconf 84' lang='grc'>3,</span> <span class='ocrx_word' id='word_1_148' title='bbox 639 2423 722 2475; x_wconf 90' lang='grc'>11.</span> <span class='ocrx_word' id='word_1_149' title='bbox 763 2420 808 2486; x_wconf 91' lang='lat'>1,</span> <span class='ocrx_word' id='word_1_150' title='bbox 836 2422 887 2489; x_wconf 87' lang='lat'>2,</span> <span class='ocrx_word' id='word_1_151' title='bbox 917 2422 1001 2475; x_wconf 89' lang='lat'>12.</span> <span class='ocrx_word' id='word_1_152' title='bbox 1059 2421 1390 2492; x_wconf 77' lang='lat' dir='ltr'>Quanquam</span> <span class='ocrx_word' id='word_1_153' title='bbox 1489 2421 1737 2476; x_wconf 89' lang='lat' dir='ltr'>discussa</span> <span class='ocrx_word' id='word_1_154' title='bbox 1772 2422 1921 2476; x_wconf 87' lang='lat' dir='ltr'>nube</span> <span class='ocrx_word' id='word_1_155' title='bbox 1970 2423 2203 2490; x_wconf 87' lang='lat' dir='ltr'>soporis,</span> <span class='ocrx_word' id='word_1_156' title='bbox 2249 2421 2421 2491; x_wconf 82' lang='lat' dir='ltr'>Signa</span> <span class='ocrx_word' id='word_1_157' title='bbox 2458 2420 2643 2476; x_wconf 88' lang='lat' dir='ltr'>choris</span> 
     </span>
     <span class='ocr_line' id='line_1_22' title="bbox 217 2488 2644 2576; baseline 0.002 -35"><span class='ocrx_word' id='word_1_158' title='bbox 217 2488 496 2547; x_wconf 61' lang='lat' dir='ltr'>Weber-us</span> <span class='ocrx_word' id='word_1_159' title='bbox 518 2492 753 2560; x_wconf 86' lang='lat' dir='ltr'>maiore,</span> <span class='ocrx_word' id='word_1_160' title='bbox 777 2496 843 2546; x_wconf 92' lang='lat' dir='ltr'>ut</span> <span class='ocrx_word' id='word_1_161' title='bbox 861 2492 1105 2561; x_wconf 88' lang='lat' dir='ltr'>videtur,</span> <span class='ocrx_word' id='word_1_162' title='bbox 1129 2494 1386 2547; x_wconf 88' lang='lat' dir='ltr'>veritatis</span> <span class='ocrx_word' id='word_1_163' title='bbox 1489 2492 1702 2548; x_wconf 85' lang='lat' dir='ltr'>indicta</span> <span class='ocrx_word' id='word_1_164' title='bbox 1726 2494 1985 2561; x_wconf 84' lang='lat' dir='ltr'>putant.“</span> <span class='ocrx_word' id='word_1_165' title='bbox 2013 2493 2209 2548; x_wconf 71' lang='lat' dir='ltr'>Edoni</span> <span class='ocrx_word' id='word_1_166' title='bbox 2237 2499 2455 2548; x_wconf 85' lang='lat' dir='ltr'>montes</span> <span class='ocrx_word' id='word_1_167' title='bbox 2482 2496 2644 2576; x_wconf 72' lang='lat' dir='ltr'>erant</span> 
     </span>
     <span class='ocr_line' id='line_1_23' title="bbox 207 2563 2644 2719; baseline 0.001 -32"><span class='ocrx_word' id='word_1_168' title='bbox 207 2578 434 2689; x_wconf 52' lang='lat'>23:³⁰¹&amp;</span> <span class='ocrx_word' id='word_1_169' title='bbox 453 2568 1389 2705; x_wconf 44' lang='lat' dir='ltr'>‘ussffi‘ffss‘uga‘ffssffioesstssffl</span> <span class='ocrx_word' id='word_1_170' title='bbox 1489 2563 2644 2719; x_wconf 53' lang='lat' dir='ltr'>ffssffitfflssffifizffifflffl:</span> 
     </span>
     <span class='ocr_line' id='line_1_24' title="bbox 214 2704 2644 2779; baseline 0.002 -23"><span class='ocrx_word' id='word_1_171' title='bbox 214 2704 592 2761; x_wconf 83' lang='lat' dir='ltr'>Alexandrea</span> <span class='ocrx_word' id='word_1_172' title='bbox 649 2706 948 2761; x_wconf 87' lang='lat' dir='ltr'>Horatium</span> <span class='ocrx_word' id='word_1_173' title='bbox 1022 2706 1094 2761; x_wconf 88' lang='lat' dir='ltr'>ad</span> <span class='ocrx_word' id='word_1_174' title='bbox 1167 2711 1388 2762; x_wconf 85' lang='lat' dir='ltr'>tantam</span> <span class='ocrx_word' id='word_1_175' title='bbox 1490 2706 1715 2776; x_wconf 86' lang='lat' dir='ltr'>bantur,</span> <span class='ocrx_word' id='word_1_176' title='bbox 1762 2706 1909 2762; x_wconf 87' lang='lat' dir='ltr'>unde</span> <span class='ocrx_word' id='word_1_177' title='bbox 1944 2725 2065 2779; x_wconf 80' lang='lat' dir='ltr'>ipse</span> <span class='ocrx_word' id='word_1_178' title='bbox 2088 2707 2325 2763; x_wconf 77' lang='lat' dir='ltr'>Edonus</span> <span class='ocrx_word' id='word_1_179' title='bbox 2360 2708 2644 2763; x_wconf 88' lang='lat' dir='ltr'>vocitatur</span> 
     </span>
     <span class='ocr_line' id='line_1_25' title="bbox 217 2772 2641 2835; baseline 0.002 -8"><span class='ocrx_word' id='word_1_180' title='bbox 217 2772 530 2835; x_wconf 79' lang='lat' dir='ltr'>Octaviani</span> <span class='ocrx_word' id='word_1_181' title='bbox 577 2778 958 2833; x_wconf 81' lang='lat' dir='ltr'>laudationem</span> <span class='ocrx_word' id='word_1_182' title='bbox 1006 2778 1218 2833; x_wconf 89' lang='lat' dir='ltr'>elatum</span> <span class='ocrx_word' id='word_1_183' title='bbox 1256 2796 1387 2834; x_wconf 89' lang='lat' dir='ltr'>esse.</span> <span class='ocrx_word' id='word_1_184' title='bbox 1491 2782 1549 2833; x_wconf 90' lang='lat' dir='ltr'>et</span> <span class='ocrx_word' id='word_1_185' title='bbox 1582 2778 1833 2835; x_wconf 83' lang='lat' dir='ltr'>Bacchae</span> <span class='ocrx_word' id='word_1_186' title='bbox 1882 2778 2189 2835; x_wconf 75' lang='lat' dir='ltr'>Edonides.</span> <span class='ocrx_word' id='word_1_187' title='bbox 2264 2778 2425 2833; x_wconf 84' lang='lat' dir='ltr'>Ovid.</span> <span class='ocrx_word' id='word_1_188' title='bbox 2472 2779 2641 2833; x_wconf 84' lang='lat' dir='ltr'>Trist.</span> 
     </span>
     <span class='ocr_line' id='line_1_26' title="bbox 283 2846 2643 2922; baseline 0.002 -22"><span class='ocrx_word' id='word_1_189' title='bbox 283 2846 354 2901; x_wconf 84' lang='lat' dir='ltr'>V.</span> <span class='ocrx_word' id='word_1_190' title='bbox 399 2852 452 2903; x_wconf 80' lang='lat'>2.</span> <span class='ocrx_word' id='word_1_191' title='bbox 513 2866 656 2919; x_wconf 73' lang='lat' dir='ltr'>quae</span> <span class='ocrx_word' id='word_1_192' title='bbox 699 2848 946 2919; x_wconf 72' lang='lat' dir='ltr'>nemora]</span> <span class='ocrx_word' id='word_1_193' title='bbox 994 2850 1080 2905; x_wconf 90' lang='lat' dir='ltr'>De</span> <span class='ocrx_word' id='word_1_194' title='bbox 1131 2868 1386 2921; x_wconf 82' lang='lat' dir='ltr'>praepos.</span> <span class='ocrx_word' id='word_1_195' title='bbox 1490 2850 1586 2915; x_wconf 87' lang='lat' dir='ltr'>IV,</span> <span class='ocrx_word' id='word_1_196' title='bbox 1620 2854 1668 2919; x_wconf 89' lang='lat'>1,</span> <span class='ocrx_word' id='word_1_197' title='bbox 1693 2851 1788 2905; x_wconf 82' lang='lat'>41:</span> <span class='ocrx_word' id='word_1_198' title='bbox 1828 2852 2055 2922; x_wconf 86' lang='lat' dir='ltr'>„thue</span> <span class='ocrx_word' id='word_1_199' title='bbox 2092 2870 2254 2907; x_wconf 89' lang='lat' dir='ltr'>suum</span> <span class='ocrx_word' id='word_1_200' title='bbox 2283 2850 2501 2907; x_wconf 84' lang='lat' dir='ltr'>Bacche</span> <span class='ocrx_word' id='word_1_201' title='bbox 2530 2868 2643 2905; x_wconf 87' lang='lat' dir='ltr'>non</span> 
     </span>
     <span class='ocr_line' id='line_1_27' title="bbox 215 2915 2645 2992; baseline 0.003 -24"><span class='ocrx_word' id='word_1_202' title='bbox 215 2915 278 2971; x_wconf 75' lang='lat' dir='ltr'>in</span> <span class='ocrx_word' id='word_1_203' title='bbox 312 2920 432 2976; x_wconf 87' lang='lat' dir='ltr'>huc</span> <span class='ocrx_word' id='word_1_204' title='bbox 467 2938 696 2991; x_wconf 87' lang='lat' dir='ltr'>quoque</span> <span class='ocrx_word' id='word_1_205' title='bbox 745 2921 1040 2976; x_wconf 84' lang='lat' dir='ltr'>referenda</span> <span class='ocrx_word' id='word_1_206' title='bbox 1075 2922 1146 2976; x_wconf 86' lang='lat' dir='ltr'>cf.</span> <span class='ocrx_word' id='word_1_207' title='bbox 1188 2922 1388 2977; x_wconf 87' lang='lat' dir='ltr'>Catull.</span> <span class='ocrx_word' id='word_1_208' title='bbox 1491 2922 1667 2976; x_wconf 78' lang='lat' dir='ltr'>sentit</span> <span class='ocrx_word' id='word_1_209' title='bbox 1724 2922 1912 2978; x_wconf 87' lang='lat' dir='ltr'>saucia</span> <span class='ocrx_word' id='word_1_210' title='bbox 1966 2925 2195 2987; x_wconf 87' lang='lat' dir='ltr'>vulnus,</span> <span class='ocrx_word' id='word_1_211' title='bbox 2250 2922 2401 2977; x_wconf 90' lang='lat' dir='ltr'>Dum</span> <span class='ocrx_word' id='word_1_212' title='bbox 2455 2926 2645 2992; x_wconf 85' lang='lat' dir='ltr'>stupet</span> 
     </span>
     <span class='ocr_line' id='line_1_28' title="bbox 218 2990 2643 3066; baseline 0.003 -25"><span class='ocrx_word' id='word_1_213' title='bbox 218 2990 282 3041; x_wconf 87' lang='lat'>31</span> <span class='ocrx_word' id='word_1_214' title='bbox 313 2992 458 3061; x_wconf 81' lang='lat'>(33),</span> <span class='ocrx_word' id='word_1_215' title='bbox 496 2994 531 3047; x_wconf 85' lang='lat'><strong>5</strong></span> <span class='ocrx_word' id='word_1_216' title='bbox 571 3009 708 3061; x_wconf 85' lang='lat' dir='ltr'>„cur</span> <span class='ocrx_word' id='word_1_217' title='bbox 741 3010 856 3047; x_wconf 90' lang='lat' dir='ltr'>non</span> <span class='ocrx_word' id='word_1_218' title='bbox 893 2992 1155 3048; x_wconf 83' lang='lat' dir='ltr'>exsilium</span> <span class='ocrx_word' id='word_1_219' title='bbox 1187 2994 1386 3048; x_wconf 87' lang='lat' dir='ltr'>malas·</span> <span class='ocrx_word' id='word_1_220' title='bbox 1491 2992 1705 3047; x_wconf 78' lang='lat' dir='ltr'>Edonis</span> <span class='ocrx_word' id='word_1_221' title='bbox 1748 2993 2035 3049; x_wconf 84' lang='lat' dir='ltr'>exululata</span> <span class='ocrx_word' id='word_1_222' title='bbox 2081 2994 2285 3066; x_wconf 81' lang='lat' dir='ltr'>iugis.“</span> <span class='ocrx_word' id='word_1_223' title='bbox 2358 2994 2562 3049; x_wconf 86' lang='lat' dir='ltr'>Lucan.</span> <span class='ocrx_word' id='word_1_224' title='bbox 2598 2994 2643 3063; x_wconf 92' lang='lat'>1,</span> 
     </span>
     <span class='ocr_line' id='line_1_29' title="bbox 221 3063 2645 3135; baseline 0.003 -22"><span class='ocrx_word' id='word_1_225' title='bbox 221 3076 328 3129; x_wconf 84' lang='lat' dir='ltr'>que</span> <span class='ocrx_word' id='word_1_226' title='bbox 363 3064 430 3117; x_wconf 88' lang='lat' dir='ltr'>in</span> <span class='ocrx_word' id='word_1_227' title='bbox 467 3082 604 3119; x_wconf 85' lang='lat' dir='ltr'>oras</span> <span class='ocrx_word' id='word_1_228' title='bbox 639 3063 742 3118; x_wconf 90' lang='lat' dir='ltr'>Itis</span> <span class='ocrx_word' id='word_1_229' title='bbox 753 3064 818 3118; x_wconf 85' lang='lat'>‘?“</span> <span class='ocrx_word' id='word_1_230' title='bbox 895 3063 1056 3120; x_wconf 84' lang='lat' dir='ltr'>ovid.</span> <span class='ocrx_word' id='word_1_231' title='bbox 1095 3064 1235 3120; x_wconf 86' lang='lat' dir='ltr'>Met.</span> <span class='ocrx_word' id='word_1_232' title='bbox 1263 3064 1386 3133; x_wconf 86' lang='lat' dir='ltr'>VII,</span> <span class='ocrx_word' id='word_1_233' title='bbox 1491 3066 1619 3118; x_wconf 81' lang='lat'><strong>675:</strong></span> <span class='ocrx_word' id='word_1_234' title='bbox 1658 3064 1837 3133; x_wconf 82' lang='lat' dir='ltr'>„Nam</span> <span class='ocrx_word' id='word_1_235' title='bbox 1862 3066 2043 3135; x_wconf 87' lang='lat' dir='ltr'>qualis</span> <span class='ocrx_word' id='word_1_236' title='bbox 2078 3066 2287 3121; x_wconf 88' lang='lat' dir='ltr'>vertice</span> <span class='ocrx_word' id='word_1_237' title='bbox 2312 3064 2479 3120; x_wconf 89' lang='lat' dir='ltr'>Pindi</span> <span class='ocrx_word' id='word_1_238' title='bbox 2497 3066 2645 3121; x_wconf 78' lang='lat' dir='ltr'><em>Edo-</em></span> 
     </span>
     <span class='ocr_line' id='line_1_30' title="bbox 223 3132 2640 3207; baseline 0.003 -23"><span class='ocrx_word' id='word_1_239' title='bbox 223 3132 342 3187; x_wconf 87' lang='grc'><strong>708.</strong></span> <span class='ocrx_word' id='word_1_240' title='bbox 427 3134 608 3206; x_wconf 83' lang='lat' dir='ltr'>Verg.</span> <span class='ocrx_word' id='word_1_241' title='bbox 655 3137 796 3191; x_wconf 87' lang='lat' dir='ltr'>Aen.</span> <span class='ocrx_word' id='word_1_242' title='bbox 844 3135 937 3205; x_wconf 89' lang='lat' dir='ltr'>VI,</span> <span class='ocrx_word' id='word_1_243' title='bbox 985 3138 1106 3191; x_wconf 85' lang='lat'>692.</span> <span class='ocrx_word' id='word_1_244' title='bbox 1187 3135 1389 3205; x_wconf 78' lang='lat' dir='ltr'>Specus</span> <span class='ocrx_word' id='word_1_245' title='bbox 1489 3138 1582 3190; x_wconf 69' lang='grc' dir='ltr'>πίε</span> <span class='ocrx_word' id='word_1_246' title='bbox 1630 3135 1846 3207; x_wconf 81' lang='lat' dir='ltr'>Ogygio</span> <span class='ocrx_word' id='word_1_247' title='bbox 1892 3138 2144 3192; x_wconf 85' lang='lat' dir='ltr'>decurrit</span> <span class='ocrx_word' id='word_1_248' title='bbox 2189 3137 2357 3207; x_wconf 85' lang='lat' dir='ltr'>plena</span> <span class='ocrx_word' id='word_1_249' title='bbox 2400 3136 2640 3207; x_wconf 77' lang='lat' dir='ltr'>Lyaeo.“</span> 
     </span>
     <span class='ocr_line' id='line_1_31' title="bbox 219 3204 2643 3278; baseline 0.002 -23"><span class='ocrx_word' id='word_1_250' title='bbox 219 3209 412 3259; x_wconf 86' lang='lat' dir='ltr'>autem</span> <span class='ocrx_word' id='word_1_251' title='bbox 453 3213 516 3262; x_wconf 90' lang='lat' dir='ltr'>et</span> <span class='ocrx_word' id='word_1_252' title='bbox 542 3211 771 3261; x_wconf 80' lang='lat' dir='ltr'>antrum</span> <span class='ocrx_word' id='word_1_253' title='bbox 805 3208 912 3262; x_wconf 87' lang='lat' dir='ltr'>hoc</span> <span class='ocrx_word' id='word_1_254' title='bbox 948 3208 1096 3263; x_wconf 87' lang='lat' dir='ltr'>inter</span> <span class='ocrx_word' id='word_1_255' title='bbox 1133 3224 1190 3263; x_wconf 90' lang='lat' dir='ltr'>se</span> <span class='ocrx_word' id='word_1_256' title='bbox 1229 3207 1386 3263; x_wconf 83' lang='lat' dir='ltr'>diffe-</span> <span class='ocrx_word' id='word_1_257' title='bbox 1491 3206 1775 3263; x_wconf 87' lang='lat' dir='ltr'>Theocrit.</span> <span class='ocrx_word' id='word_1_258' title='bbox 1818 3208 1943 3277; x_wconf 89' lang='lat' dir='ltr'>VII,</span> <span class='ocrx_word' id='word_1_259' title='bbox 1996 3211 2126 3262; x_wconf 86' lang='lat'><strong>111:</strong></span> <span class='ocrx_word' id='word_1_260' title='bbox 2176 3214 2322 3278; x_wconf 66' lang='lat' dir='ltr'>„erns-</span> <span class='ocrx_word' id='word_1_261' title='bbox 2374 3208 2425 3261; x_wconf 77' lang='grc' dir='ltr'>δ’</span> <span class='ocrx_word' id='word_1_262' title='bbox 2471 3204 2643 3262; x_wconf 81' lang='grc' dir='ltr'><em>Ἠδω-</em></span> 
     </span>
     <span class='ocr_line' id='line_1_32' title="bbox 223 3274 2643 3352; baseline 0.001 -24"><span class='ocrx_word' id='word_1_263' title='bbox 223 3280 374 3341; x_wconf 86' lang='lat' dir='ltr'>runt,</span> <span class='ocrx_word' id='word_1_264' title='bbox 417 3278 576 3347; x_wconf 89' lang='lat' dir='ltr'>quod</span> <span class='ocrx_word' id='word_1_265' title='bbox 611 3296 806 3347; x_wconf 82' lang='lat' dir='ltr'>specus</span> <span class='ocrx_word' id='word_1_266' title='bbox 849 3278 1058 3335; x_wconf 87' lang='lat' dir='ltr'>dicitur</span> <span class='ocrx_word' id='word_1_267' title='bbox 1094 3280 1164 3334; x_wconf 88' lang='lat' dir='ltr'>de</span> <span class='ocrx_word' id='word_1_268' title='bbox 1194 3280 1388 3333; x_wconf 87' lang='lat' dir='ltr'>solitu·</span> <span class='ocrx_word' id='word_1_269' title='bbox 1491 3280 1605 3333; x_wconf 82' lang='grc' dir='ltr'>νῶν</span> <span class='ocrx_word' id='word_1_270' title='bbox 1660 3280 1773 3352; x_wconf 78' lang='grc' dir='ltr'>μὲν</span> <span class='ocrx_word' id='word_1_271' title='bbox 1825 3281 1888 3335; x_wconf 70' lang='grc' dir='ltr'>ἐν</span> <span class='ocrx_word' id='word_1_272' title='bbox 1944 3274 2110 3351; x_wconf 72' lang='grc' dir='ltr'><strong><em>ὄρεσι</em></strong></span> <span class='ocrx_word' id='word_1_273' title='bbox 2168 3286 2395 3350; x_wconf 80' lang='grc' dir='ltr'><strong><em>χείματι</em></strong></span> <span class='ocrx_word' id='word_1_274' title='bbox 2444 3283 2643 3350; x_wconf 79' lang='grc' dir='ltr'>μέσσῳ</span> 
     </span>
     <span class='ocr_line' id='line_1_33' title="bbox 222 3343 2643 3423; baseline 0.002 -25"><span class='ocrx_word' id='word_1_275' title='bbox 222 3343 354 3401; x_wconf 87' lang='lat' dir='ltr'>dine</span> <span class='ocrx_word' id='word_1_276' title='bbox 407 3368 478 3405; x_wconf 86' lang='lat' dir='ltr'>ac</span> <span class='ocrx_word' id='word_1_277' title='bbox 539 3351 807 3405; x_wconf 84' lang='lat' dir='ltr'>vastitate</span> <span class='ocrx_word' id='word_1_278' title='bbox 861 3351 990 3415; x_wconf 88' lang='lat' dir='ltr'>loci,</span> <span class='ocrx_word' id='word_1_279' title='bbox 1049 3356 1276 3405; x_wconf 88' lang='lat' dir='ltr'>antrum</span> <span class='ocrx_word' id='word_1_280' title='bbox 1318 3350 1387 3405; x_wconf 90' lang='lat' dir='ltr'>de</span> <span class='ocrx_word' id='word_1_281' title='bbox 1477 3344 1681 3423; x_wconf 79' lang='grc' dir='ltr'><strong><em>Ἕβρον</em></strong></span> <span class='ocrx_word' id='word_1_282' title='bbox 1729 3348 1843 3421; x_wconf 79' lang='grc' dir='ltr'>πὰρ</span> <span class='ocrx_word' id='word_1_283' title='bbox 1893 3347 2201 3423; x_wconf 79' lang='grc' dir='ltr'><em>πόταμον.“</em></span> <span class='ocrx_word' id='word_1_284' title='bbox 2277 3351 2411 3406; x_wconf 84' lang='lat' dir='ltr'>Hor.</span> <span class='ocrx_word' id='word_1_285' title='bbox 2460 3350 2643 3406; x_wconf 85' lang='lat' dir='ltr'>Carm.</span> 
     </span>
     <span class='ocr_line' id='line_1_34' title="bbox 225 3416 2645 3493; baseline 0.003 -23"><span class='ocrx_word' id='word_1_286' title='bbox 225 3416 419 3475; x_wconf 87' lang='lat' dir='ltr'>divino</span> <span class='ocrx_word' id='word_1_287' title='bbox 459 3426 760 3491; x_wconf 87' lang='lat' dir='ltr'>poetarum</span> <span class='ocrx_word' id='word_1_288' title='bbox 787 3422 1122 3477; x_wconf 87' lang='lat' dir='ltr'>deversorio.</span> <span class='ocrx_word' id='word_1_289' title='bbox 1162 3452 1230 3461; x_wconf 97' lang='lat'><strong>—</strong></span> <span class='ocrx_word' id='word_1_290' title='bbox 1270 3423 1389 3493; x_wconf 76' lang='lat' dir='ltr'>qui·</span> <span class='ocrx_word' id='word_1_291' title='bbox 1490 3420 1566 3490; x_wconf 88' lang='grc' dir='ltr'>ΙΙ,</span> <span class='ocrx_word' id='word_1_292' title='bbox 1604 3426 1654 3491; x_wconf 87' lang='grc'>7,</span> <span class='ocrx_word' id='word_1_293' title='bbox 1692 3425 1779 3477; x_wconf 84' lang='lat'>27.</span> <span class='ocrx_word' id='word_1_294' title='bbox 1849 3422 1957 3491; x_wconf 79' lang='lat' dir='ltr'>Qui</span> <span class='ocrx_word' id='word_1_295' title='bbox 2002 3422 2163 3477; x_wconf 86' lang='lat' dir='ltr'>codd.</span> <span class='ocrx_word' id='word_1_296' title='bbox 2210 3423 2336 3477; x_wconf 87' lang='lat' dir='ltr'>lect.</span> <span class='ocrx_word' id='word_1_297' title='bbox 2374 3424 2645 3477; x_wconf 71' lang='lat' dir='ltr'>exsomnis</span> 
     </span>
     <span class='ocr_line' id='line_1_35' title="bbox 227 3488 2644 3565; baseline 0.002 -22"><span class='ocrx_word' id='word_1_298' title='bbox 227 3488 323 3543; x_wconf 78' lang='lat' dir='ltr'>bus</span> <span class='ocrx_word' id='word_1_299' title='bbox 361 3493 579 3564; x_wconf 76' lang='lat' dir='ltr'>antris]</span> <span class='ocrx_word' id='word_1_300' title='bbox 613 3510 724 3547; x_wconf 90' lang='lat' dir='ltr'>non</span> <span class='ocrx_word' id='word_1_301' title='bbox 759 3498 845 3548; x_wconf 88' lang='lat' dir='ltr'>est</span> <span class='ocrx_word' id='word_1_302' title='bbox 879 3494 1122 3561; x_wconf 84' lang='lat' dir='ltr'>dativus,</span> <span class='ocrx_word' id='word_1_303' title='bbox 1159 3494 1256 3548; x_wconf 84' lang='lat' dir='ltr'>sed</span> <span class='ocrx_word' id='word_1_304' title='bbox 1292 3495 1388 3550; x_wconf 84' lang='lat' dir='ltr'>ab·</span> <span class='ocrx_word' id='word_1_305' title='bbox 1492 3500 1791 3549; x_wconf 87' lang='lat' dir='ltr'>servarunt</span> <span class='ocrx_word' id='word_1_306' title='bbox 1816 3494 2048 3565; x_wconf 79' lang='lat' dir='ltr'>(Keller.</span> <span class='ocrx_word' id='word_1_307' title='bbox 2071 3494 2354 3549; x_wconf 87' lang='lat' dir='ltr'>Eckstein.</span> <span class='ocrx_word' id='word_1_308' title='bbox 2382 3494 2644 3563; x_wconf 54' lang='lat' dir='ltr'>Sobata),</span> 
     </span>
     <span class='ocr_line' id='line_1_36' title="bbox 229 3558 2644 3635; baseline 0.003 -23"><span class='ocrx_word' id='word_1_309' title='bbox 229 3558 440 3618; x_wconf 84' lang='lat' dir='ltr'>lativus</span> <span class='ocrx_word' id='word_1_310' title='bbox 480 3564 613 3619; x_wconf 91' lang='lat' dir='ltr'>loci.</span> <span class='ocrx_word' id='word_1_311' title='bbox 647 3594 720 3605; x_wconf 91' lang='lat'>-—</span> <span class='ocrx_word' id='word_1_312' title='bbox 754 3565 956 3635; x_wconf 68' lang='lat' dir='ltr'>syreqiz</span> <span class='ocrx_word' id='word_1_313' title='bbox 1018 3564 1087 3619; x_wconf 78' lang='lat' dir='ltr'>cf.</span> <span class='ocrx_word' id='word_1_314' title='bbox 1127 3564 1306 3621; x_wconf 88' lang='lat' dir='ltr'>Carm.</span> <span class='ocrx_word' id='word_1_315' title='bbox 1342 3565 1390 3635; x_wconf 88' lang='lat'>1,</span> <span class='ocrx_word' id='word_1_316' title='bbox 1491 3566 1553 3619; x_wconf 90' lang='lat' dir='ltr'>in</span> <span class='ocrx_word' id='word_1_317' title='bbox 1588 3567 1861 3621; x_wconf 86' lang='lat' dir='ltr'>auxilium</span> <span class='ocrx_word' id='word_1_318' title='bbox 1898 3570 2173 3622; x_wconf 88' lang='lat' dir='ltr'>vocarunt</span> <span class='ocrx_word' id='word_1_319' title='bbox 2208 3566 2377 3635; x_wconf 85' lang='lat' dir='ltr'>locos,</span> <span class='ocrx_word' id='word_1_320' title='bbox 2416 3566 2477 3619; x_wconf 90' lang='lat' dir='ltr'>in</span> <span class='ocrx_word' id='word_1_321' title='bbox 2522 3566 2644 3635; x_wconf 89' lang='lat' dir='ltr'>qui-</span> 
     </span>
     <span class='ocr_line' id='line_1_37' title="bbox 227 3630 2644 3707; baseline 0.003 -24"><span class='ocrx_word' id='word_1_322' title='bbox 227 3630 280 3693; x_wconf 79' lang='grc'>6,</span> <span class='ocrx_word' id='word_1_323' title='bbox 317 3636 406 3689; x_wconf 89' lang='lat'>11.</span> <span class='ocrx_word' id='word_1_324' title='bbox 431 3665 506 3677; x_wconf 86' lang='lat'>—</span> <span class='ocrx_word' id='word_1_325' title='bbox 534 3636 826 3706; x_wconf 75' lang='lat' dir='ltr'>meditans]</span> <span class='ocrx_word' id='word_1_326' title='bbox 863 3654 952 3691; x_wconf 91' lang='lat' dir='ltr'>me</span> <span class='ocrx_word' id='word_1_327' title='bbox 997 3638 1170 3692; x_wconf 84' lang='lat' dir='ltr'>&#39;tatur</span> <span class='ocrx_word' id='word_1_328' title='bbox 1203 3643 1390 3707; x_wconf 88' lang='lat' dir='ltr'>poeta,</span> <span class='ocrx_word' id='word_1_329' title='bbox 1491 3636 1597 3691; x_wconf 90' lang='lat' dir='ltr'>bus</span> <span class='ocrx_word' id='word_1_330' title='bbox 1662 3643 1719 3693; x_wconf 88' lang='lat' dir='ltr'>et</span> <span class='ocrx_word' id='word_1_331' title='bbox 1780 3638 2033 3695; x_wconf 86' lang='lat' dir='ltr'>Bacchae</span> <span class='ocrx_word' id='word_1_332' title='bbox 2092 3643 2149 3693; x_wconf 88' lang='lat' dir='ltr'>et</span> <span class='ocrx_word' id='word_1_333' title='bbox 2213 3638 2333 3707; x_wconf 88' lang='lat' dir='ltr'>ipse</span> <span class='ocrx_word' id='word_1_334' title='bbox 2392 3637 2644 3693; x_wconf 89' lang='lat' dir='ltr'>Bacchus</span> 
     </span>
     <span class='ocr_line' id='line_1_38' title="bbox 230 3704 2642 3781; baseline 0.002 -24"><span class='ocrx_word' id='word_1_335' title='bbox 230 3704 326 3769; x_wconf 87' lang='lat' dir='ltr'>qui</span> <span class='ocrx_word' id='word_1_336' title='bbox 363 3724 508 3775; x_wconf 83' lang='lat' dir='ltr'>quas</span> <span class='ocrx_word' id='word_1_337' title='bbox 547 3707 926 3763; x_wconf 84' lang='lat' dir='ltr'>celebraturus</span> <span class='ocrx_word' id='word_1_338' title='bbox 964 3712 1050 3763; x_wconf 92' lang='lat' dir='ltr'>est</span> <span class='ocrx_word' id='word_1_339' title='bbox 1075 3726 1162 3763; x_wconf 86' lang='lat' dir='ltr'>res</span> <span class='ocrx_word' id='word_1_340' title='bbox 1200 3708 1270 3763; x_wconf 90' lang='lat' dir='ltr'>iis</span> <span class='ocrx_word' id='word_1_341' title='bbox 1304 3713 1390 3763; x_wconf 91' lang='lat' dir='ltr'>to·</span> <span class='ocrx_word' id='word_1_342' title='bbox 1491 3710 1782 3764; x_wconf 87' lang='lat' dir='ltr'>nocturnis</span> <span class='ocrx_word' id='word_1_343' title='bbox 1831 3710 2043 3781; x_wconf 82' lang='lat' dir='ltr'>vigiliis</span> <span class='ocrx_word' id='word_1_344' title='bbox 2089 3710 2297 3781; x_wconf 81' lang='lat' dir='ltr'>agitari</span> <span class='ocrx_word' id='word_1_345' title='bbox 2351 3708 2642 3777; x_wconf 82' lang='lat' dir='ltr'>dicuntur,</span> 
     </span>
     <span class='ocr_line' id='line_1_39' title="bbox 227 3776 2643 3864; baseline 0.001 -35"><span class='ocrx_word' id='word_1_346' title='bbox 227 3776 318 3829; x_wconf 81' lang='lat' dir='ltr'>tus</span> <span class='ocrx_word' id='word_1_347' title='bbox 354 3781 612 3847; x_wconf 82' lang='lat' dir='ltr'>tenetur3</span> <span class='ocrx_word' id='word_1_348' title='bbox 651 3780 765 3834; x_wconf 87' lang='lat' dir='ltr'>iam</span> <span class='ocrx_word' id='word_1_349' title='bbox 802 3797 926 3835; x_wconf 90' lang='lat' dir='ltr'>cum</span> <span class='ocrx_word' id='word_1_350' title='bbox 963 3780 1156 3834; x_wconf 86' lang='lat' dir='ltr'>divina</span> <span class='ocrx_word' id='word_1_351' title='bbox 1201 3780 1262 3834; x_wconf 90' lang='lat' dir='ltr'>in</span> <span class='ocrx_word' id='word_1_352' title='bbox 1295 3798 1391 3864; x_wconf 85' lang='lat' dir='ltr'>pe·</span> <span class='ocrx_word' id='word_1_353' title='bbox 1493 3780 1749 3851; x_wconf 88' lang='lat' dir='ltr'>Sophocl.</span> <span class='ocrx_word' id='word_1_354' title='bbox 1788 3782 1983 3852; x_wconf 82' lang='lat' dir='ltr'>Antig.</span> <span class='ocrx_word' id='word_1_355' title='bbox 2026 3784 2181 3835; x_wconf 83' lang='lat'>1151.</span> <span class='ocrx_word' id='word_1_356' title='bbox 2217 3780 2415 3849; x_wconf 87' lang='lat' dir='ltr'>Eurip.</span> <span class='ocrx_word' id='word_1_357' title='bbox 2442 3780 2643 3835; x_wconf 87' lang='lat' dir='ltr'>Bacch.</span> 
     </span>
     <span class='ocr_line' id='line_1_40' title="bbox 235 3850 2643 3924; baseline 0.002 -23"><span class='ocrx_word' id='word_1_358' title='bbox 235 3850 388 3903; x_wconf 77' lang='lat' dir='ltr'>ctore</span> <span class='ocrx_word' id='word_1_359' title='bbox 442 3855 740 3922; x_wconf 87' lang='lat' dir='ltr'>poetarum</span> <span class='ocrx_word' id='word_1_360' title='bbox 800 3853 886 3907; x_wconf 86' lang='lat' dir='ltr'>vis</span> <span class='ocrx_word' id='word_1_361' title='bbox 940 3869 1104 3921; x_wconf 86' lang='lat' dir='ltr'>saepe</span> <span class='ocrx_word' id='word_1_362' title='bbox 1161 3851 1391 3921; x_wconf 72' lang='lat' dir='ltr'>efficiat,</span> <span class='ocrx_word' id='word_1_363' title='bbox 1493 3854 1626 3906; x_wconf 82' lang='lat'><strong>852:</strong></span> <span class='ocrx_word' id='word_1_364' title='bbox 1683 3853 1781 3922; x_wconf 63' lang='lat' dir='ltr'>„ev</span> <span class='ocrx_word' id='word_1_365' title='bbox 1816 3858 2136 3924; x_wconf 75' lang='grc' dir='ltr'><strong><em>παννυχίοις</em></strong></span> <span class='ocrx_word' id='word_1_366' title='bbox 2164 3852 2406 3924; x_wconf 79' lang='grc' dir='ltr'><strong><em>χοροῖς.“</em></strong></span> <span class='ocrx_word' id='word_1_367' title='bbox 2455 3851 2643 3906; x_wconf 89' lang='lat' dir='ltr'>Senec.</span> 
     </span>
     <span class='ocr_line' id='line_1_41' title="bbox 233 3920 2642 3994; baseline 0 -19"><span class='ocrx_word' id='word_1_368' title='bbox 233 3920 298 3971; x_wconf 74' lang='lat' dir='ltr'>ut</span> <span class='ocrx_word' id='word_1_369' title='bbox 331 3920 502 3977; x_wconf 73' lang='lat' dir='ltr'>simul</span> <span class='ocrx_word' id='word_1_370' title='bbox 526 3926 699 3991; x_wconf 86' lang='lat' dir='ltr'>atque</span> <span class='ocrx_word' id='word_1_371' title='bbox 733 3924 990 3978; x_wconf 85' lang='lat' dir='ltr'>oriantur</span> <span class='ocrx_word' id='word_1_372' title='bbox 1023 3923 1390 3994; x_wconf 80' lang='lat' dir='ltr'>cogitationes</span> <span class='ocrx_word' id='word_1_373' title='bbox 1493 3923 1717 3992; x_wconf 79' lang='lat' dir='ltr'>Thyest.</span> <span class='ocrx_word' id='word_1_374' title='bbox 1758 3925 1885 3978; x_wconf 78' lang='lat'><strong>467:</strong></span> <span class='ocrx_word' id='word_1_375' title='bbox 1938 3942 2074 3993; x_wconf 87' lang='lat' dir='ltr'>„nec</span> <span class='ocrx_word' id='word_1_376' title='bbox 2113 3942 2306 3980; x_wconf 89' lang='lat' dir='ltr'>somno</span> <span class='ocrx_word' id='word_1_377' title='bbox 2356 3923 2473 3977; x_wconf 88' lang='lat' dir='ltr'>dies</span> <span class='ocrx_word' id='word_1_378' title='bbox 2512 3922 2642 3977; x_wconf 90' lang='lat' dir='ltr'>Bac-</span> 
     </span>
     <span class='ocr_line' id='line_1_42' title="bbox 237 3989 2643 4067; baseline 0.002 -25"><span class='ocrx_word' id='word_1_379' title='bbox 237 3989 410 4047; x_wconf 87' lang='lat' dir='ltr'>etiam</span> <span class='ocrx_word' id='word_1_380' title='bbox 463 3994 843 4064; x_wconf 84' lang='lat' dir='ltr'>proferantur,</span> <span class='ocrx_word' id='word_1_381' title='bbox 897 3994 1159 4050; x_wconf 73' lang='lat' dir='ltr'>meditari</span> <span class='ocrx_word' id='word_1_382' title='bbox 1206 3994 1390 4064; x_wconf 88' lang='lat' dir='ltr'>ipsum</span> <span class='ocrx_word' id='word_1_383' title='bbox 1494 3996 1710 4065; x_wconf 90' lang='lat' dir='ltr'>choque</span> <span class='ocrx_word' id='word_1_384' title='bbox 1758 4014 1873 4051; x_wconf 85' lang='lat' dir='ltr'>nox</span> <span class='ocrx_word' id='word_1_385' title='bbox 1922 3996 2204 4067; x_wconf 84' lang='lat' dir='ltr'>iungenda</span> <span class='ocrx_word' id='word_1_386' title='bbox 2248 3994 2513 4066; x_wconf 81' lang='lat' dir='ltr'>pervigili</span> <span class='ocrx_word' id='word_1_387' title='bbox 2548 3993 2643 4047; x_wconf 85' lang='lat' dir='ltr'>da·</span> 
     </span>
     <span class='ocr_line' id='line_1_43' title="bbox 237 4064 2645 4137; baseline 0 -18"><span class='ocrx_word' id='word_1_388' title='bbox 237 4073 424 4121; x_wconf 72' lang='lat' dir='ltr'>canere</span> <span class='ocrx_word' id='word_1_389' title='bbox 486 4070 674 4137; x_wconf 87' lang='lat' dir='ltr'>potest</span> <span class='ocrx_word' id='word_1_390' title='bbox 735 4065 1065 4137; x_wconf 85' lang='lat' dir='ltr'>significare.</span> <span class='ocrx_word' id='word_1_391' title='bbox 1163 4064 1388 4123; x_wconf 89' lang='lat' dir='ltr'>Sueton.</span> <span class='ocrx_word' id='word_1_392' title='bbox 1493 4068 1639 4123; x_wconf 87' lang='lat' dir='ltr'>tur.“</span> <span class='ocrx_word' id='word_1_393' title='bbox 1681 4068 1933 4123; x_wconf 83' lang='lat' dir='ltr'>Bacchae</span> <span class='ocrx_word' id='word_1_394' title='bbox 1956 4073 2145 4123; x_wconf 85' lang='lat' dir='ltr'>autem</span> <span class='ocrx_word' id='word_1_395' title='bbox 2178 4086 2291 4122; x_wconf 86' lang='lat' dir='ltr'>non</span> <span class='ocrx_word' id='word_1_396' title='bbox 2316 4066 2429 4121; x_wconf 88' lang='lat' dir='ltr'>alia</span> <span class='ocrx_word' id='word_1_397' title='bbox 2456 4068 2645 4120; x_wconf 86' lang='lat' dir='ltr'>mente</span> 
     </span>
     <span class='ocr_line' id='line_1_44' title="bbox 236 4132 2644 4211; baseline -0.001 -21"><span class='ocrx_word' id='word_1_398' title='bbox 236 4132 383 4206; x_wconf 80' lang='lat' dir='ltr'>Aug.</span> <span class='ocrx_word' id='word_1_399' title='bbox 409 4154 457 4192; x_wconf 84' lang='lat' dir='ltr'>c.</span> <span class='ocrx_word' id='word_1_400' title='bbox 483 4139 578 4193; x_wconf 80' lang='lat'>85:</span> <span class='ocrx_word' id='word_1_401' title='bbox 618 4138 858 4206; x_wconf 84' lang='lat' dir='ltr'>„Exstat</span> <span class='ocrx_word' id='word_1_402' title='bbox 893 4138 1040 4193; x_wconf 82' lang='lat' dir='ltr'>alter</span> <span class='ocrx_word' id='word_1_403' title='bbox 1063 4155 1238 4207; x_wconf 88' lang='lat' dir='ltr'>aeque</span> <span class='ocrx_word' id='word_1_404' title='bbox 1273 4156 1389 4194; x_wconf 88' lang='lat' dir='ltr'>mo·</span> <span class='ocrx_word' id='word_1_405' title='bbox 1493 4156 1681 4195; x_wconf 88' lang='lat' dir='ltr'>sacras</span> <span class='ocrx_word' id='word_1_406' title='bbox 1715 4138 1987 4196; x_wconf 85' lang='lat' dir='ltr'>Thraciae</span> <span class='ocrx_word' id='word_1_407' title='bbox 2031 4140 2305 4211; x_wconf 82' lang='lat' dir='ltr'>regiones,</span> <span class='ocrx_word' id='word_1_408' title='bbox 2351 4136 2443 4191; x_wconf 90' lang='lat' dir='ltr'>dei</span> <span class='ocrx_word' id='word_1_409' title='bbox 2478 4136 2644 4190; x_wconf 86' lang='lat' dir='ltr'>vesti-</span> 
     </span>
     <span class='ocr_line' id='line_1_45' title="bbox 238 4200 2646 4282; baseline -0.001 -20"><span class='ocrx_word' id='word_1_410' title='bbox 238 4200 392 4261; x_wconf 71' lang='lat' dir='ltr'>fficus</span> <span class='ocrx_word' id='word_1_411' title='bbox 453 4209 902 4281; x_wconf 72' lang='lat' dir='ltr'>epiqrammatmn</span> <span class='ocrx_word' id='word_1_412' title='bbox 965 4209 1176 4279; x_wconf 88' lang='lat' dir='ltr'>(liber),</span> <span class='ocrx_word' id='word_1_413' title='bbox 1247 4228 1392 4280; x_wconf 85' lang='lat' dir='ltr'>quae</span> <span class='ocrx_word' id='word_1_414' title='bbox 1492 4212 1603 4282; x_wconf 84' lang='lat' dir='ltr'>giis</span> <span class='ocrx_word' id='word_1_415' title='bbox 1639 4211 1878 4266; x_wconf 84' lang='lat' dir='ltr'>refertas</span> <span class='ocrx_word' id='word_1_416' title='bbox 1926 4214 2169 4282; x_wconf 88' lang='lat' dir='ltr'>stupent,</span> <span class='ocrx_word' id='word_1_417' title='bbox 2217 4214 2387 4279; x_wconf 86' lang='lat' dir='ltr'>atque</span> <span class='ocrx_word' id='word_1_418' title='bbox 2431 4224 2497 4262; x_wconf 82' lang='lat' dir='ltr'>ea</span> <span class='ocrx_word' id='word_1_419' title='bbox 2534 4223 2646 4275; x_wconf 88' lang='lat' dir='ltr'>qua</span> 
     </span>
     <span class='ocr_line' id='line_1_46' title="bbox 242 4270 2645 4354; baseline 0 -23"><span class='ocrx_word' id='word_1_420' title='bbox 242 4270 354 4354; x_wconf 58' lang='lat' dir='ltr'>{ere</span> <span class='ocrx_word' id='word_1_421' title='bbox 381 4282 494 4335; x_wconf 82' lang='lat' dir='ltr'>tem</span> <span class='ocrx_word' id='word_1_422' title='bbox 533 4298 632 4337; x_wconf 89' lang='lat' dir='ltr'>ore</span> <span class='ocrx_word' id='word_1_423' title='bbox 663 4280 852 4337; x_wconf 85' lang='lat' dir='ltr'>balnei</span> <span class='ocrx_word' id='word_1_424' title='bbox 884 4280 1298 4337; x_wconf 75' lang='lat' dir='ltr'>meditabatwr.“</span> <span class='ocrx_word' id='word_1_425' title='bbox 1323 4312 1389 4321; x_wconf 90' lang='lat'>—</span> <span class='ocrx_word' id='word_1_426' title='bbox 1493 4286 1663 4352; x_wconf 86' lang='lat' dir='ltr'>poeta</span> <span class='ocrx_word' id='word_1_427' title='bbox 1700 4284 1773 4337; x_wconf 89' lang='lat' dir='ltr'>ab</span> <span class='ocrx_word' id='word_1_428' title='bbox 1807 4284 1877 4337; x_wconf 88' lang='lat' dir='ltr'>iis</span> <span class='ocrx_word' id='word_1_429' title='bbox 1913 4283 2079 4338; x_wconf 89' lang='lat' dir='ltr'>rebus</span> <span class='ocrx_word' id='word_1_430' title='bbox 2118 4298 2253 4352; x_wconf 87' lang='lat' dir='ltr'>quas</span> <span class='ocrx_word' id='word_1_431' title='bbox 2279 4280 2421 4334; x_wconf 90' lang='lat' dir='ltr'>solet</span> <span class='ocrx_word' id='word_1_432' title='bbox 2444 4294 2645 4333; x_wconf 84' lang='lat' dir='ltr'>canere</span> 
     </span>
     <span class='ocr_line' id='line_1_47' title="bbox 243 4346 2644 4425; baseline 0.001 -24"><span class='ocrx_word' id='word_1_433' title='bbox 243 4346 506 4407; x_wconf 70' lang='lat' dir='ltr'>maiatum</span> <span class='ocrx_word' id='word_1_434' title='bbox 570 4352 641 4408; x_wconf 85' lang='lat' dir='ltr'>cf.</span> <span class='ocrx_word' id='word_1_435' title='bbox 685 4351 868 4422; x_wconf 84' lang='lat' dir='ltr'>Epist.</span> <span class='ocrx_word' id='word_1_436' title='bbox 923 4352 969 4422; x_wconf 94' lang='lat'>1,</span> <span class='ocrx_word' id='word_1_437' title='bbox 1023 4354 1108 4423; x_wconf 80' lang='lat'>19,</span> <span class='ocrx_word' id='word_1_438' title='bbox 1146 4354 1232 4407; x_wconf 82' lang='lat'>32.</span> <span class='ocrx_word' id='word_1_439' title='bbox 1313 4353 1392 4410; x_wconf 88' lang='lat' dir='ltr'>Ut</span> <span class='ocrx_word' id='word_1_440' title='bbox 1493 4353 1797 4409; x_wconf 85' lang='lat' dir='ltr'>distractus</span> <span class='ocrx_word' id='word_1_441' title='bbox 1836 4353 2074 4425; x_wconf 78' lang='lat' dir='ltr'>(deuius)</span> <span class='ocrx_word' id='word_1_442' title='bbox 2118 4351 2357 4425; x_wconf 85' lang='lat' dir='ltr'>grandia</span> <span class='ocrx_word' id='word_1_443' title='bbox 2402 4350 2644 4405; x_wconf 80' lang='lat' dir='ltr'>admira·</span> 
     </span>
     <span class='ocr_line' id='line_1_48' title="bbox 245 4414 2645 4497; baseline 0 -21"><span class='ocrx_word' id='word_1_444' title='bbox 245 4414 508 4497; x_wconf 55' lang='lat' dir='ltr'>2⁰⁷9&amp;ch</span> <span class='ocrx_word' id='word_1_445' title='bbox 567 4429 654 4480; x_wconf 83' lang='lat' dir='ltr'>est</span> <span class='ocrx_word' id='word_1_446' title='bbox 711 4424 864 4495; x_wconf 86' lang='lat' dir='ltr'>quod</span> <span class='ocrx_word' id='word_1_447' title='bbox 917 4427 1050 4481; x_wconf 87' lang='lat' dir='ltr'>ante</span> <span class='ocrx_word' id='word_1_448' title='bbox 1103 4442 1390 4495; x_wconf 88' lang='lat' dir='ltr'>nunquam</span> <span class='ocrx_word' id='word_1_449' title='bbox 1493 4429 1589 4479; x_wconf 89' lang='lat' dir='ltr'>tur</span> <span class='ocrx_word' id='word_1_450' title='bbox 1626 4430 1796 4494; x_wconf 86' lang='lat' dir='ltr'>atque</span> <span class='ocrx_word' id='word_1_451' title='bbox 1820 4426 2038 4481; x_wconf 84' lang='lat' dir='ltr'>excelsa</span> <span class='ocrx_word' id='word_1_452' title='bbox 2062 4426 2132 4479; x_wconf 87' lang='lat' dir='ltr'>ad</span> <span class='ocrx_word' id='word_1_453' title='bbox 2159 4422 2468 4480; x_wconf 85' lang='lat' dir='ltr'>canendum</span> <span class='ocrx_word' id='word_1_454' title='bbox 2495 4439 2645 4477; x_wconf 90' lang='lat' dir='ltr'>nunc</span> 
     </span>
     <span class='ocr_line' id='line_1_49' title="bbox 249 4484 2645 4567; baseline 0.003 -27"><span class='ocrx_word' id='word_1_455' title='bbox 249 4484 450 4549; x_wconf 79' lang='lat' dir='ltr'>‹hctum</span> <span class='ocrx_word' id='word_1_456' title='bbox 507 4501 592 4551; x_wconf 87' lang='lat' dir='ltr'>est</span> <span class='ocrx_word' id='word_1_457' title='bbox 605 4536 622 4565; x_wconf 91' lang='lat'>,</span> <span class='ocrx_word' id='word_1_458' title='bbox 658 4496 759 4566; x_wconf 50' lang='lat' dir='ltr'>,ita</span> <span class='ocrx_word' id='word_1_459' title='bbox 813 4512 993 4553; x_wconf 74' lang='lat' dir='ltr'>recens</span> <span class='ocrx_word' id='word_1_460' title='bbox 1043 4496 1196 4565; x_wconf 84' lang='lat' dir='ltr'>quod</span> <span class='ocrx_word' id='word_1_461' title='bbox 1250 4514 1391 4551; x_wconf 89' lang='lat' dir='ltr'>nun·</span> <span class='ocrx_word' id='word_1_462' title='bbox 1493 4497 1604 4551; x_wconf 89' lang='lat' dir='ltr'>sibi</span> <span class='ocrx_word' id='word_1_463' title='bbox 1634 4498 1923 4567; x_wconf 86' lang='lat' dir='ltr'>proposita</span> <span class='ocrx_word' id='word_1_464' title='bbox 1959 4498 2227 4552; x_wconf 85' lang='lat' dir='ltr'>facinora.</span> <span class='ocrx_word' id='word_1_465' title='bbox 2302 4493 2395 4550; x_wconf 89' lang='lat' dir='ltr'>Sic</span> <span class='ocrx_word' id='word_1_466' title='bbox 2428 4494 2645 4549; x_wconf 85' lang='lat' dir='ltr'>intelle-</span> 
     </span>
     <span class='ocr_line' id='line_1_50' title="bbox 249 4567 2647 4640; baseline -0.002 -15"><span class='ocrx_word' id='word_1_467' title='bbox 249 4574 408 4625; x_wconf 71' lang='lat' dir='ltr'>quam</span> <span class='ocrx_word' id='word_1_468' title='bbox 453 4572 580 4623; x_wconf 88' lang='lat' dir='ltr'>ante</span> <span class='ocrx_word' id='word_1_469' title='bbox 631 4568 904 4623; x_wconf 86' lang='lat' dir='ltr'>auditum.</span> <span class='ocrx_word' id='word_1_470' title='bbox 945 4598 1012 4607; x_wconf 93' lang='lat'>—</span> <span class='ocrx_word' id='word_1_471' title='bbox 1051 4567 1286 4637; x_wconf 77' lang='lat' dir='ltr'>Edonis]</span> <span class='ocrx_word' id='word_1_472' title='bbox 1323 4568 1389 4623; x_wconf 90' lang='lat' dir='ltr'>In</span> <span class='ocrx_word' id='word_1_473' title='bbox 1491 4573 1704 4640; x_wconf 83' lang='lat' dir='ltr'>guntur</span> <span class='ocrx_word' id='word_1_474' title='bbox 1738 4568 1899 4639; x_wconf 75' lang='lat' dir='ltr'>ripae</span> <span class='ocrx_word' id='word_1_475' title='bbox 1933 4574 1985 4625; x_wconf 78' lang='lat' dir='ltr'>et</span> <span class='ocrx_word' id='word_1_476' title='bbox 2006 4585 2235 4624; x_wconf 77' lang='lat' dir='ltr'>vacuum</span> <span class='ocrx_word' id='word_1_477' title='bbox 2260 4584 2465 4637; x_wconf 75' lang='lat' dir='ltr'>nemus,</span> <span class='ocrx_word' id='word_1_478' title='bbox 2503 4583 2647 4636; x_wconf 90' lang='lat' dir='ltr'>quae</span> 
     </span>
    </p>
   </div>
   <div class='ocr_carea' id='block_1_7' title="bbox 345 4668 2243 4742">
    <p class='ocr_par' dir='ltr' id='par_1_7' title="bbox 345 4668 2243 4742">
     <span class='ocr_line' id='line_1_51' title="bbox 345 4668 2243 4742; baseline 0.005 -16"><span class='ocrx_word' id='word_1_479' title='bbox 345 4682 560 4733; x_wconf 65' lang='lat' dir='ltr'>Horatius</span> <span class='ocrx_word' id='word_1_480' title='bbox 587 4689 663 4735; x_wconf 77' lang='grc' dir='ltr'>οᾱ.</span> <span class='ocrx_word' id='word_1_481' title='bbox 688 4688 1023 4742; x_wconf 62' lang='lat' dir='ltr'>numani-ger</span> <span class='ocrx_word' id='word_1_482' title='bbox 1053 4690 1127 4730; x_wconf 75' lang='lat' dir='ltr'>es.</span> <span class='ocrx_word' id='word_1_483' title='bbox 1155 4690 1256 4731; x_wconf 86' lang='lat' dir='ltr'>vu.</span> <span class='ocrx_word' id='word_1_484' title='bbox 2178 4668 2243 4723; x_wconf 84' lang='lat'>15</span> 
     </span>
    </p>
   </div>
  </div>
 </body>
</html>
