3092 5059
1059 249 1220 317 LIB.
1263 250 1314 317 Ι.
1360 250 1613 318 ΟΑΒΜ.
1656 248 1964 317 XXVIII.
2634 254 2718 317 93

327 474 380 513 ιο
616 441 940 517 Tartara
987 439 1482 517 Panthoiden·
1523 441 1808 516 iterum
1865 436 2071 515 Oreo

416 567 873 662 Demissum,
929 565 1278 665 quamvis
1331 546 1582 665 clipeo
1636 565 1973 642 Troiana
2024 562 2259 641 refixo

616 692 1004 789 Tempora
1056 702 1370 767 testatus
1416 688 1613 765 nihil
1663 688 1869 765 ultra·

415 818 486 895 N
488 843 714 896 ervos
767 830 1001 915 atque
1051 828 1304 891 eutem
1355 812 1587 889 morti
1638 826 2116 891 concesserat
2165 822 2398 910 atrae,

619 941 890 1018 Iudice
936 954 1014 1016 te
1065 966 1221 1016 non
1273 939 1635 1015 sordidus
1688 951 1957 1015 auetor

324 1100 376 1142 ιε
413 1067 753 1144 Naturae
804 1067 1148 1167 verique.

1255 1064 1410 1142 Sed
1452 1090 1719 1141 omnes
1768 1090 1923 1141 una
1974 1078 2231 1141 manet
2282 1090 2438 1141 nox

616 1192 715 1267 Et
766 1190 1136 1268 calcanda
1187 1190 1424 1267 semel
1479 1190 1609 1266 via
1660 1188 1820 1266 leti.

414 1320 622 1395 Dant
666 1318 858 1393 alios
910 1316 1196 1393 Furiae
1245 1330 1467 1392 torvo
1521 1314 1963 1417 apeetaeula
2015 1315 2271 1411 Marti,

617 1442 873 1521 Exitio
925 1456 1044 1520 est
1091 1440 1406 1517 avidum
1459 1466 1675 1517 mare
1725 1440 2013 1536 nautie3

419 1571 672 1647 Mixta
720 1595 990 1646 senum
1043 1592 1134 1642 ae
1183 1566 1546 1642 iuvenum
1602 1566 2022 1642 densentur
2072 1566 2369 1663 funera,
2418 1565 2718 1641 nullum

334 1728 392 1768 zo
620 1694 870 1773 Saeva
921 1704 1148 1789 caput
1199 1690 1667 1789 Proserpina
1715 1692 1941 1789 sugit.

419 1820 549 1897 Me
604 1845 914 1921 quoque
966 1818 1244 1894 devexi
1297 1815 1615 1914 rapidus
1670 1840 1924 1895 eomes
1979 1815 2289 1893 Orionis

619 1944 949 2045 Illyricis
999 1942 1243 2019 Notus
1298 1942 1557 2018 obruit
1605 1940 1856 2017 undis.

421 2070 525 2147 At
577 2083 686 2166 tu,
729 2082 982 2163 nauta,
1034 2094 1280 2168 vagae
1329 2092 1430 2145 ne
1480 2093 1715 2167 parce
1766 2066 2147 2166 malignus
2192 2068 2529 2146 harenae

625 2192 950 2271 Ossibus
1003 2206 1078 2269 et
1126 2193 1358 2293 capiti
1408 2191 1807 2268 inhumato

386 2384 453 2442 V.
479 2386 564 2440 13.
601 2384 958 2456 eonoeeserat]
995 2383 1202 2439 Poetae
1226 2399 1344 2437 non
1372 2380 1467 2436 ab·

311 2458 556 2513 horrent
615 2458 688 2513 ab
744 2457 1050 2512 indicativo
1110 2454 1263 2525 apud
1320 2456 1470 2526 part.

311 2529 581 2599 quamvis,
621 2546 749 2585 oum
790 2528 1122 2598 praesertim
1164 2544 1278 2581 non
1320 2526 1468 2597 eogi-

309 2608 438 2656 tata
474 2602 574 2656 sed
597 2606 752 2657 certa
783 2618 873 2655 ree
897 2599 1261 2671 significatur.
1300 2598 1470 2668 Apud

309 2672 620 2728 Horatium
671 2688 934 2743 compara
983 2671 1162 2742 Epist.
1209 2670 1252 2737 Ι,
1295 2672 1380 2738 14,
1416 2671 1468 2739 6,

309 2744 358 2813 1,
401 2746 488 2812 17,
530 2747 577 2797 1.
615 2746 700 2797 22.
757 2747 826 2800 Δ.
869 2744 930 2799 P.
969 2744 1091 2798 366.
1147 2741 1326 2796 carm.
1367 2741 1468 2809 111,

308 2818 364 2884 7,
403 2817 493 2870 26.
545 2815 649 2879 ΠΙ,
691 2816 776 2879 10,
819 2818 913 2885 183
959 2814 1348 2869 eoniunetivue
1385 2816 1470 2867 est

310 2888 501 2943 Germ.
535 2886 634 2955 IV,
673 2888 724 2955 2,
761 2888 846 2942 39.
909 2886 1005 2953 IV,
1043 2889 1095 2953 6,
1132 2885 1191 2953 6;
1239 2902 1307 2940 ex
1345 2884 1466 2953 qui·

307 2960 420 3014 bus
460 2960 602 3013 loeis
640 2957 940 3013 discrimen
976 2958 1196 3012 senties.
1236 2986 1300 2996 —
1332 2957 1466 3011 Tar-

305 3030 466 3101 tam]
503 3046 620 3085 non
654 3030 726 3085 de
759 3031 1151 3085 damnatorum
1185 3028 1332 3091 sede,
1369 3028 1467 3081 ned

310 3103 386 3157 de
427 3104 690 3156 universo
725 3101 888 3156 Oreo.
961 3101 1096 3155 Fuit
1131 3104 1318 3155 autem
1353 3116 1464 3154 me-

309 3175 462 3229 triea
499 3174 667 3233 ratio,
707 3190 850 3243 quae
885 3177 1080 3243 poetas
1123 3177 1188 3226 ut
1227 3171 1468 3226 Tartara

309 3246 590 3315 dicerent,
628 3262 740 3298 non
772 3245 1040 3299 Tartarus
1075 3244 1371 3313 permovit.
1401 3272 1464 3283 -

306 3316 502 3373 iudice
519 3316 594 3389 te]
615 3315 972 3387 Pythagorae
989 3316 1049 3370 in
1069 3332 1278 3386 magna
1299 3314 1467 3369 Grae-

311 3390 406 3445 cia
439 3392 560 3443 tam
600 3388 938 3442 celebratum
975 3392 1098 3443 erat
1139 3404 1360 3449 nomen,
1404 3391 1470 3441 ut

311 3460 594 3530 quaedam
642 3460 761 3513 eius
809 3460 1098 3514 doctrinae
1145 3459 1352 3513 notitia
1397 3458 1469 3512 ad

307 3530 1470 3673 ffissetq¹3ffi⁰Zxsssssseiffffifuffiss‘iffiissffifffii

319 3680 384 3730 et
419 3675 559 3729 dinei
601 3674 863 3729 linarum.
905 3702 968 3713 -
1004 3672 1271 3729 calcanda
1315 3673 1471 3728 semel

307 3748 414 3802 via
474 3746 568 3801 lats
659 3745 850 3801 Etiam
907 3745 1102 3829 Liyiua
1157 3744 1362 3829 {xia
1406 3746 1471 3799 18

312 3816 1473 3960 23:2³3&¹⁰32.3;¹2533⁸..2¹a?..¹12²;02¹z‘2ffi1

307 3962 434 4016 lata
483 3962 756 4016 nonnulla
803 3960 1050 4015 eiusdem
1085 3962 1168 4017 rei
1217 3960 1470 4031 exempla

311 4032 611 4089 desinendi
667 4032 898 4103 aliquod
957 4032 1224 4087 indicium
1285 4032 1468 4087 habet.

315 4106 391 4161 ef.
431 4106 615 4159 Carm-
649 4105 696 4174 1,
735 4106 820 4173 17,
862 4107 944 4158 13.
980 4104 1052 4172 Π,
1080 4104 1128 4172 3,
1155 4105 1242 4158 25.
1283 4102 1354 4162 11.
1384 4106 1470 4171 10,

311 4180 368 4233 5.
409 4178 498 4231 21.
537 4176 611 4245 11,
653 4178 736 4243 13,
777 4176 857 4229 19.
895 4174 995 4244 111,
1036 4176 1118 4244 16,
1161 4179 1247 4230 17.
1284 4174 1384 4240 ΠΙ,
1421 4178 1472 4243 7,

315 4248 394 4303 19
433 4252 540 4303 eet.
609 4246 816 4302 Versus
855 4248 1064 4300 17-20
1099 4264 1134 4301 a
1169 4246 1469 4317 superiori-

307 4321 422 4375 bus
445 4320 728 4375 diversam
745 4322 1005 4373 naturam
1025 4319 1291 4389 produnt,
1312 4318 1470 4388 quip-

307 4410 390 4464 pe
437 4392 539 4461 qui
585 4392 808 4445 exclusa
850 4406 1026 4460 prope
1075 4391 1229 4444 omni
1276 4396 1469 4445 eontu-

309 4464 490 4519 melia
547 4478 894 4517 communem
953 4460 1201 4517 omnium
1263 4466 1469 4517 morta-

307 4536 460 4590 lium
525 4532 910 4589 eondieionem
968 4534 1304 4603 describant,
1362 4534 1470 4589 nisi

310 4604 476 4677 quod
515 4622 569 4660 v.
611 4606 675 4659 18
712 4610 1008 4659 nautarum
1051 4607 1366 4676 exemplum
1402 4605 1472 4661 de

1568 2381 1852 2437 industria
1890 2388 2175 2455 sumptum
2210 2388 2461 2455 apparet.
2502 2414 2569 2425 —
2606 2384 2720 2440 avi—

1572 2452 1703 2508 dum
1740 2453 1912 2525 mare]
1950 2456 2243 2527 epitheton
2290 2457 2462 2513 marie
2498 2456 2573 2511 ad
2606 2474 2719 2514 me·

1570 2529 1694 2580 tum
1714 2532 1921 2582 nautae
1942 2528 2329 2583 incutiendum
2352 2529 2720 2599 aptissimum.

1573 2596 1644 2651 ef.
1684 2598 1863 2653 Oarm.
1904 2598 2003 2667 111,
2044 2602 2131 2669 29,
2170 2602 2255 2654 61.
2296 2628 2363 2641 -·
2406 2599 2719 2669 denserztm]

1572 2668 1793 2739 Duplex
1828 2670 2015 2725 forma
2058 2676 2145 2726 eet
2180 2672 2357 2739 verbi,
2400 2670 2628 2728 densare
2664 2678 2722 2725 et

1572 2738 1817 2809 demur&
1836 2743 2051 2798 codices
2077 2744 2407 2813 plerumque
2428 2742 2721 2799 fluctuant.

1573 2840 1641 2852 —
1666 2812 1874 2867 malum
1906 2830 2071 2870 saeva
2089 2820 2257 2885 caput
2285 2816 2545 2885 Proser-p,
2570 2815 2713 2883 fua]

1570 2883 1803 2938 Nullum
1830 2891 1999 2956 eaput
2018 2890 2257 2954 tantum,
2276 2904 2439 2941 nemo
2458 2892 2579 2941 tam
2594 2902 2722 2957 gra-

1570 2956 1657 3009 viu
1696 2954 1825 3024 fuit,
1863 2974 2027 3026 quem
2047 2956 2383 3028 Proserpina
2420 2959 2458 3013 i.
2484 2976 2530 3012 e.
2567 2974 2722 3011 mora

1570 3026 1799 3097 fugerit,
1824 3029 2096 3097 timuerit,
2132 3030 2204 3083 ad
2242 3046 2407 3099 quem
2430 3046 2581 3084 mors
2608 3046 2723 3083 non

1569 3100 1881 3154 aoeesaerit.
1918 3100 2011 3155 Sio
2044 3100 2252 3156 Luean.
2288 3100 2482 3156 Phars.
2518 3100 2589 3165 11,
2617 3101 2714 3155 ⁷6:

1568 3170 1758 3239 „Mors
1793 3172 1918 3241 ipsa
1940 3172 2154 3243 refugit
2174 3190 2340 3243 saepe
2362 3174 2547 3227 virum
2572 3172 2720 3241 (Ma-

1570 3243 1795 3309 rium).“
1868 3243 2205 3313 Proserpina
2250 3246 2399 3299 enim
2446 3245 2515 3299 ad
2552 3244 2719 3298 mori-

1570 3314 1789 3368 bundos
1826 3316 2041 3370 aeeedit
2064 3317 2244 3386 iisque
2280 3316 2598 3371 cincinnum
2626 3315 2718 3371 de-

1573 3390 1748 3455 secat3
1786 3386 1951 3458 Verg.
1990 3390 2127 3443 Aen.
2171 3387 2263 3455 IV,
2302 3388 2423 3443 698.

1644 3457 1711 3510 V.
1733 3459 1821 3510 21.
1859 3458 2049 3513 devexi
2073 3458 2317 3531 Orionis]
2358 3458 2579 3515 Occidit
2597 3458 2722 3515 Ori·

1572 3546 1645 3583 on
1692 3528 1757 3583 V.
1805 3529 1888 3584 Id.
1937 3530 2255 3599 Novembr„
2311 3548 2420 3600 quo
2468 3537 2721 3603 tempore

1572 3604 1932 3670 tempestates
2004 3604 2219 3658 saevire
2296 3604 2501 3658 solent:
2588 3602 2721 3658 inde

1575 3672 1759 3726 Notus
1792 3674 2023 3743 rapidus
2067 3674 2221 3729 issiu·
2268 3692 2449 3730 eomes
2494 3675 2720 3741 dieitur,

1574 3742 1704 3798 inde
1726 3745 1843 3813 ipse
1864 3744 2040 3799 Orion
2056 3746 2245 3800 nautis
2259 3747 2513 3833 infestus‘.
2539 3746 2719 3818 Epod.

1577 3818 1661 3880 15,
1701 3818 1751 3869 7.
1802 3816 1985 3872 Carm.
2026 3817 2126 3886 111,
2166 3819 2253 3886 27,
2294 3820 2379 3872 17.
2420 3848 2485 3858 --
2528 3816 2719 3891 parce]

1574 3886 1701 3941 vide
1738 3888 1811 3942 ad
1848 3888 2027 3943 Carm.
2064 3888 2107 3949 1,
2144 3892 2191 3958 l,
2226 3892 2275 3943 8.
2317 3920 2384 3930 --
2424 3906 2489 3946 ca
2534 3890 2603 3944 iti
2636 3890 2720 3943 in·

1574 3959 1819 4029 humato]
1858 3960 1943 4015 Ne
1985 3958 2171 4015 hiaret
2210 3962 2414 4029 orati0,
2496 3979 2569 4017 uo
2615 3962 2719 4015 eri-

1572 4032 1675 4086 tiei
1720 4032 1964 4086 seribere
2007 4032 2332 4087 maluerunt
2372 4032 2722 4100 intumulata,

1574 4108 1639 4156 ut
1686 4119 1775 4172 ap.
1825 4100 1981 4158 ovid.
2022 4102 2153 4158 Her.
2200 4108 2251 4170 2,
2292 4104 2421 4159 136:
2480 4102 2718 4173 „Occur-

1572 4192 1806 4245 ramque
1830 4174 2005 4230 oeulis
2031 4176 2361 4231 intumulata
2386 4176 2553 4230 tuisf‘
2588 4175 2718 4231 Alia

1574 4246 1829 4316 exempla
1864 4247 2050 4301 hiatus
2092 4248 2188 4302 sed
2234 4264 2347 4302 non
2384 4248 2610 4301 omnino
2650 4246 2720 4303 ei-

1572 4319 1731 4373 milia
1765 4323 1897 4373 sunt
1934 4318 2114 4373 Carm.
2150 4318 2222 4387 ΙΙ,
2258 4320 2345 4389 20,
2388 4320 2469 4373 13.
2506 4318 2608 4388 ΙΠ,
2637 4320 2720 4387 14,

1578 4393 1659 4443 11.
1698 4390 1878 4460 Epod.
1918 4392 1968 4459 5,
1998 4392 2116 4445 100.
2159 4392 2242 4458 13,
2268 4392 2320 4444 3.
2359 4389 2494 4447 Fuit
2530 4396 2720 4445 autem

1573 4466 1731 4519 vetus
1784 4463 2126 4532 superstitiO,
2178 4462 2424 4516 animam
2470 4462 2721 4532 eorporis

1574 4533 1851 4589 inhumati
1907 4550 2020 4588 non
2064 4550 2225 4604 posse
2278 4532 2500 4605 Stygias
2547 4552 2720 4603 aquas

1572 4606 1814 4662 transire
1850 4606 1944 4676 (ef.
1970 4606 2133 4676 Verg.
2171 4608 2310 4661 Aen.
2340 4606 2435 4675 VI,
2475 4608 2579 4660 326
2598 4622 2719 4674 sqq.
