3092 5059
575 812 666 865 26.
793 810 859 864 L.
895 809 1142 867 Marcius
1195 812 1392 867 Censo-
1455 812 1594 866 Cum
1612 810 1736 866 Sex.
1762 810 2028 881 Pompeio
2056 811 2207 881 apud
2233 811 2511 866 Misenum
2541 828 2653 880 pax

828 900 984 953 rinus
1023 899 1081 953 C.
1119 900 1392 956 Calvisius
1524 901 1685 955 inita.
1758 898 2100 955 Octavianus
2144 900 2204 955 in
2241 899 2501 967 Galliam,
2538 902 2651 953 An-

829 986 1079 1043 Sabinus.
1525 990 1714 1044 tonius
1735 988 1985 1045 Athenas
2004 988 2398 1060 proficiscitur.
2423 987 2483 1041 P.
2509 986 2653 1042 Ven—

1523 1076 1717 1147 tidius,
1726 1076 1961 1132 Antonii
1980 1079 2215 1149 legatus,
2231 1076 2471 1133 Parthos
2491 1092 2650 1146 proe-

1524 1166 1602 1221 lio
1655 1164 1833 1221 victos
1880 1164 2043 1234 Syria
2096 1166 2346 1237 expellit,
2402 1163 2652 1221 Labieno

1524 1252 1721 1309 occiso.
1798 1254 2027 1308 Asinius
2063 1254 2245 1310 Pollio
2292 1253 2364 1309 ab
2402 1252 2653 1309 Antonio

1522 1430 1593 1484 de
1645 1430 1842 1485 iisdem
1896 1430 2231 1500 triumphus.
2304 1431 2572 1486 Horatius
2618 1448 2653 1487 a

1411 1302 1419 1596 Ι
1521 1346 1719 1398 contra
1750 1340 2057 1397 Parthinos
2089 1343 2309 1397 missus.
2381 1340 2653 1397 Pollionis

1520 1518 1771 1590 Vergilio
1821 1524 1879 1574 et
1924 1518 2096 1575 Vario
2146 1518 2459 1577 Maecenati
2504 1536 2653 1574 oom-

1515 1608 1829 1663 mendatur.

301 1682 432 1735 716.
569 1682 661 1735 27.

786 1682 1004 1751 APPiU⁸
1051 1678 1315 1735 (3ῙῦΠῶὓὸ
1447 1694 1713 1751 Horatius
1748 1695 1807 1750 in
1840 1694 2183 1750 Maecenatis
2222 1694 2528 1750 amicitiam
2568 1713 2651 1751 re-

821 1769 865 1823 P
869 1770 1061 1825 “leber
1087 1768 1145 1823 C·
1171 1767 1384 1838 N91'b0·
1518 1788 1727 1853 ceptus.
1781 1783 1905 1838 Sex.
1932 1782 2231 1854 Pompeius
2268 1800 2459 1838 rursus
2496 1800 2653 1840 mare

821 1874 926 1913 nm
963 1858 1210 1913 Flauum-
1515 1871 1785 1927 infestum
1828 1871 2044 1941 reddin
2107 1871 2309 1927 Caesar
2362 1871 2512 1927 bello
2554 1874 2651 1928 ad-

1515 1978 1711 2015 versus
1759 1977 1887 2014 eum
1932 1962 2189 2028 suscepto
2226 1959 2445 2014 duobus
2482 1978 2651 2016 nava·

1515 2050 1662 2104 libus
1693 2048 1925 2118 proeliis
1960 2047 2133 2101 dubio
2176 2051 2381 2102 eventu
2414 2055 2650 2120 pugnat,

1515 2138 1717 2193 classes
1744 2136 1958 2206 duplici
1984 2135 2287 2206 naufragio
2313 2136 2543 2191 amittit.
2582 2136 2649 2191 P.

1406 2185 1412 2308 ἔ
1514 2226 1815 2283 Ventidius
1852 2224 2145 2293 Pacorum,
2181 2224 2521 2279 Parthorum
2562 2240 2649 2278 re-

1405 2311 1411 2428 i
1512 2316 1601 2387 gis
1624 2314 1821 2384 filium,
1850 2311 2119 2369 interficit
2144 2328 2209 2367 eo
2246 2313 2367 2382 ipso
2389 2310 2499 2381 die,
2538 2328 2649 2382 quo

1513 2422 1562 2458 a.
1602 2404 1708 2457 701
1750 2401 1975 2456 Crassus
2016 2417 2049 2455 a
2084 2400 2313 2456 Parthis
2346 2404 2471 2455 erat
2507 2401 2648 2456 occi-

1405 2433 1411 2546 Ι
1513 2508 1623 2545 sus.
1662 2490 1737 2545 M.
1764 2488 2063 2561 Vipsanius
2093 2490 2353 2561 Agrippa
2384 2490 2445 2543 in
2469 2489 2647 2560 Aqui-

1405 2572 1410 2582 ’
1513 2579 1671 2634 tania
1724 2596 1841 2633 rem
1892 2594 2157 2649 prospere
2201 2577 2366 2649 gerit,
2421 2580 2649 2649 gentem

1406 2703 1410 2728 ι
1512 2667 1785 2723 Ubiorum
1832 2666 2088 2721 Rhenum
2134 2672 2538 2737 transgressam
2587 2666 2649 2720 in

1512 2756 1680 2811 fidem
1722 2756 1943 2826 accipit.

303 2842 432 2895 717.
571 2838 658 2895 28.
784 2839 1162 2911 M.Vipsanius
1176 2843 1382 2913 Agrip-
1442 2845 1711 2900 Horatius
1748 2861 1876 2900 cum
1892 2843 2215 2898 Maecenate
2245 2842 2501 2913 Vergilio
2538 2840 2648 2899 Va-

819 2948 894 3000 pa
907 2930 1247 2985 L.Caninius
1255 2930 1382 2985 Gal-
1512 2934 1600 2988 rio
1638 2934 1765 2988 aliis
1788 2931 2151 2987 Brundisium
2184 2932 2502 3003 profectus;
2537 2930 2647 2987 iter

819 3018 924 3073 lus.
962 3019 1029 3072 In
1054 3020 1173 3074 eius
1201 3020 1383 3075 locum
1513 3022 1857 3092 descriptum
1900 3020 2017 3075 Sat.
2065 3021 2111 3089 1,
2158 3022 2207 3075 5.
2283 3019 2503 3075 Foedus
2540 3018 2643 3074 Ta·

821 3103 944 3159 suff.
1003 3102 1069 3159 T.
1128 3104 1384 3160 Statilius
1513 3112 1799 3165 rentinum
1838 3110 1987 3165 inter
2027 3109 2397 3165 Octavianum
2434 3112 2493 3163 et
2528 3110 2643 3163 An·

819 3192 1054 3248 Taurus.
1407 3169 1414 3234 Ι
1513 3198 1757 3259 tonium:
1785 3198 2179 3252 triumviratus
2198 3197 2257 3251 in
2278 3196 2525 3265 quinque
2547 3214 2643 3250 an-

1514 3303 1615 3341 nos
1636 3286 2009 3341 continuatur.
2045 3285 2137 3340 Ab
2158 3285 2355 3340 Asinio
2386 3284 2643 3339 Pollione

1512 3375 1701 3444 prima
1720 3372 1931 3428 Romae
1953 3372 2296 3428 bibliotheca
2331 3371 2641 3442 publicata.

569 3454 658 3507 29.
784 3456 846 3513 L.
865 3456 1076 3513 Gellius
1093 3459 1386 3515 Publicola
1442 3460 1606 3517 Victo
1643 3461 1815 3516 Sexto
1838 3460 2106 3531 Pompeio
2148 3460 2489 3516 Octavianus
2530 3459 2640 3515 Ro-

819 3546 894 3599 M.
913 3546 1170 3603 Cocceius
1182 3548 1382 3603 Nerva.
1514 3568 1664 3607 mam
1692 3568 1949 3607 reversus
1976 3548 2194 3621 magnis
2219 3548 2523 3604 honoribus
2548 3567 2640 3604 ex·

307 3455 433 3508 718.

1513 3640 1739 3710 cipitur.
1807 3640 1866 3695 C.
1904 3638 2117 3693 Cilnius
2154 3636 2447 3693 Maecenas
2484 3637 2640 3693 urbis

1513 3728 1781 3784 custodiis
1815 3727 2188 3799 praepositus.
2243 3724 2316 3780 M.
2356 3724 2640 3779 Antonius

1404 3811 1410 3860 !
1510 3817 1737 3871 Parthis
1772 3816 1983 3873 bellum
2020 3815 2211 3883 infert,
2258 3813 2453 3869 eodem
2492 3830 2638 3868 anno

1403 3885 1410 3954 l
1510 3904 1677 3959 rebus
1726 3904 2028 3959 infeliciter
2075 3904 2249 3976 gestis
2298 3901 2371 3957 ad
2410 3901 2639 3972 Cleopa·

1403 3973 1408 4059 Ι
1511 3999 1661 4049 tram
1698 3994 1860 4050 redit.

573 4084 659 4138 80.
781 4083 844 4137 1..
870 4084 1195 4139 Cornificius
1227 4084 1377 4139 Sext.
1403 4068 1408 4138 Ι
1438 4082 1728 4145 Prahates,
1753 4101 1852 4138 rex
1874 4080 2231 4149 Parthorum,
2256 4080 2490 4149 propter
2514 4094 2637 4133 cru·

816 4171 1111 4243 Pompeius
1147 4172 1225 4227 fil.
1403 4181 1408 4258 J
1510 4171 1802 4225 delitatem
1856 4184 2031 4239 regno
2084 4166 2304 4235 eicitur,
2360 4164 2511 4235 quod
2566 4166 2637 4221 ad

1401 4261 1408 4366 l
1510 4258 1832 4314 Teridatem
1868 4255 2140 4327 pervenit.
2180 4255 2383 4310 Caesar
2410 4254 2637 4324 Illyrico

305 4084 434 4136 719.

1512 4353 1571 4403 et
1588 4346 1909 4402 Pannoniae
1948 4344 2157 4399 bellum
2202 4343 2389 4397 infert.
2420 4373 2485 4383 —
2526 4342 2638 4398 Ho-

1401 4442 1408 4514 ζ
1510 4436 1689 4491 ratius
1708 4436 1951 4506 primum
1963 4432 2277 4488 Satirarum
2296 4431 2503 4487 librum
2523 4431 2636 4487 edi-

1403 4543 1410 4609 1
1509 4524 1657 4579 disse
1698 4523 1939 4578 videtur.

569 4616 657 4668 m.
785 4612 860 4667 M.
888 4613 1166 4669 Antonius
1203 4614 1274 4668 Π.
1312 4613 1410 4667 L.=
1446 4611 1727 4667 Antonius
1776 4608 2163 4675 Artavasdem,
2208 4608 2509 4663 Armeniae
2552 4624 2637 4661 re·
