3092 5059
1136 209 1298 277 LIB.
1341 210 1394 277 1.
1435 206 1622 277 SAT.
1668 208 1785 275 ΠΙ.

370 399 464 475 Et
516 400 652 500 qui
703 412 1121 475 nocturnus
1175 424 1390 475 sacra
1444 398 1707 473 divum
1758 397 2059 495 legerit.

2544 209 2669 275 367

2166 395 2395 471 Adsit

371 523 692 621 Regula,
743 525 1070 623 peccatis
1127 550 1322 623 quae
1373 548 1659 623 poenas
1709 522 2003 619 irroget
2047 547 2353 620 aequas,

373 648 491 724 Ne
547 650 830 725 scutica
879 648 1201 746 dignum
1255 646 1613 723 horribili
1664 658 1953 723 sectere
2000 644 2337 743 flagello,

276 806 350 847 120
373 773 569 848 Nam
622 788 708 847 ut
759 772 1012 849 ferula
1065 771 1338 848 caedas
1389 771 1746 847 meritum
1802 771 2094 847 maiora
2146 770 2405 846 subire

380 898 752 989 Verbera,
804 923 956 973 non
1012 922 1309 992 vereor,
1357 922 1530 971 cum
1585 895 1793 972 dicas
1844 921 2008 973 esse
2056 922 2284 995 pares
2334 920 2455 970 res

378 1022 618 1097 Furta
671 1021 1090 1097 latrociniis
1146 1033 1224 1097 et
1275 1021 1575 1118 magnis
1626 1046 1869 1121 parva
1912 1020 2223 1097 mineris

379 1145 616 1223 Falce
666 1147 1092 1222 recisurum
1146 1144 1382 1220 simili
1433 1159 1530 1241 te,
1585 1145 1651 1221 si
1704 1146 1847 1221 tibi
1888 1170 2213 1243 regnum

377 1271 832 1347 Permittant
879 1271 1256 1347 homines.

1363 1268 1446 1347 Si
1495 1270 1733 1367 dives,
1790 1271 1924 1370 qui
1973 1271 2278 1367 sapiens
2332 1284 2465 1369 est,

283 1431 355 1472 ιω
381 1396 480 1471 Et
529 1409 742 1472 sutor
786 1398 1034 1473 bonus
1089 1410 1164 1473 et
1219 1397 1426 1472 solus
1481 1397 1865 1472 formosus
1917 1408 1993 1472 et
2042 1411 2158 1473 est
2206 1424 2377 1493 rex3

385 1520 544 1597 Cur
573 1534 787 1620 optas
815 1521 1026 1621 quod
1065 1520 1355 1598 habes?
1390 1522 1508 1618 „N
1512 1547 1613 1597 on
1634 1523 1855 1617 nosti,
1882 1522 2069 1621 quid
2105 1520 2371 1619 pater“
2402 1522 2677 1621 inquit,

383 1647 913 1746 „Chrysippus
967 1646 1208 1722 dicat:
1263 1646 1581 1743 Sapiens
1634 1646 1987 1743 crepidas
2037 1647 2187 1722 sibi
2237 1673 2627 1748 nunquam

383 1774 544 1849 Nec
595 1772 842 1848 soleas
889 1774 1098 1868 fecit,
1152 1786 1366 1849 sutor
1407 1785 1665 1847 tamen
1711 1784 1824 1848 est
1874 1767 2252 1869 sapiens.“
2358 1772 2565 1865 Qui?

385 1898 530 1993 „Ut
583 1897 931 1996 quamvis
985 1910 1186 1973 tacet
1213 1897 1773 1994 Hermogenes,
1828 1908 2093 1973 cantor
2143 1910 2397 1972 tamen
2450 1909 2682 1998 atque

285 2057 363 2098 ιω
390 2022 745 2121 Optimus
798 2034 910 2097 est
957 2022 1427 2120 modulator3
1485 2036 1571 2099 ut
1622 2020 1950 2099 Alfenus
2002 2023 2220 2097 vafer
2272 2024 2481 2098 omni

387 2146 713 2223 Abiecto
765 2147 1272 2223 instrumento
1327 2147 1507 2223 artis
1560 2146 1971 2245 clausaque
2022 2147 2341 2223 taberna

283 2431 396 2476 ros,
412 2410 635 2484 flagello
657 2416 846 2467 autem
865 2412 1012 2466 servi
1035 2412 1431 2482 puniebantur.

285 2485 468 2555 Epod.
490 2488 540 2550 4,
563 2486 644 2537 11.
671 2512 738 2523 —
769 2484 916 2538 Nam
939 2489 1002 2538 ut
1023 2482 1229 2554 ferula]
1258 2485 1436 2553 „Nam

285 2574 357 2611 ne
379 2556 642 2639 graviora
665 2554 972 2610 lenioribus
997 2556 1194 2626 poenis
1221 2574 1435 2611 coerce·

287 2626 1433 2768 &alnffi‘lfg'gissffinlmlnoess{ffissssiffii‘

1423 2738 1440 2766 9

289 2789 457 2841 quam
495 2776 556 2824 tu
591 2770 708 2824 noli
747 2769 1084 2841 coniungere
1109 2788 1236 2825 cum
1265 2770 1436 2826 verbo

284 2858 482 2898 vereor.
578 2841 680 2895 Cui
735 2842 905 2896 verbo
970 2859 1095 2896 cum
1158 2841 1438 2896 addideris

289 2912 445 2983 ίῖῑιιά,
482 2913 668 2967 omnia
703 2912 844 2967 bene
880 2930 939 2967 se
983 2914 1194 2968 habent
1233 2914 1306 2969 sd
1345 2932 1436 2968 ex-

289 2986 534 3111 {3¹⁸3
546 2984 1064 3110 diffiiufioessfffiee
1081 2985 1438 3111 -oenssg‘2233

291 3128 493 3184 Roscio
565 3131 754 3197 potest
812 3095 956 3182 illud
1029 3097 1254 3197 quidem
1323 3074 1440 3183 ἔξω

291 3200 511 3257 falsum.
559 3203 623 3253 ut
668 3198 1086 3270 circumligatus
1133 3198 1308 3254 fuerit
1343 3218 1438 3255 sn-

291 3272 414 3342 gui3
491 3270 588 3325 sed
652 3274 714 3325 ut
774 3271 832 3325 in
893 3270 1048 3327 cunis
1107 3270 1284 3326 fuerit
1344 3289 1439 3327 an-

331 3342 432 3406 uis,
471 3360 584 3397 non
619 3346 734 3397 tam
771 3346 856 3396 est
892 3342 1148 3397 mirum.“
1214 3341 1284 3398 cf.
1313 3342 1440 3397 Liv.

289 3360 544 3480 {XVIIL
585 3414 678 3467 22:
729 3413 918 3481 „Nihil
954 3414 1136 3468 minus
1173 3432 1340 3485 quam
1377 3420 1442 3468 ut

290 3484 486 3557 egredi
556 3483 846 3539 moenibus
911 3486 1182 3541 auderent
1251 3486 1440 3541 timeri

291 3556 566 3627 poterat.“
620 3585 687 3595 —
743 3556 899 3622 furta
943 3557 1282 3626 latrociniis]
1333 3558 1442 3612 Ds-

291 3630 444 3682 tivus
496 3644 790 3697 suspensus
837 3632 922 3682 est
965 3645 1000 3681 a
1043 3645 1096 3682 v.
1137 3644 1320 3699 pares,
1380 3633 1443 3684 ut

295 3700 636 3755 constructio
674 3698 878 3753 evadat
915 3700 1084 3768 paulo
1130 3702 1442 3755 contortior

294 3788 427 3841 pro:
475 3788 602 3825 cum
637 3769 790 3825 dicas
823 3788 986 3839 pares
1024 3788 1112 3825 res
1149 3788 1266 3826 esse
1294 3772 1446 3827 furta.

291 3848 352 3898 et
394 3841 704 3907 latrocinia,
740 3841 859 3897 vel:
920 3860 1048 3897 cum
1091 3842 1244 3897 dicas
1284 3845 1446 3913 paris.

295 3932 412 3971 esse
437 3914 593 3969 furta
628 3912 954 3967 latrociniis.
984 3942 1049 3953 --
1075 3914 1292 3985 maqnis
1307 3932 1443 3985 par-

291 3984 388 4055 va]
427 3984 566 4039 Vide
602 4002 768 4053 quem
807 3984 880 4038 sit
904 3983 1092 4039 brevis
1129 3991 1189 4039 et
1222 3988 1446 4041 concisa.

292 4058 486 4127 lingua
521 4056 743 4111 Latina.
817 4054 999 4110 Simili
1042 4056 1192 4111 enim
1227 4059 1448 4113 ratione

295 4132 464 4197 atque
509 4146 592 4197 ea,
643 4144 808 4195 quam
848 4126 920 4181 ed
958 4128 1138 4183 Carm.
1175 4128 1248 4196 ΙΙ,
1286 4132 1339 4197 6,
1381 4130 1448 4183 14

293 4198 746 4267 observavimus,
820 4197 957 4253 haec
1030 4200 1217 4269 posits
1287 4206 1443 4255 sunt:

296 4289 510 4341 „parva
546 4268 776 4325 mineris
827 4270 998 4325 simili
1036 4277 1092 4325 te
1128 4272 1273 4327 falce
1307 4273 1444 4327 reci-

291 4360 485 4397 surum
523 4342 574 4397 ei
617 4342 751 4396 falci
802 4359 914 4410 qus
963 4343 1218 4413 msgna.“
1291 4342 1446 4399 Reci-

292 4414 418 4470 dere
461 4418 546 4468 est
587 4414 764 4469 nimis.
807 4417 864 4467 et
911 4414 1278 4469 exuberantis
1327 4433 1446 4471 cse-

293 4485 478 4541 dendo
534 4503 654 4541 rem
704 4484 776 4539 ed
829 4484 1039 4539 iustum
1083 4484 1311 4541 modum
1361 4504 1445 4541 re-

292 4556 513 4614 ducere.
555 4586 620 4597 -
657 4555 906 4629 refluum]
944 4556 1124 4627 Epist.
1164 4558 1208 4618 Ι,
1251 4560 1298 4621 1,
1342 4560 1444 4613 106

1529 2430 1649 2483 sqq.
1701 2412 1809 2468 Cic.
1847 2411 2019 2467 Acad.
2063 2412 2135 2480 ΙΙ,
2173 2414 2270 2465 44:
2309 2412 2685 2480 „Xenocrates

1530 2490 1588 2538 et
1625 2484 1959 2539 Aristoteles
2005 2502 2253 2553 unquam
2299 2484 2551 2539 dicerent
2600 2501 2683 2537 sa-

1530 2556 1749 2625 pientes
1785 2556 1933 2611 solos
1972 2556 2171 2626 reges?
2242 2555 2391 2610 solos
2438 2555 2683 2610 divites?

1530 2626 1677 2681 solos
1714 2626 2027 2682 formosos?
2072 2628 2260 2682 omnis
2298 2644 2443 2696 quae
2476 2627 2687 2695 ubique

1530 2704 1730 2767 essent,
1766 2698 2035 2769 sapientis
2071 2716 2189 2755 esse
2198 2700 2260 2754 ‘?“
2299 2697 2585 2754 Plutarch.
2616 2698 2689 2753 de

1530 2774 1715 2839 tranq.
1737 2787 1825 2825 su.
1850 2772 1940 2824 12:
1983 2763 2181 2840 ,ξἘνι-οι
2217 2767 2343 2830 τοὺς
2375 2771 2487 2841 μὲν
2510 2774 2690 2823 Στωϊ-

1530 2842 1661 2901 κοὺς
1709 2848 1913 2896 οἴονται.
1960 2846 2189 2908 παίζειν,
2241 2836 2376 2896 ὅταν
2412 2837 2690 2895 ἀκούσωσι

1531 2910 1630 2970 τὸν
1692 2912 1877 2986 σοφὸν
1939 2914 2070 2983 παρ’
2132 2910 2314 2975 αὐτοῖς
2371 2914 2453 2985 μὴ
2554 2909 2689 2968 όνον

1533 2981 1818 3073 φρόνιμον
1870 2988 1963 3038 καὶ
2008 2984 2224 3041 δίκαιον
2274 2988 2367 3038 καὶ
2410 2934 2551 3055 &aasz

1532 3055 1669 3111 αλλὰ
1714 3062 1807 3109 καὶ
1856 3052 2055 3127 ῥήτορα
2104 3060 2195 3111 καὶ
2246 3056 2552 3126 στρατηγὸν
2595 3059 2689 3109 καὶ

1533 3128 1765 3197 ποιητὴν
1828 3132 1919 3181 καὶ
1976 3122 2243 3183 πλούσιον
2307 3132 2403 3181 καὶ
2458 3130 2687 3195 βασιλέα

1533 3192 2097 3289 προςαῖορευόμενον,
2162 3197 2357 3259 αὐτοὺς
2420 3201 2484 3253 δὲ
2549 3193 2687 3253 πάν·

1532 3292 1646 3327 των
1693 3272 1899 3331 αξιοῦσι
1944 3266 2164 3339 τούτων,
2218 3264 2324 3324 κᾶν
2364 3271 2447 3342 μὴ
2490 3266 2687 3342 τυγχά-

1535 3361 1723 3412 νωσιν,
1780 3342 2090 3397 ἅνιῶνται.“
2188 3342 2448 3397 Ceterum
2506 3345 2689 3397 utitur

1533 3421 1703 3487 poete
1749 3415 1857 3469 hoc
1894 3413 2165 3469 vocabulo
2211 3414 2282 3467 ad
2322 3414 2563 3469 hilarem
2603 3430 2687 3467 ss·

1537 3489 1684 3543 tirse
1729 3487 1943 3541 exitum
1987 3486 2319 3555 parandum.
2379 3514 2445 3525 -
2500 3483 2689 3624 optas}

1536 3578 1607 3615 sc.
1670 3575 1921 3629 regnum.
1981 3586 2047 3597 ——
2105 3562 2269 3626 pater
2329 3554 2671 3625 Chrysippus

1539 3632 1610 3685 cf.
1638 3629 1752 3685 Sat..
1781 3629 1855 3696 11,
1892 3630 1945 3698 3,
1979 3631 2065 3682 44.
2090 3629 2214 3682 287.
2248 3628 2429 3697 Epist.
2456 3628 2502 3696 Ι,
2532 3628 2613 3691 19,
2635 3629 2689 3710 J.

1537 3706 1612 3757 Et
1666 3698 1747 3773 μὴ
1805 3691 1873 3766 ἦν
1933 3693 2292 3769 Χρύσιππος,
2346 3695 2445 3753 οὐκ
2500 3691 2570 3752 ἂν
2621 3716 2691 3762 ην

1539 3768 1708 3827 Στοά.
1746 3772 1910 3843 Diog.
1934 3772 2123 3827 Laert-
2150 3770 2275 3840 Vll,
2304 3773 2422 3825 183.
2444 3799 2513 3809 —-
2552 3768 2689 3823 Her·

1536 3842 1801 3916 moyenes]
1857 3843 1984 3897 vide
2038 3844 2112 3898 sd
2155 3842 2270 3898 Sat.
2308 3842 2351 3909 Ι,
2386 3845 2439 3910 2,
2476 3844 2525 3895 3.
2598 3839 2691 3893 Ti·

1537 3916 1696 3987 gellii
1747 3914 1909 3970 Sardi
1962 3914 2113 3969 filius
2162 3914 2461 3983 adoptivus
2521 3912 2693 3966 fuisse

1538 3989 1778 4043 videtur.
1854 3985 1971 4041 Sat.
2020 3987 2074 4055 Ι,
2113 3989 2165 4055 9,
2203 3990 2287 4041 25.
2336 4014 2401 4024 -
2458 3984 2691 4051 Alfenus

1538 4058 1719 4129 vafer]
1770 4057 2035 4127 „Urbane
2080 4058 2216 4113 setis
2251 4056 2513 4112 Alfenum
2562 4054 2689 4109 Cre·-

1538 4147 1859 4186 monensem
1902 4128 2139 4198 deridet,
2187 4129 2285 4198 qui
2331 4128 2551 4183 abiecta
2603 4142 2691 4179 su·

1539 4202 1692 4257 trina
1734 4218 1904 4271 quam
1950 4201 2011 4255 in
2054 4200 2359 4269 municipio
2398 4216 2499 4253 suo
2537 4214 2692 4253 exer-

1541 4279 1735 4329 cuerat
1798 4272 2036 4327 Romam
2092 4272 2249 4327 venit-
2309 4289 2367 4326 m
2448 4271 2693 4337 ‘atroque

1543 4362 1673 4399 usus
1734 4343 1851 4399 Ser.
1902 4342 2151 4413 Sulpicio
2209 4342 2359 4398 Rufo
2450 4342 2553 4397 Cto
2620 4340 2693 4395 ad

1541 4420 1753 4471 tantem
1802 4417 2063 4485 pervenit
2098 4415 2407 4482 scientium,
2452 4417 2518 4467 ut
2564 4430 2691 4468 con·

1542 4488 1787 4542 sulatum
1844 4492 2067 4557 gereret
2114 4492 2171 4541 et
2218 4486 2445 4556 publico
2498 4484 2695 4540 funere

1543 4558 1890 4615 efferretur.“
1944 4558 2127 4615 Schol.
2181 4558 2370 4629 Apud·
2390 4556 2695 4627 Oruquium

2554 2991 2686 3051 εἴον,
2748 2986 2759 2998 “
