<?xml version="1.0" encoding="UTF-8"?>
<!DOCTYPE html PUBLIC "-//W3C//DTD XHTML 1.0 Transitional//EN"
    "http://www.w3.org/TR/xhtml1/DTD/xhtml1-transitional.dtd">
<html xmlns="http://www.w3.org/1999/xhtml" xml:lang="en" lang="en">
 <head>
  <title>
</title>
<meta http-equiv="Content-Type" content="text/html;charset=utf-8" />
  <meta name='ocr-system' content='tesseract 3.04.00' />
  <meta name='ocr-capabilities' content='ocr_page ocr_carea ocr_par ocr_line ocrx_word'/>
</head>
<body>
  <div class='ocr_page' id='page_1' title='image "./qhoratiiflaccio05unkngoog/qhoratiiflaccio05unkngoog_0128.png"; bbox 0 0 3092 5059; ppageno 0'>
   <div class='ocr_carea' id='block_1_1' title="bbox 461 214 1877 283">
    <p class='ocr_par' dir='ltr' id='par_1_1' title="bbox 461 214 1877 283">
     <span class='ocr_line' id='line_1_1' title="bbox 461 214 1877 283; baseline 0.004 -4"><span class='ocrx_word' id='word_1_1' title='bbox 461 214 544 279; x_wconf 88' lang='grc'><strong>98</strong></span> <span class='ocrx_word' id='word_1_2' title='bbox 1419 215 1877 283; x_wconf 76' lang='lat' dir='ltr'>CARMINUM</span> 
     </span>
    </p>
   </div>
   <div class='ocr_carea' id='block_1_2' title="bbox 783 400 2243 752">
    <p class='ocr_par' dir='ltr' id='par_1_2' title="bbox 783 400 2243 752">
     <span class='ocr_line' id='line_1_2' title="bbox 783 400 2235 500; baseline 0.004 -30"><span class='ocrx_word' id='word_1_3' title='bbox 783 434 832 472; x_wconf 80' lang='grc' dir='ltr'><strong>ιο</strong></span> <span class='ocrx_word' id='word_1_4' title='bbox 867 400 1207 499; x_wconf 85' lang='lat' dir='ltr'><strong>Fortuna</strong></span> <span class='ocrx_word' id='word_1_5' title='bbox 1258 402 1528 500; x_wconf 83' lang='lat' dir='ltr'><strong>vitem3</strong></span> <span class='ocrx_word' id='word_1_6' title='bbox 1586 402 1801 479; x_wconf 80' lang='lat' dir='ltr'><strong>dives</strong></span> <span class='ocrx_word' id='word_1_7' title='bbox 1858 414 1932 479; x_wconf 89' lang='lat' dir='ltr'><strong>et</strong></span> <span class='ocrx_word' id='word_1_8' title='bbox 1982 401 2235 478; x_wconf 87' lang='lat' dir='ltr'><strong>aureis</strong></span> 
     </span>
     <span class='ocr_line' id='line_1_3' title="bbox 957 526 2053 605; baseline 0 -2"><span class='ocrx_word' id='word_1_9' title='bbox 957 526 1347 604; x_wconf 81' lang='lat' dir='ltr'>Mercator</span> <span class='ocrx_word' id='word_1_10' title='bbox 1397 528 1724 605; x_wconf 76' lang='lat' dir='ltr'><strong>exsiccet</strong></span> <span class='ocrx_word' id='word_1_11' title='bbox 1769 526 2053 604; x_wconf 78' lang='lat' dir='ltr'><strong>culillis</strong></span> 
     </span>
     <span class='ocr_line' id='line_1_4' title="bbox 1059 651 2243 752; baseline 0.002 -26"><span class='ocrx_word' id='word_1_12' title='bbox 1059 652 1264 728; x_wconf 88' lang='lat' dir='ltr'><strong>Vina</strong></span> <span class='ocrx_word' id='word_1_13' title='bbox 1316 651 1508 751; x_wconf 84' lang='lat' dir='ltr'><strong>Syra</strong></span> <span class='ocrx_word' id='word_1_14' title='bbox 1559 664 1919 752; x_wconf 86' lang='lat' dir='ltr'><strong>reparata</strong></span> <span class='ocrx_word' id='word_1_15' title='bbox 1970 677 2243 749; x_wconf 88' lang='lat' dir='ltr'><strong>merce,</strong></span> 
     </span>
    </p>
   </div>
   <div class='ocr_carea' id='block_1_3' title="bbox 858 802 2485 1027">
    <p class='ocr_par' dir='ltr' id='par_1_3' title="bbox 858 802 2485 1027">
     <span class='ocr_line' id='line_1_5' title="bbox 858 802 2485 903; baseline 0 -27"><span class='ocrx_word' id='word_1_16' title='bbox 858 802 990 877; x_wconf 81' lang='lat' dir='ltr'><strong>Dis</strong></span> <span class='ocrx_word' id='word_1_17' title='bbox 1045 829 1264 879; x_wconf 87' lang='lat' dir='ltr'><strong>carus</strong></span> <span class='ocrx_word' id='word_1_18' title='bbox 1313 804 1527 902; x_wconf 81' lang='lat' dir='ltr'><strong>ipsis,</strong></span> <span class='ocrx_word' id='word_1_19' title='bbox 1575 803 1869 903; x_wconf 89' lang='lat' dir='ltr'><strong>quippe</strong></span> <span class='ocrx_word' id='word_1_20' title='bbox 1919 815 2037 877; x_wconf 92' lang='lat' dir='ltr'><strong>ter</strong></span> <span class='ocrx_word' id='word_1_21' title='bbox 2089 816 2163 879; x_wconf 93' lang='lat' dir='ltr'><strong>et</strong></span> <span class='ocrx_word' id='word_1_22' title='bbox 2216 813 2485 903; x_wconf 80' lang='lat' dir='ltr'><strong>quater</strong></span> 
     </span>
     <span class='ocr_line' id='line_1_6' title="bbox 862 926 2351 1027; baseline 0.001 -25"><span class='ocrx_word' id='word_1_23' title='bbox 862 926 1098 1005; x_wconf 89' lang='lat' dir='ltr'><strong>Anno</strong></span> <span class='ocrx_word' id='word_1_24' title='bbox 1153 928 1488 1004; x_wconf 73' lang='lat' dir='ltr'>revisens</span> <span class='ocrx_word' id='word_1_25' title='bbox 1538 952 1830 1027; x_wconf 87' lang='lat' dir='ltr'><strong>aequor</strong></span> <span class='ocrx_word' id='word_1_26' title='bbox 1883 926 2351 1003; x_wconf 82' lang='lat' dir='ltr'><strong>Atlanticum</strong></span> 
     </span>
    </p>
   </div>
   <div class='ocr_carea' id='block_1_4' title="bbox 780 1052 1310 1153">
    <p class='ocr_par' dir='ltr' id='par_1_4' title="bbox 780 1052 1310 1153">
     <span class='ocr_line' id='line_1_7' title="bbox 780 1052 1310 1153; baseline 0.011 -30"><span class='ocrx_word' id='word_1_27' title='bbox 780 1081 828 1123; x_wconf 71' lang='grc' dir='ltr'><strong>ιε</strong></span> <span class='ocrx_word' id='word_1_28' title='bbox 962 1052 1310 1153; x_wconf 83' lang='lat' dir='ltr'><strong>Impune.</strong></span> 
     </span>
    </p>
   </div>
   <div class='ocr_carea' id='block_1_5' title="bbox 1415 1053 2249 1150">
    <p class='ocr_par' dir='ltr' id='par_1_5' title="bbox 1415 1053 2249 1150">
     <span class='ocr_line' id='line_1_8' title="bbox 1415 1053 2249 1150; baseline 0 -21"><span class='ocrx_word' id='word_1_29' title='bbox 1415 1054 1545 1131; x_wconf 90' lang='lat' dir='ltr'><strong>Me</strong></span> <span class='ocrx_word' id='word_1_30' title='bbox 1612 1065 1928 1150; x_wconf 82' lang='lat' dir='ltr'><strong>pascunt</strong></span> <span class='ocrx_word' id='word_1_31' title='bbox 1980 1053 2249 1149; x_wconf 81' lang='lat' dir='ltr'><strong>olivae,</strong></span> 
     </span>
    </p>
   </div>
   <div class='ocr_carea' id='block_1_6' title="bbox 1060 1176 2383 1277">
    <p class='ocr_par' dir='ltr' id='par_1_6' title="bbox 1060 1176 2383 1277">
     <span class='ocr_line' id='line_1_9' title="bbox 1060 1176 2383 1277; baseline -0.001 -23"><span class='ocrx_word' id='word_1_32' title='bbox 1060 1178 1190 1254; x_wconf 91' lang='lat' dir='ltr'><strong>Me</strong></span> <span class='ocrx_word' id='word_1_33' title='bbox 1235 1178 1595 1255; x_wconf 84' lang='lat' dir='ltr'><strong>cichorea</strong></span> <span class='ocrx_word' id='word_1_34' title='bbox 1644 1176 2011 1277; x_wconf 80' lang='lat' dir='ltr'><strong>levesque</strong></span> <span class='ocrx_word' id='word_1_35' title='bbox 2062 1176 2383 1253; x_wconf 84' lang='lat' dir='ltr'><strong>malvae.</strong></span> 
     </span>
    </p>
   </div>
   <div class='ocr_carea' id='block_1_7' title="bbox 780 1328 2457 1804">
    <p class='ocr_par' dir='ltr' id='par_1_7' title="bbox 780 1328 2457 1804">
     <span class='ocr_line' id='line_1_10' title="bbox 860 1328 2114 1428; baseline 0.002 -27"><span class='ocrx_word' id='word_1_36' title='bbox 860 1328 1044 1403; x_wconf 84' lang='lat' dir='ltr'><strong>Frui</strong></span> <span class='ocrx_word' id='word_1_37' title='bbox 1093 1330 1380 1428; x_wconf 83' lang='lat' dir='ltr'><strong>paratis</strong></span> <span class='ocrx_word' id='word_1_38' title='bbox 1433 1342 1510 1405; x_wconf 91' lang='lat' dir='ltr'><strong>et</strong></span> <span class='ocrx_word' id='word_1_39' title='bbox 1561 1328 1819 1405; x_wconf 85' lang='lat' dir='ltr'><strong>valido</strong></span> <span class='ocrx_word' id='word_1_40' title='bbox 1876 1328 2114 1425; x_wconf 55' lang='lat' dir='ltr'><strong>mihis</strong></span> 
     </span>
     <span class='ocr_line' id='line_1_11' title="bbox 862 1452 2228 1552; baseline 0.001 -24"><span class='ocrx_word' id='word_1_41' title='bbox 862 1452 1128 1549; x_wconf 73' lang='lat' dir='ltr'><strong>Latoe,</strong></span> <span class='ocrx_word' id='word_1_42' title='bbox 1180 1452 1420 1529; x_wconf 82' lang='lat' dir='ltr'><strong>dones</strong></span> <span class='ocrx_word' id='word_1_43' title='bbox 1472 1466 1547 1529; x_wconf 93' lang='lat' dir='ltr'><strong>et</strong></span> <span class='ocrx_word' id='word_1_44' title='bbox 1597 1479 1874 1552; x_wconf 89' lang='lat' dir='ltr'><strong>precor</strong></span> <span class='ocrx_word' id='word_1_45' title='bbox 1923 1453 2228 1551; x_wconf 85' lang='lat' dir='ltr'><strong>integra</strong></span> 
     </span>
     <span class='ocr_line' id='line_1_12' title="bbox 966 1578 2457 1679; baseline -0.002 -21"><span class='ocrx_word' id='word_1_46' title='bbox 966 1578 1160 1658; x_wconf 88' lang='lat' dir='ltr'><strong>Cum</strong></span> <span class='ocrx_word' id='word_1_47' title='bbox 1215 1591 1475 1655; x_wconf 90' lang='lat' dir='ltr'><strong>mente</strong></span> <span class='ocrx_word' id='word_1_48' title='bbox 1522 1604 1667 1655; x_wconf 91' lang='lat' dir='ltr'><strong>nec</strong></span> <span class='ocrx_word' id='word_1_49' title='bbox 1716 1592 2021 1679; x_wconf 84' lang='lat' dir='ltr'><strong>turpem</strong></span> <span class='ocrx_word' id='word_1_50' title='bbox 2075 1590 2457 1655; x_wconf 82' lang='lat' dir='ltr'><strong>senectam</strong></span> 
     </span>
     <span class='ocr_line' id='line_1_13' title="bbox 780 1705 2363 1804; baseline -0.002 -23"><span class='ocrx_word' id='word_1_51' title='bbox 780 1740 832 1781; x_wconf 71' lang='lat' dir='ltr'><strong>m</strong></span> <span class='ocrx_word' id='word_1_52' title='bbox 1063 1706 1368 1804; x_wconf 83' lang='lat' dir='ltr'><strong>Degere</strong></span> <span class='ocrx_word' id='word_1_53' title='bbox 1419 1730 1561 1784; x_wconf 90' lang='lat' dir='ltr'><strong>nec</strong></span> <span class='ocrx_word' id='word_1_54' title='bbox 1613 1705 1902 1781; x_wconf 84' lang='lat' dir='ltr'><strong>cithara</strong></span> <span class='ocrx_word' id='word_1_55' title='bbox 1954 1718 2363 1781; x_wconf 89' lang='lat' dir='ltr'><strong>carentem.</strong></span> 
     </span>
    </p>
   </div>
   <div class='ocr_carea' id='block_1_8' title="bbox 462 1951 1614 4237">
    <p class='ocr_par' dir='ltr' id='par_1_8' title="bbox 462 1951 1614 4237">
     <span class='ocr_line' id='line_1_14' title="bbox 465 1951 1612 2023; baseline -0.005 -13"><span class='ocrx_word' id='word_1_56' title='bbox 465 1970 581 2011; x_wconf 82' lang='lat' dir='ltr'><strong>eam</strong></span> <span class='ocrx_word' id='word_1_57' title='bbox 631 1952 911 2008; x_wconf 76' lang='lat' dir='ltr'><strong>abstinere</strong></span> <span class='ocrx_word' id='word_1_58' title='bbox 955 1956 1276 2023; x_wconf 85' lang='lat' dir='ltr'><strong>potuerunt.</strong></span> <span class='ocrx_word' id='word_1_59' title='bbox 1349 1951 1494 2005; x_wconf 84' lang='lat' dir='ltr'><strong>Vide</strong></span> <span class='ocrx_word' id='word_1_60' title='bbox 1540 1951 1612 2005; x_wconf 83' lang='lat' dir='ltr'><strong>ad</strong></span> 
     </span>
     <span class='ocr_line' id='line_1_15' title="bbox 467 2023 1613 2093; baseline -0.003 -13"><span class='ocrx_word' id='word_1_61' title='bbox 467 2026 647 2080; x_wconf 81' lang='lat' dir='ltr'><strong>Garm.</strong></span> <span class='ocrx_word' id='word_1_62' title='bbox 687 2025 730 2093; x_wconf 95' lang='lat' dir='ltr'><strong>I,</strong></span> <span class='ocrx_word' id='word_1_63' title='bbox 768 2028 818 2089; x_wconf 81' lang='lat'><strong>3,</strong></span> <span class='ocrx_word' id='word_1_64' title='bbox 856 2025 907 2077; x_wconf 89' lang='grc'><strong>6.</strong></span> <span class='ocrx_word' id='word_1_65' title='bbox 946 2024 1190 2079; x_wconf 63' lang='lat' dir='ltr'><strong>Remea-e</strong></span> <span class='ocrx_word' id='word_1_66' title='bbox 1222 2028 1408 2077; x_wconf 82' lang='lat' dir='ltr'><strong>autem</strong></span> <span class='ocrx_word' id='word_1_67' title='bbox 1435 2023 1613 2077; x_wconf 83' lang='lat' dir='ltr'><strong>vitem</strong></span> 
     </span>
     <span class='ocr_line' id='line_1_16' title="bbox 467 2094 1611 2166; baseline -0.003 -15"><span class='ocrx_word' id='word_1_68' title='bbox 467 2102 552 2151; x_wconf 78' lang='lat' dir='ltr'><strong>est</strong></span> <span class='ocrx_word' id='word_1_69' title='bbox 587 2101 789 2166; x_wconf 85' lang='lat' dir='ltr'><strong>putare</strong></span> <span class='ocrx_word' id='word_1_70' title='bbox 824 2096 1015 2158; x_wconf 85' lang='lat' dir='ltr'><strong>vitem,</strong></span> <span class='ocrx_word' id='word_1_71' title='bbox 1051 2094 1285 2149; x_wconf 85' lang='lat' dir='ltr'><strong>nimiam</strong></span> <span class='ocrx_word' id='word_1_72' title='bbox 1321 2095 1611 2165; x_wconf 88' lang='lat' dir='ltr'><strong>pampino-</strong></span> 
     </span>
     <span class='ocr_line' id='line_1_17' title="bbox 465 2164 1611 2234; baseline -0.003 -11"><span class='ocrx_word' id='word_1_73' title='bbox 465 2186 592 2223; x_wconf 85' lang='lat' dir='ltr'><strong>rum</strong></span> <span class='ocrx_word' id='word_1_74' title='bbox 627 2167 905 2221; x_wconf 83' lang='lat' dir='ltr'><strong>luxuriem</strong></span> <span class='ocrx_word' id='word_1_75' title='bbox 943 2164 1089 2221; x_wconf 85' lang='lat' dir='ltr'><strong>falce</strong></span> <span class='ocrx_word' id='word_1_76' title='bbox 1132 2166 1421 2234; x_wconf 82' lang='lat' dir='ltr'><strong>putatoria</strong></span> <span class='ocrx_word' id='word_1_77' title='bbox 1465 2183 1611 2220; x_wconf 89' lang='lat' dir='ltr'><strong>com-</strong></span> 
     </span>
     <span class='ocr_line' id='line_1_18' title="bbox 505 2237 1611 2309; baseline -0.005 -14"><span class='ocrx_word' id='word_1_78' title='bbox 505 2257 706 2295; x_wconf 79' lang='lat' dir='ltr'><strong>escere.</strong></span> <span class='ocrx_word' id='word_1_79' title='bbox 780 2238 848 2294; x_wconf 86' lang='lat' dir='ltr'><strong>cf.</strong></span> <span class='ocrx_word' id='word_1_80' title='bbox 911 2237 1079 2309; x_wconf 86' lang='lat' dir='ltr'><strong>Verg.</strong></span> <span class='ocrx_word' id='word_1_81' title='bbox 1140 2237 1340 2307; x_wconf 85' lang='lat' dir='ltr'><strong>Georg.</strong></span> <span class='ocrx_word' id='word_1_82' title='bbox 1396 2237 1438 2300; x_wconf 91' lang='grc' dir='ltr'><strong>Ι,</strong></span> <span class='ocrx_word' id='word_1_83' title='bbox 1490 2239 1611 2291; x_wconf 79' lang='grc'><strong>157.</strong></span> 
     </span>
     <span class='ocr_line' id='line_1_19' title="bbox 517 2308 1610 2377; baseline -0.003 -12"><span class='ocrx_word' id='word_1_84' title='bbox 517 2310 626 2365; x_wconf 87' lang='lat' dir='ltr'><strong>vid.</strong></span> <span class='ocrx_word' id='word_1_85' title='bbox 677 2310 813 2365; x_wconf 84' lang='lat' dir='ltr'><strong>Met.</strong></span> <span class='ocrx_word' id='word_1_86' title='bbox 864 2308 1012 2377; x_wconf 88' lang='lat' dir='ltr'>XIV,</span> <span class='ocrx_word' id='word_1_87' title='bbox 1059 2309 1182 2362; x_wconf 81' lang='lat'><strong>628.</strong></span> <span class='ocrx_word' id='word_1_88' title='bbox 1269 2308 1470 2363; x_wconf 81' lang='lat' dir='ltr'><strong>Calena</strong></span> <span class='ocrx_word' id='word_1_89' title='bbox 1517 2308 1610 2362; x_wconf 88' lang='lat' dir='ltr'><strong>ad-</strong></span> 
     </span>
     <span class='ocr_line' id='line_1_20' title="bbox 462 2379 1611 2452; baseline -0.003 -16"><span class='ocrx_word' id='word_1_90' title='bbox 462 2383 731 2437; x_wconf 87' lang='lat' dir='ltr'><strong>iectivum</strong></span> <span class='ocrx_word' id='word_1_91' title='bbox 790 2398 893 2452; x_wconf 92' lang='lat' dir='ltr'><strong>per</strong></span> <span class='ocrx_word' id='word_1_92' title='bbox 949 2380 1239 2451; x_wconf 87' lang='lat' dir='ltr'><strong>enallagen</strong></span> <span class='ocrx_word' id='word_1_93' title='bbox 1295 2381 1428 2433; x_wconf 78' lang='lat' dir='ltr'><strong>eatis</strong></span> <span class='ocrx_word' id='word_1_94' title='bbox 1501 2379 1611 2434; x_wconf 84' lang='lat' dir='ltr'><strong>fre-</strong></span> 
     </span>
     <span class='ocr_line' id='line_1_21' title="bbox 467 2448 1611 2524; baseline -0.002 -17"><span class='ocrx_word' id='word_1_95' title='bbox 467 2458 730 2524; x_wconf 88' lang='lat' dir='ltr'><strong>quentem</strong></span> <span class='ocrx_word' id='word_1_96' title='bbox 781 2470 814 2507; x_wconf 86' lang='lat' dir='ltr'><strong>a</strong></span> <span class='ocrx_word' id='word_1_97' title='bbox 857 2452 972 2507; x_wconf 84' lang='lat' dir='ltr'><strong>vite</strong></span> <span class='ocrx_word' id='word_1_98' title='bbox 1018 2456 1075 2506; x_wconf 89' lang='lat' dir='ltr'><strong>et</strong></span> <span class='ocrx_word' id='word_1_99' title='bbox 1120 2452 1251 2505; x_wconf 85' lang='lat' dir='ltr'><strong>vino</strong></span> <span class='ocrx_word' id='word_1_100' title='bbox 1303 2451 1372 2505; x_wconf 85' lang='lat' dir='ltr'><strong>ad</strong></span> <span class='ocrx_word' id='word_1_101' title='bbox 1411 2448 1611 2506; x_wconf 84' lang='lat' dir='ltr'><strong>falcem</strong></span> 
     </span>
     <span class='ocr_line' id='line_1_22' title="bbox 464 2522 1610 2592; baseline -0.002 -13"><span class='ocrx_word' id='word_1_102' title='bbox 464 2526 802 2579; x_wconf 78' lang='lat' dir='ltr'><strong>translatum</strong></span> <span class='ocrx_word' id='word_1_103' title='bbox 853 2528 954 2592; x_wconf 80' lang='lat' dir='ltr'><strong>est,</strong></span> <span class='ocrx_word' id='word_1_104' title='bbox 1003 2528 1068 2576; x_wconf 89' lang='lat' dir='ltr'><strong>ut</strong></span> <span class='ocrx_word' id='word_1_105' title='bbox 1115 2522 1292 2576; x_wconf 83' lang='lat' dir='ltr'><strong>Garm.</strong></span> <span class='ocrx_word' id='word_1_106' title='bbox 1344 2522 1391 2591; x_wconf 92' lang='grc' dir='ltr'><strong>Ι,</strong></span> <span class='ocrx_word' id='word_1_107' title='bbox 1431 2525 1516 2591; x_wconf 83' lang='lat'><strong>20,</strong></span> <span class='ocrx_word' id='word_1_108' title='bbox 1558 2524 1610 2577; x_wconf 83' lang='lat'><strong>9.</strong></span> 
     </span>
     <span class='ocr_line' id='line_1_23' title="bbox 464 2594 1611 2664; baseline -0.003 -14"><span class='ocrx_word' id='word_1_109' title='bbox 464 2596 565 2664; x_wconf 83' lang='grc' dir='ltr'><strong>ΠΙ,</strong></span> <span class='ocrx_word' id='word_1_110' title='bbox 611 2598 688 2661; x_wconf 84' lang='grc'><strong>16,</strong></span> <span class='ocrx_word' id='word_1_111' title='bbox 727 2597 812 2648; x_wconf 81' lang='grc'><strong>34.</strong></span> <span class='ocrx_word' id='word_1_112' title='bbox 852 2594 1034 2662; x_wconf 80' lang='lat' dir='ltr'><strong>Quare</strong></span> <span class='ocrx_word' id='word_1_113' title='bbox 1069 2594 1214 2647; x_wconf 89' lang='lat' dir='ltr'><strong>nihil</strong></span> <span class='ocrx_word' id='word_1_114' title='bbox 1247 2597 1331 2649; x_wconf 78' lang='lat' dir='ltr'><strong>est</strong></span> <span class='ocrx_word' id='word_1_115' title='bbox 1360 2612 1458 2648; x_wconf 90' lang='lat' dir='ltr'><strong>cur</strong></span> <span class='ocrx_word' id='word_1_116' title='bbox 1485 2612 1611 2648; x_wconf 89' lang='lat' dir='ltr'><strong>cum</strong></span> 
     </span>
     <span class='ocr_line' id='line_1_24' title="bbox 465 2664 1611 2723; baseline -0.003 -1"><span class='ocrx_word' id='word_1_117' title='bbox 465 2668 706 2723; x_wconf 81' lang='lat' dir='ltr'><strong>Miillero</strong></span> <span class='ocrx_word' id='word_1_118' title='bbox 730 2672 926 2721; x_wconf 85' lang='lat' dir='ltr'><strong>contra</strong></span> <span class='ocrx_word' id='word_1_119' title='bbox 956 2684 1146 2720; x_wconf 76' lang='lat' dir='ltr'><strong>omnes</strong></span> <span class='ocrx_word' id='word_1_120' title='bbox 1177 2666 1334 2720; x_wconf 84' lang='lat' dir='ltr'><strong>codd.</strong></span> <span class='ocrx_word' id='word_1_121' title='bbox 1357 2664 1611 2720; x_wconf 79' lang='lat' dir='ltr'><strong>Calenam</strong></span> 
     </span>
     <span class='ocr_line' id='line_1_25' title="bbox 466 2736 1610 2805; baseline -0.002 -12"><span class='ocrx_word' id='word_1_122' title='bbox 466 2739 692 2793; x_wconf 75' lang='lat' dir='ltr'><strong>scribae.</strong></span> <span class='ocrx_word' id='word_1_123' title='bbox 744 2768 810 2777; x_wconf 90' lang='lat'><strong>—</strong></span> <span class='ocrx_word' id='word_1_124' title='bbox 860 2738 1007 2792; x_wconf 78' lang='lat' dir='ltr'><strong>dives</strong></span> <span class='ocrx_word' id='word_1_125' title='bbox 1044 2738 1116 2805; x_wconf 83' lang='lat' dir='ltr'><strong>et]</strong></span> <span class='ocrx_word' id='word_1_126' title='bbox 1152 2736 1281 2793; x_wconf 81' lang='lat' dir='ltr'><strong>vide</strong></span> <span class='ocrx_word' id='word_1_127' title='bbox 1319 2736 1389 2791; x_wconf 84' lang='lat' dir='ltr'><strong>ad</strong></span> <span class='ocrx_word' id='word_1_128' title='bbox 1429 2737 1610 2791; x_wconf 87' lang='lat' dir='ltr'><strong>Carm.</strong></span> 
     </span>
     <span class='ocr_line' id='line_1_26' title="bbox 464 2808 1609 2879; baseline -0.002 -16"><span class='ocrx_word' id='word_1_129' title='bbox 464 2810 507 2879; x_wconf 90' lang='lat'><strong>1,</strong></span> <span class='ocrx_word' id='word_1_130' title='bbox 545 2812 596 2879; x_wconf 85' lang='lat'><strong>2,</strong></span> <span class='ocrx_word' id='word_1_131' title='bbox 635 2812 686 2864; x_wconf 91' lang='grc'><strong>9.</strong></span> <span class='ocrx_word' id='word_1_132' title='bbox 712 2840 775 2849; x_wconf 94' lang='grc'>-</span> <span class='ocrx_word' id='word_1_133' title='bbox 813 2808 1056 2879; x_wconf 68' lang='grc' dir='ltr'><strong>εωείσεεΐ]</strong></span> <span class='ocrx_word' id='word_1_134' title='bbox 1094 2808 1300 2863; x_wconf 86' lang='lat' dir='ltr'><strong>ebibat.</strong></span> <span class='ocrx_word' id='word_1_135' title='bbox 1330 2808 1400 2863; x_wconf 85' lang='lat' dir='ltr'><strong>cf.</strong></span> <span class='ocrx_word' id='word_1_136' title='bbox 1427 2809 1609 2862; x_wconf 85' lang='lat' dir='ltr'><strong>Carm.</strong></span> 
     </span>
     <span class='ocr_line' id='line_1_27' title="bbox 466 2878 1611 2950; baseline -0.004 -14"><span class='ocrx_word' id='word_1_137' title='bbox 466 2882 511 2945; x_wconf 89' lang='grc' dir='ltr'><strong>Ι,</strong></span> <span class='ocrx_word' id='word_1_138' title='bbox 554 2884 639 2950; x_wconf 83' lang='grc'><strong>35,</strong></span> <span class='ocrx_word' id='word_1_139' title='bbox 679 2883 765 2936; x_wconf 85' lang='grc'><strong>27,</strong></span> <span class='ocrx_word' id='word_1_140' title='bbox 803 2880 915 2934; x_wconf 86' lang='lat' dir='ltr'><strong>Sat.</strong></span> <span class='ocrx_word' id='word_1_141' title='bbox 957 2880 1023 2946; x_wconf 89' lang='lat'><strong>11,</strong></span> <span class='ocrx_word' id='word_1_142' title='bbox 1067 2881 1116 2948; x_wconf 82' lang='lat'><strong>6,</strong></span> <span class='ocrx_word' id='word_1_143' title='bbox 1155 2881 1241 2932; x_wconf 87' lang='grc'><strong>68.</strong></span> <span class='ocrx_word' id='word_1_144' title='bbox 1279 2909 1352 2919; x_wconf 90' lang='grc'><strong>-</strong></span> <span class='ocrx_word' id='word_1_145' title='bbox 1382 2878 1611 2949; x_wconf 77' lang='lat' dir='ltr'><strong>culillis]</strong></span> 
     </span>
     <span class='ocr_line' id='line_1_28' title="bbox 467 2949 1611 3021; baseline -0.002 -16"><span class='ocrx_word' id='word_1_146' title='bbox 467 2952 712 3021; x_wconf 76' lang='lat' dir='ltr'><strong>„Calices</strong></span> <span class='ocrx_word' id='word_1_147' title='bbox 769 2951 994 3013; x_wconf 75' lang='lat' dir='ltr'><strong>fictiles,</strong></span> <span class='ocrx_word' id='word_1_148' title='bbox 1051 2951 1252 3019; x_wconf 80' lang='lat' dir='ltr'><strong>quibus</strong></span> <span class='ocrx_word' id='word_1_149' title='bbox 1318 2949 1611 3019; x_wconf 82' lang='lat' dir='ltr'><strong>pontifices</strong></span> 
     </span>
     <span class='ocr_line' id='line_1_29' title="bbox 465 3022 1610 3095; baseline -0.003 -17"><span class='ocrx_word' id='word_1_150' title='bbox 465 3026 822 3095; x_wconf 76' lang='lat' dir='ltr'><strong>virginesque</strong></span> <span class='ocrx_word' id='word_1_151' title='bbox 870 3022 1119 3077; x_wconf 79' lang='lat' dir='ltr'><strong>Vestales</strong></span> <span class='ocrx_word' id='word_1_152' title='bbox 1165 3024 1224 3076; x_wconf 90' lang='lat' dir='ltr'><strong>in</strong></span> <span class='ocrx_word' id='word_1_153' title='bbox 1272 3022 1441 3077; x_wconf 83' lang='lat' dir='ltr'><strong>sacris</strong></span> <span class='ocrx_word' id='word_1_154' title='bbox 1492 3026 1610 3075; x_wconf 86' lang='lat' dir='ltr'><strong>ute-</strong></span> 
     </span>
     <span class='ocr_line' id='line_1_30' title="bbox 466 3092 1610 3150; baseline -0.003 0"><span class='ocrx_word' id='word_1_155' title='bbox 466 3094 724 3150; x_wconf 84' lang='lat' dir='ltr'><strong>bantur.“</strong></span> <span class='ocrx_word' id='word_1_156' title='bbox 790 3098 991 3150; x_wconf 82' lang='lat' dir='ltr'><strong>Acron.</strong></span> <span class='ocrx_word' id='word_1_157' title='bbox 1050 3094 1192 3147; x_wconf 88' lang='lat' dir='ltr'><strong>Tum</strong></span> <span class='ocrx_word' id='word_1_158' title='bbox 1248 3092 1318 3147; x_wconf 89' lang='lat' dir='ltr'><strong>de</strong></span> <span class='ocrx_word' id='word_1_159' title='bbox 1369 3093 1610 3148; x_wconf 86' lang='lat' dir='ltr'><strong>divitum</strong></span> 
     </span>
     <span class='ocr_line' id='line_1_31' title="bbox 538 3164 1608 3235; baseline -0.004 -13"><span class='ocrx_word' id='word_1_160' title='bbox 538 3167 859 3223; x_wconf 78' lang='lat' dir='ltr'><strong>andioribue</strong></span> <span class='ocrx_word' id='word_1_161' title='bbox 895 3166 1125 3235; x_wconf 80' lang='lat' dir='ltr'><strong>poculis.</strong></span> <span class='ocrx_word' id='word_1_162' title='bbox 1171 3164 1241 3220; x_wconf 85' lang='lat' dir='ltr'><strong>cf.</strong></span> <span class='ocrx_word' id='word_1_163' title='bbox 1279 3168 1348 3219; x_wconf 79' lang='lat' dir='ltr'><strong>A.</strong></span> <span class='ocrx_word' id='word_1_164' title='bbox 1385 3164 1447 3219; x_wconf 91' lang='grc' dir='ltr'><strong>Ρ.</strong></span> <span class='ocrx_word' id='word_1_165' title='bbox 1485 3167 1608 3219; x_wconf 78' lang='lat'><strong>434.</strong></span> 
     </span>
     <span class='ocr_line' id='line_1_32' title="bbox 505 3236 1611 3305; baseline -0.003 -11"><span class='ocrx_word' id='word_1_166' title='bbox 505 3240 830 3295; x_wconf 89' lang='lat' dir='ltr'><strong>cribendum</strong></span> <span class='ocrx_word' id='word_1_167' title='bbox 867 3237 1166 3293; x_wconf 82' lang='lat' dir='ltr'><strong>secundum</strong></span> <span class='ocrx_word' id='word_1_168' title='bbox 1192 3236 1349 3292; x_wconf 86' lang='lat' dir='ltr'><strong>codd.</strong></span> <span class='ocrx_word' id='word_1_169' title='bbox 1389 3236 1611 3305; x_wconf 74' lang='lat' dir='ltr'><strong>culatis,</strong></span> 
     </span>
     <span class='ocr_line' id='line_1_33' title="bbox 463 3306 1614 3379; baseline -0.003 -14"><span class='ocrx_word' id='word_1_170' title='bbox 463 3329 576 3365; x_wconf 90' lang='lat' dir='ltr'><strong>non</strong></span> <span class='ocrx_word' id='word_1_171' title='bbox 596 3311 826 3367; x_wconf 59' lang='lat' dir='ltr'><strong>matellis,</strong></span> <span class='ocrx_word' id='word_1_172' title='bbox 853 3340 918 3348; x_wconf 89' lang='lat'><strong>—</strong></span> <span class='ocrx_word' id='word_1_173' title='bbox 939 3310 1083 3379; x_wconf 73' lang='lat' dir='ltr'><strong>Syra</strong></span> <span class='ocrx_word' id='word_1_174' title='bbox 1109 3306 1298 3378; x_wconf 74' lang='lat' dir='ltr'><strong>merce]</strong></span> <span class='ocrx_word' id='word_1_175' title='bbox 1331 3308 1614 3374; x_wconf 74' lang='lat' dir='ltr'><strong>aromatis,</strong></span> 
     </span>
     <span class='ocr_line' id='line_1_34' title="bbox 466 3379 1611 3454; baseline -0.003 -18"><span class='ocrx_word' id='word_1_176' title='bbox 466 3382 766 3454; x_wconf 82' lang='lat' dir='ltr'><strong>unguentis</strong></span> <span class='ocrx_word' id='word_1_177' title='bbox 799 3400 828 3435; x_wconf 86' lang='lat' dir='ltr'><strong>e</strong></span> <span class='ocrx_word' id='word_1_178' title='bbox 859 3380 1019 3451; x_wconf 79' lang='lat' dir='ltr'><strong>Syria</strong></span> <span class='ocrx_word' id='word_1_179' title='bbox 1048 3380 1309 3434; x_wconf 54' lang='lat' dir='ltr'><strong>advecti&amp;</strong></span> <span class='ocrx_word' id='word_1_180' title='bbox 1338 3379 1408 3434; x_wconf 85' lang='lat' dir='ltr'><strong>cf.</strong></span> <span class='ocrx_word' id='word_1_181' title='bbox 1429 3380 1611 3434; x_wconf 86' lang='lat' dir='ltr'><strong>Carm.</strong></span> 
     </span>
     <span class='ocr_line' id='line_1_35' title="bbox 463 3450 1609 3524; baseline -0.002 -16"><span class='ocrx_word' id='word_1_182' title='bbox 463 3454 539 3524; x_wconf 94' lang='lat'><strong>11,</strong></span> <span class='ocrx_word' id='word_1_183' title='bbox 591 3457 676 3522; x_wconf 92' lang='lat'><strong>11,</strong></span> <span class='ocrx_word' id='word_1_184' title='bbox 729 3454 809 3507; x_wconf 83' lang='lat'><strong>16.</strong></span> <span class='ocrx_word' id='word_1_185' title='bbox 858 3450 930 3519; x_wconf 89' lang='lat'><strong>11,</strong></span> <span class='ocrx_word' id='word_1_186' title='bbox 968 3454 1021 3519; x_wconf 87' lang='lat'><strong>⁷,</strong></span> <span class='ocrx_word' id='word_1_187' title='bbox 1059 3452 1110 3504; x_wconf 84' lang='lat' dir='ltr'><strong>e.</strong></span> <span class='ocrx_word' id='word_1_188' title='bbox 1149 3450 1248 3517; x_wconf 89' lang='lat'>111,</span> <span class='ocrx_word' id='word_1_189' title='bbox 1287 3452 1373 3511; x_wconf 83' lang='lat'><strong>29.</strong></span> <span class='ocrx_word' id='word_1_190' title='bbox 1415 3454 1500 3506; x_wconf 84' lang='lat'><strong>60.</strong></span> <span class='ocrx_word' id='word_1_191' title='bbox 1541 3480 1609 3490; x_wconf 95' lang='lat'>—</span> 
     </span>
     <span class='ocr_line' id='line_1_36' title="bbox 463 3520 1612 3594; baseline -0.005 -14"><span class='ocrx_word' id='word_1_192' title='bbox 463 3524 749 3594; x_wconf 79' lang='lat' dir='ltr'><strong>reparata]</strong></span> <span class='ocrx_word' id='word_1_193' title='bbox 787 3522 1080 3591; x_wconf 84' lang='lat' dir='ltr'><strong>Sumptum</strong></span> <span class='ocrx_word' id='word_1_194' title='bbox 1132 3520 1239 3575; x_wconf 91' lang='lat' dir='ltr'><strong>hoc</strong></span> <span class='ocrx_word' id='word_1_195' title='bbox 1271 3521 1506 3575; x_wconf 83' lang='lat' dir='ltr'><strong>verbum</strong></span> <span class='ocrx_word' id='word_1_196' title='bbox 1541 3539 1612 3576; x_wconf 88' lang='lat' dir='ltr'><strong>ex</strong></span> 
     </span>
     <span class='ocr_line' id='line_1_37' title="bbox 467 3599 1609 3663; baseline -0.004 -13"><span class='ocrx_word' id='word_1_197' title='bbox 467 3612 719 3650; x_wconf 77' lang='lat' dir='ltr'><strong>sermone</strong></span> <span class='ocrx_word' id='word_1_198' title='bbox 762 3599 1136 3649; x_wconf 83' lang='lat' dir='ltr'><strong>mercatorum</strong></span> <span class='ocrx_word' id='word_1_199' title='bbox 1179 3610 1390 3647; x_wconf 78' lang='lat' dir='ltr'><strong>merces</strong></span> <span class='ocrx_word' id='word_1_200' title='bbox 1446 3610 1609 3663; x_wconf 86' lang='lat' dir='ltr'><strong>pecu-</strong></span> 
     </span>
     <span class='ocr_line' id='line_1_38' title="bbox 464 3663 1610 3734; baseline -0.003 -13"><span class='ocrx_word' id='word_1_201' title='bbox 464 3668 593 3722; x_wconf 85' lang='lat' dir='ltr'><strong>niae</strong></span> <span class='ocrx_word' id='word_1_202' title='bbox 655 3666 777 3721; x_wconf 89' lang='lat' dir='ltr'><strong>loco</strong></span> <span class='ocrx_word' id='word_1_203' title='bbox 849 3666 1292 3734; x_wconf 71' lang='lat' dir='ltr'><strong>pei-mutantium</strong></span> <span class='ocrx_word' id='word_1_204' title='bbox 1371 3663 1610 3731; x_wconf 84' lang='lat' dir='ltr'><strong>(umtau-</strong></span> 
     </span>
     <span class='ocr_line' id='line_1_39' title="bbox 465 3736 1610 3807; baseline -0.001 -16"><span class='ocrx_word' id='word_1_205' title='bbox 465 3736 682 3807; x_wconf 77' lang='lat' dir='ltr'><strong>schen);</strong></span> <span class='ocrx_word' id='word_1_206' title='bbox 733 3737 1080 3790; x_wconf 77' lang='lat' dir='ltr'><strong>rarissimum</strong></span> <span class='ocrx_word' id='word_1_207' title='bbox 1138 3736 1488 3791; x_wconf 81' lang='lat' dir='ltr'><strong>vocabulum.</strong></span> <span class='ocrx_word' id='word_1_208' title='bbox 1544 3765 1610 3775; x_wconf 90' lang='lat'>-</span> 
     </span>
     <span class='ocr_line' id='line_1_40' title="bbox 468 3807 1609 3877; baseline -0.003 -14"><span class='ocrx_word' id='word_1_209' title='bbox 468 3809 556 3863; x_wconf 72' lang='lat' dir='ltr'><strong>die</strong></span> <span class='ocrx_word' id='word_1_210' title='bbox 597 3824 762 3862; x_wconf 77' lang='lat' dir='ltr'><strong>carus</strong></span> <span class='ocrx_word' id='word_1_211' title='bbox 797 3808 960 3877; x_wconf 71' lang='lat' dir='ltr'><strong>ipsis]</strong></span> <span class='ocrx_word' id='word_1_212' title='bbox 1000 3807 1081 3861; x_wconf 87' lang='lat' dir='ltr'><strong>dii</strong></span> <span class='ocrx_word' id='word_1_213' title='bbox 1120 3808 1243 3877; x_wconf 80' lang='lat' dir='ltr'><strong>ipsi,</strong></span> <span class='ocrx_word' id='word_1_214' title='bbox 1288 3807 1490 3876; x_wconf 74' lang='lat' dir='ltr'><strong>quibus</strong></span> <span class='ocrx_word' id='word_1_215' title='bbox 1519 3824 1609 3861; x_wconf 79' lang='lat' dir='ltr'><strong>su-</strong></span> 
     </span>
     <span class='ocr_line' id='line_1_41' title="bbox 465 3877 1611 3951; baseline -0.002 -17"><span class='ocrx_word' id='word_1_216' title='bbox 465 3880 662 3951; x_wconf 85' lang='lat' dir='ltr'><strong>perbia</strong></span> <span class='ocrx_word' id='word_1_217' title='bbox 698 3879 936 3933; x_wconf 82' lang='lat' dir='ltr'><strong>divitum</strong></span> <span class='ocrx_word' id='word_1_218' title='bbox 969 3882 1028 3931; x_wconf 90' lang='lat' dir='ltr'><strong>et</strong></span> <span class='ocrx_word' id='word_1_219' title='bbox 1052 3878 1466 3932; x_wconf 82' lang='lat' dir='ltr'><strong>luxuriosorum</strong></span> <span class='ocrx_word' id='word_1_220' title='bbox 1493 3877 1611 3932; x_wconf 84' lang='lat' dir='ltr'><strong>odi-</strong></span> 
     </span>
     <span class='ocr_line' id='line_1_42' title="bbox 467 3948 1610 4021; baseline -0.003 -14"><span class='ocrx_word' id='word_1_221' title='bbox 467 3969 564 4007; x_wconf 81' lang='lat' dir='ltr'><strong>osa</strong></span> <span class='ocrx_word' id='word_1_222' title='bbox 609 3954 710 4021; x_wconf 78' lang='lat' dir='ltr'><strong>est,</strong></span> <span class='ocrx_word' id='word_1_223' title='bbox 762 3948 912 4005; x_wconf 88' lang='lat' dir='ltr'><strong>hunc</strong></span> <span class='ocrx_word' id='word_1_224' title='bbox 958 3954 1152 4018; x_wconf 87' lang='lat' dir='ltr'><strong>aperte</strong></span> <span class='ocrx_word' id='word_1_225' title='bbox 1195 3955 1442 4017; x_wconf 88' lang='lat' dir='ltr'><strong>tuentur,</strong></span> <span class='ocrx_word' id='word_1_226' title='bbox 1479 3967 1610 4004; x_wconf 89' lang='lat' dir='ltr'><strong>nam</strong></span> 
     </span>
     <span class='ocr_line' id='line_1_43' title="bbox 471 4021 1609 4092; baseline -0.003 -14"><span class='ocrx_word' id='word_1_227' title='bbox 471 4032 574 4078; x_wconf 82' lang='lat' dir='ltr'><strong>etc.</strong></span> <span class='ocrx_word' id='word_1_228' title='bbox 612 4022 733 4077; x_wconf 89' lang='lat' dir='ltr'><strong>Hoc</strong></span> <span class='ocrx_word' id='word_1_229' title='bbox 767 4026 1160 4092; x_wconf 83' lang='lat' dir='ltr'><strong>argumentum</strong></span> <span class='ocrx_word' id='word_1_230' title='bbox 1196 4038 1310 4075; x_wconf 90' lang='lat' dir='ltr'><strong>non</strong></span> <span class='ocrx_word' id='word_1_231' title='bbox 1346 4021 1464 4075; x_wconf 76' lang='lat' dir='ltr'><strong>sine</strong></span> <span class='ocrx_word' id='word_1_232' title='bbox 1499 4022 1609 4075; x_wconf 92' lang='lat' dir='ltr'><strong>iro·</strong></span> 
     </span>
     <span class='ocr_line' id='line_1_44' title="bbox 465 4096 979 4165; baseline -0.008 -15"><span class='ocrx_word' id='word_1_233' title='bbox 465 4096 562 4150; x_wconf 85' lang='lat' dir='ltr'><strong>nia</strong></span> <span class='ocrx_word' id='word_1_234' title='bbox 595 4096 843 4165; x_wconf 83' lang='lat' dir='ltr'><strong>positum</strong></span> <span class='ocrx_word' id='word_1_235' title='bbox 878 4098 979 4148; x_wconf 77' lang='lat' dir='ltr'><strong>est.</strong></span> 
     </span>
     <span class='ocr_line' id='line_1_45' title="bbox 536 4162 1609 4237; baseline -0.003 -17"><span class='ocrx_word' id='word_1_236' title='bbox 536 4166 600 4220; x_wconf 87' lang='lat' dir='ltr'><strong>V.</strong></span> <span class='ocrx_word' id='word_1_237' title='bbox 631 4168 710 4220; x_wconf 85' lang='lat'><strong>15.</strong></span> <span class='ocrx_word' id='word_1_238' title='bbox 731 4164 993 4237; x_wconf 70' lang='lat' dir='ltr'><strong>pascunt]</strong></span> <span class='ocrx_word' id='word_1_239' title='bbox 1023 4162 1114 4218; x_wconf 89' lang='lat' dir='ltr'><strong>Sic</strong></span> <span class='ocrx_word' id='word_1_240' title='bbox 1152 4162 1337 4218; x_wconf 90' lang='lat' dir='ltr'><strong>codd.:</strong></span> <span class='ocrx_word' id='word_1_241' title='bbox 1368 4168 1609 4234; x_wconf 69' lang='lat' dir='ltr'><strong>pascant</strong></span> 
     </span>
    </p>
   </div>
   <div class='ocr_carea' id='block_1_9' title="bbox 1708 1948 2871 4237">
    <p class='ocr_par' dir='ltr' id='par_1_9' title="bbox 1708 1948 2871 4237">
     <span class='ocr_line' id='line_1_46' title="bbox 1714 1948 2857 2021; baseline -0.001 -15"><span class='ocrx_word' id='word_1_242' title='bbox 1714 1968 1783 2006; x_wconf 84' lang='lat' dir='ltr'><strong>ex</strong></span> <span class='ocrx_word' id='word_1_243' title='bbox 1830 1968 1943 2005; x_wconf 90' lang='lat' dir='ltr'><strong>uno</strong></span> <span class='ocrx_word' id='word_1_244' title='bbox 1994 1950 2113 2006; x_wconf 75' lang='lat' dir='ltr'><strong>cod.</strong></span> <span class='ocrx_word' id='word_1_245' title='bbox 2162 1950 2345 2005; x_wconf 61' lang='grc' dir='ltr'><em>Πτῶον</em></span> <span class='ocrx_word' id='word_1_246' title='bbox 2392 1954 2451 2005; x_wconf 83' lang='lat' dir='ltr'><strong>et</strong></span> <span class='ocrx_word' id='word_1_247' title='bbox 2495 1948 2697 2021; x_wconf 59' lang='lat' dir='ltr'><strong>Beata,</strong></span> <span class='ocrx_word' id='word_1_248' title='bbox 2746 1968 2857 2007; x_wconf 88' lang='lat' dir='ltr'><strong>non</strong></span> 
     </span>
     <span class='ocr_line' id='line_1_47' title="bbox 1714 2020 2862 2093; baseline 0.002 -18"><span class='ocrx_word' id='word_1_249' title='bbox 1714 2022 1872 2091; x_wconf 87' lang='lat' dir='ltr'><strong>bene,</strong></span> <span class='ocrx_word' id='word_1_250' title='bbox 1916 2040 2048 2077; x_wconf 88' lang='lat' dir='ltr'><strong>nam</strong></span> <span class='ocrx_word' id='word_1_251' title='bbox 2090 2020 2289 2076; x_wconf 86' lang='lat' dir='ltr'><strong>Horat.</strong></span> <span class='ocrx_word' id='word_1_252' title='bbox 2336 2022 2430 2077; x_wconf 88' lang='lat' dir='ltr'><strong>hic</strong></span> <span class='ocrx_word' id='word_1_253' title='bbox 2469 2021 2862 2093; x_wconf 75' lang='lat' dir='ltr'><strong>frugalitatem</strong></span> 
     </span>
     <span class='ocr_line' id='line_1_48' title="bbox 1714 2092 2859 2150; baseline 0.003 -3"><span class='ocrx_word' id='word_1_254' title='bbox 1714 2110 1845 2148; x_wconf 83' lang='lat' dir='ltr'><strong>suae</strong></span> <span class='ocrx_word' id='word_1_255' title='bbox 1867 2094 2021 2148; x_wconf 80' lang='lat' dir='ltr'><strong>vitae</strong></span> <span class='ocrx_word' id='word_1_256' title='bbox 2046 2110 2171 2148; x_wconf 89' lang='lat' dir='ltr'><strong>cum</strong></span> <span class='ocrx_word' id='word_1_257' title='bbox 2194 2092 2437 2148; x_wconf 81' lang='lat' dir='ltr'><strong>divitum</strong></span> <span class='ocrx_word' id='word_1_258' title='bbox 2460 2094 2683 2149; x_wconf 82' lang='lat' dir='ltr'><strong>luxuria</strong></span> <span class='ocrx_word' id='word_1_259' title='bbox 2716 2110 2859 2150; x_wconf 87' lang='lat' dir='ltr'><strong>com-</strong></span> 
     </span>
     <span class='ocr_line' id='line_1_49' title="bbox 1712 2164 2859 2236; baseline 0.003 -18"><span class='ocrx_word' id='word_1_260' title='bbox 1712 2170 1902 2233; x_wconf 84' lang='lat' dir='ltr'><strong>parat3</strong></span> <span class='ocrx_word' id='word_1_261' title='bbox 1940 2182 2083 2234; x_wconf 88' lang='lat' dir='ltr'><strong>quae</strong></span> <span class='ocrx_word' id='word_1_262' title='bbox 2130 2165 2249 2236; x_wconf 81' lang='lat' dir='ltr'><strong>ipse</strong></span> <span class='ocrx_word' id='word_1_263' title='bbox 2296 2170 2473 2235; x_wconf 86' lang='lat' dir='ltr'><strong>optat,</strong></span> <span class='ocrx_word' id='word_1_264' title='bbox 2522 2164 2730 2221; x_wconf 85' lang='lat' dir='ltr'><strong>deinde</strong></span> <span class='ocrx_word' id='word_1_265' title='bbox 2766 2166 2859 2221; x_wconf 74' lang='lat' dir='ltr'><strong>ad·</strong></span> 
     </span>
     <span class='ocr_line' id='line_1_50' title="bbox 1712 2236 2861 2307; baseline 0.001 -18"><span class='ocrx_word' id='word_1_266' title='bbox 1712 2236 1941 2291; x_wconf 89' lang='lat' dir='ltr'><strong>duntur.</strong></span> <span class='ocrx_word' id='word_1_267' title='bbox 1996 2268 2062 2276; x_wconf 97' lang='lat'>—</span> <span class='ocrx_word' id='word_1_268' title='bbox 2111 2237 2346 2307; x_wconf 70' lang='lat' dir='ltr'><strong>levesque</strong></span> <span class='ocrx_word' id='word_1_269' title='bbox 2402 2236 2634 2305; x_wconf 74' lang='lat' dir='ltr'><strong>malvae]</strong></span> <span class='ocrx_word' id='word_1_270' title='bbox 2692 2237 2861 2292; x_wconf 82' lang='lat' dir='ltr'><strong>facile</strong></span> 
     </span>
     <span class='ocr_line' id='line_1_51' title="bbox 1714 2306 2861 2377; baseline 0.002 -16"><span class='ocrx_word' id='word_1_271' title='bbox 1714 2309 2152 2377; x_wconf 83' lang='lat' dir='ltr'><strong>concoquendae.</strong></span> <span class='ocrx_word' id='word_1_272' title='bbox 2234 2306 2414 2377; x_wconf 85' lang='lat' dir='ltr'><strong>Epod.</strong></span> <span class='ocrx_word' id='word_1_273' title='bbox 2460 2308 2511 2370; x_wconf 78' lang='lat'><strong>2,</strong></span> <span class='ocrx_word' id='word_1_274' title='bbox 2558 2306 2647 2362; x_wconf 80' lang='lat'><strong>58.</strong></span> <span class='ocrx_word' id='word_1_275' title='bbox 2700 2308 2861 2363; x_wconf 86' lang='lat' dir='ltr'><strong>Koch</strong></span> 
     </span>
     <span class='ocr_line' id='line_1_52' title="bbox 1712 2378 2860 2448; baseline 0.003 -17"><span class='ocrx_word' id='word_1_276' title='bbox 1712 2378 1948 2448; x_wconf 75' lang='lat' dir='ltr'><strong>(Biiume</strong></span> <span class='ocrx_word' id='word_1_277' title='bbox 1982 2398 2036 2433; x_wconf 92' lang='lat' dir='ltr'><strong>u.</strong></span> <span class='ocrx_word' id='word_1_278' title='bbox 2072 2378 2344 2434; x_wconf 83' lang='lat' dir='ltr'><strong>Str’a&#39;uche</strong></span> <span class='ocrx_word' id='word_1_279' title='bbox 2380 2378 2477 2433; x_wconf 78' lang='lat' dir='ltr'><strong>des</strong></span> <span class='ocrx_word' id='word_1_280' title='bbox 2515 2378 2666 2433; x_wconf 87' lang='lat' dir='ltr'><strong>alten</strong></span> <span class='ocrx_word' id='word_1_281' title='bbox 2706 2380 2860 2435; x_wconf 76' lang='lat' dir='ltr'><strong>Gric-</strong></span> 
     </span>
     <span class='ocr_line' id='line_1_53' title="bbox 1713 2450 2862 2521; baseline 0.001 -17"><span class='ocrx_word' id='word_1_282' title='bbox 1713 2450 2013 2505; x_wconf 77' lang='lat' dir='ltr'><strong>chenlands</strong></span> <span class='ocrx_word' id='word_1_283' title='bbox 2050 2468 2105 2521; x_wconf 87' lang='lat' dir='ltr'><strong>p.</strong></span> <span class='ocrx_word' id='word_1_284' title='bbox 2144 2450 2300 2521; x_wconf 80' lang='lat'>250):</span> <span class='ocrx_word' id='word_1_285' title='bbox 2338 2450 2583 2506; x_wconf 84' lang='lat' dir='ltr'><strong>malvam</strong></span> <span class='ocrx_word' id='word_1_286' title='bbox 2622 2468 2745 2505; x_wconf 79' lang='lat' dir='ltr'><strong>esse</strong></span> <span class='ocrx_word' id='word_1_287' title='bbox 2782 2450 2862 2505; x_wconf 89' lang='lat' dir='ltr'><strong>di-</strong></span> 
     </span>
     <span class='ocr_line' id='line_1_54' title="bbox 1714 2520 2861 2593; baseline 0 -16"><span class='ocrx_word' id='word_1_288' title='bbox 1714 2522 1791 2577; x_wconf 90' lang='lat' dir='ltr'><strong>cit</strong></span> <span class='ocrx_word' id='word_1_289' title='bbox 1828 2523 1951 2577; x_wconf 89' lang='lat' dir='ltr'><strong>eine</strong></span> <span class='ocrx_word' id='word_1_290' title='bbox 1997 2522 2189 2593; x_wconf 89' lang='lat' dir='ltr'><strong>gelind</strong></span> <span class='ocrx_word' id='word_1_291' title='bbox 2234 2520 2581 2577; x_wconf 82' lang='lat' dir='ltr'><strong>abfiihrende</strong></span> <span class='ocrx_word' id='word_1_292' title='bbox 2616 2521 2861 2578; x_wconf 84' lang='lat' dir='ltr'><strong>Pflanze.</strong></span> 
     </span>
     <span class='ocr_line' id='line_1_55' title="bbox 1714 2594 2861 2665; baseline 0.001 -18"><span class='ocrx_word' id='word_1_293' title='bbox 1714 2622 1782 2632; x_wconf 92' lang='lat'><em>-</em></span> <span class='ocrx_word' id='word_1_294' title='bbox 1827 2594 2023 2663; x_wconf 56' lang='lat' dir='ltr'><strong>Luteci]</strong></span> <span class='ocrx_word' id='word_1_295' title='bbox 2068 2609 2269 2665; x_wconf 82' lang='lat' dir='ltr'><strong>graece</strong></span> <span class='ocrx_word' id='word_1_296' title='bbox 2320 2594 2565 2662; x_wconf 76' lang='grc' dir='ltr'><strong><em>Λητῷος,</em></strong></span> <span class='ocrx_word' id='word_1_297' title='bbox 2609 2596 2861 2665; x_wconf 74' lang='grc' dir='ltr'><strong>Λατῷος.</strong></span> 
     </span>
     <span class='ocr_line' id='line_1_56' title="bbox 1710 2664 2859 2735; baseline -0.001 -16"><span class='ocrx_word' id='word_1_298' title='bbox 1710 2664 1783 2719; x_wconf 84' lang='lat' dir='ltr'><strong>cf.</strong></span> <span class='ocrx_word' id='word_1_299' title='bbox 1820 2665 1999 2719; x_wconf 85' lang='lat' dir='ltr'><strong>Carm.</strong></span> <span class='ocrx_word' id='word_1_300' title='bbox 2033 2664 2077 2733; x_wconf 89' lang='lat'><strong>1,</strong></span> <span class='ocrx_word' id='word_1_301' title='bbox 2106 2668 2156 2733; x_wconf 88' lang='lat'><strong>1,</strong></span> <span class='ocrx_word' id='word_1_302' title='bbox 2181 2666 2267 2718; x_wconf 82' lang='lat'><strong>34.</strong></span> <span class='ocrx_word' id='word_1_303' title='bbox 2296 2694 2361 2703; x_wconf 97' lang='lat'><strong>—</strong></span> <span class='ocrx_word' id='word_1_304' title='bbox 2388 2670 2441 2720; x_wconf 79' lang='lat' dir='ltr'><strong>et</strong></span> <span class='ocrx_word' id='word_1_305' title='bbox 2472 2664 2658 2719; x_wconf 81' lang='lat' dir='ltr'><strong>valido</strong></span> <span class='ocrx_word' id='word_1_306' title='bbox 2700 2666 2859 2735; x_wconf 71' lang='lat' dir='ltr'><strong>mihi]</strong></span> 
     </span>
     <span class='ocr_line' id='line_1_57' title="bbox 1714 2734 2863 2806; baseline 0.002 -16"><span class='ocrx_word' id='word_1_307' title='bbox 1714 2736 2073 2806; x_wconf 75' lang='lat' dir='ltr'><strong>Respondent</strong></span> <span class='ocrx_word' id='word_1_308' title='bbox 2088 2736 2239 2790; x_wconf 87' lang='lat' dir='ltr'><strong>inter</strong></span> <span class='ocrx_word' id='word_1_309' title='bbox 2262 2752 2319 2789; x_wconf 78' lang='lat' dir='ltr'><strong>se</strong></span> <span class='ocrx_word' id='word_1_310' title='bbox 2345 2742 2397 2791; x_wconf 81' lang='lat' dir='ltr'><strong>et</strong></span> <span class='ocrx_word' id='word_1_311' title='bbox 2418 2734 2618 2799; x_wconf 74' lang='lat' dir='ltr'><strong>valido,</strong></span> <span class='ocrx_word' id='word_1_312' title='bbox 2646 2741 2702 2791; x_wconf 81' lang='lat' dir='ltr'><strong>et</strong></span> <span class='ocrx_word' id='word_1_313' title='bbox 2724 2738 2863 2792; x_wconf 78' lang='lat' dir='ltr'><strong>inte-</strong></span> 
     </span>
     <span class='ocr_line' id='line_1_58' title="bbox 1711 2810 2861 2879; baseline 0.001 -17"><span class='ocrx_word' id='word_1_314' title='bbox 1711 2824 1814 2879; x_wconf 79' lang='lat' dir='ltr'><strong>9ra</strong></span> <span class='ocrx_word' id='word_1_315' title='bbox 1848 2824 1967 2862; x_wconf 78' lang='lat' dir='ltr'><strong>cum</strong></span> <span class='ocrx_word' id='word_1_316' title='bbox 2004 2812 2191 2869; x_wconf 76' lang='lat' dir='ltr'><strong>mente,</strong></span> <span class='ocrx_word' id='word_1_317' title='bbox 2220 2810 2523 2877; x_wconf 88' lang='lat' dir='ltr'><strong>utrumque</strong></span> <span class='ocrx_word' id='word_1_318' title='bbox 2554 2812 2751 2862; x_wconf 80' lang='lat' dir='ltr'><strong>tamen</strong></span> <span class='ocrx_word' id='word_1_319' title='bbox 2776 2826 2861 2863; x_wconf 87' lang='lat' dir='ltr'><strong>re·</strong></span> 
     </span>
     <span class='ocr_line' id='line_1_59' title="bbox 1712 2876 2865 2947; baseline 0.002 -15"><span class='ocrx_word' id='word_1_320' title='bbox 1712 2878 2004 2934; x_wconf 89' lang='lat' dir='ltr'><strong>ferendum</strong></span> <span class='ocrx_word' id='word_1_321' title='bbox 2043 2877 2115 2932; x_wconf 86' lang='lat' dir='ltr'><strong>ad</strong></span> <span class='ocrx_word' id='word_1_322' title='bbox 2148 2876 2492 2933; x_wconf 85' lang='lat' dir='ltr'><strong>infinitivum</strong></span> <span class='ocrx_word' id='word_1_323' title='bbox 2519 2878 2659 2947; x_wconf 75' lang='lat' dir='ltr'><strong>frui.</strong></span> <span class='ocrx_word' id='word_1_324' title='bbox 2703 2878 2865 2934; x_wconf 87' lang='lat' dir='ltr'><strong>Dati-</strong></span> 
     </span>
     <span class='ocr_line' id='line_1_60' title="bbox 1712 2949 2865 3018; baseline 0.002 -14"><span class='ocrx_word' id='word_1_325' title='bbox 1712 2968 1814 3004; x_wconf 82' lang='lat' dir='ltr'><strong>vus</strong></span> <span class='ocrx_word' id='word_1_326' title='bbox 1849 2949 2031 3004; x_wconf 75' lang='lat' dir='ltr'><strong>valido</strong></span> <span class='ocrx_word' id='word_1_327' title='bbox 2066 2966 2168 3018; x_wconf 89' lang='lat' dir='ltr'><strong>per</strong></span> <span class='ocrx_word' id='word_1_328' title='bbox 2203 2951 2601 3004; x_wconf 85' lang='lat' dir='ltr'><strong>attractionem</strong></span> <span class='ocrx_word' id='word_1_329' title='bbox 2630 2950 2865 3006; x_wconf 80' lang='lat' dir='ltr'><strong>Graecis</strong></span> 
     </span>
     <span class='ocr_line' id='line_1_61' title="bbox 1710 3020 2865 3093; baseline 0.001 -18"><span class='ocrx_word' id='word_1_330' title='bbox 1710 3022 1890 3093; x_wconf 81' lang='lat' dir='ltr'><strong>magis</strong></span> <span class='ocrx_word' id='word_1_331' title='bbox 1926 3021 2194 3076; x_wconf 79' lang='lat' dir='ltr'><strong>usitatam</strong></span> <span class='ocrx_word' id='word_1_332' title='bbox 2228 3022 2299 3076; x_wconf 87' lang='lat' dir='ltr'><strong>ab</strong></span> <span class='ocrx_word' id='word_1_333' title='bbox 2336 3020 2616 3076; x_wconf 82' lang='lat' dir='ltr'><strong>infinitivo</strong></span> <span class='ocrx_word' id='word_1_334' title='bbox 2648 3022 2865 3077; x_wconf 77' lang='lat' dir='ltr'><strong>relatus</strong></span> 
     </span>
     <span class='ocr_line' id='line_1_62' title="bbox 1713 3091 2864 3163; baseline 0.002 -17"><span class='ocrx_word' id='word_1_335' title='bbox 1713 3097 1797 3146; x_wconf 79' lang='lat' dir='ltr'><strong>est</strong></span> <span class='ocrx_word' id='word_1_336' title='bbox 1834 3091 1908 3147; x_wconf 85' lang='lat' dir='ltr'><strong>ad</strong></span> <span class='ocrx_word' id='word_1_337' title='bbox 1939 3110 2101 3162; x_wconf 89' lang='lat' dir='ltr'><strong>pron.</strong></span> <span class='ocrx_word' id='word_1_338' title='bbox 2139 3092 2291 3147; x_wconf 74' lang='lat' dir='ltr'><strong>mihi.</strong></span> <span class='ocrx_word' id='word_1_339' title='bbox 2333 3092 2487 3147; x_wconf 88' lang='lat' dir='ltr'><strong>Duae</strong></span> <span class='ocrx_word' id='word_1_340' title='bbox 2522 3092 2707 3163; x_wconf 86' lang='lat' dir='ltr'><strong>igitur</strong></span> <span class='ocrx_word' id='word_1_341' title='bbox 2742 3095 2864 3150; x_wconf 82' lang='lat' dir='ltr'><strong>voti</strong></span> 
     </span>
     <span class='ocr_line' id='line_1_63' title="bbox 1712 3164 2865 3235; baseline 0.002 -18"><span class='ocrx_word' id='word_1_342' title='bbox 1712 3164 2012 3219; x_wconf 85' lang='lat' dir='ltr'><strong>Horatiani</strong></span> <span class='ocrx_word' id='word_1_343' title='bbox 2046 3170 2237 3234; x_wconf 75' lang='lat' dir='ltr'><strong>partes</strong></span> <span class='ocrx_word' id='word_1_344' title='bbox 2262 3170 2417 3219; x_wconf 74' lang='lat' dir='ltr'><strong>sunt:</strong></span> <span class='ocrx_word' id='word_1_345' title='bbox 2458 3164 2627 3219; x_wconf 76' lang='lat' dir='ltr'><strong>dones</strong></span> <span class='ocrx_word' id='word_1_346' title='bbox 2658 3182 2865 3235; x_wconf 86' lang='lat' dir='ltr'><strong>precor</strong></span> 
     </span>
     <span class='ocr_line' id='line_1_64' title="bbox 1712 3235 2865 3307; baseline 0.003 -18"><span class='ocrx_word' id='word_1_347' title='bbox 1712 3240 1769 3289; x_wconf 89' lang='lat' dir='ltr'><strong>et</strong></span> <span class='ocrx_word' id='word_1_348' title='bbox 1804 3235 1993 3290; x_wconf 83' lang='lat' dir='ltr'><strong>valido</strong></span> <span class='ocrx_word' id='word_1_349' title='bbox 2026 3236 2167 3289; x_wconf 87' lang='lat' dir='ltr'><strong>mihi</strong></span> <span class='ocrx_word' id='word_1_350' title='bbox 2194 3240 2251 3289; x_wconf 90' lang='lat' dir='ltr'><strong>et</strong></span> <span class='ocrx_word' id='word_1_351' title='bbox 2274 3236 2497 3307; x_wconf 83' lang='lat' dir='ltr'><strong>integra</strong></span> <span class='ocrx_word' id='word_1_352' title='bbox 2522 3252 2649 3289; x_wconf 89' lang='lat' dir='ltr'><strong>cum</strong></span> <span class='ocrx_word' id='word_1_353' title='bbox 2672 3243 2865 3294; x_wconf 85' lang='lat' dir='ltr'><strong>mente</strong></span> 
     </span>
     <span class='ocr_line' id='line_1_65' title="bbox 1711 3306 2863 3377; baseline 0.002 -16"><span class='ocrx_word' id='word_1_354' title='bbox 1711 3308 1923 3377; x_wconf 74' lang='lat' dir='ltr'><strong>paratis</strong></span> <span class='ocrx_word' id='word_1_355' title='bbox 1966 3306 2112 3375; x_wconf 73' lang='lat' dir='ltr'><strong>frui,</strong></span> <span class='ocrx_word' id='word_1_356' title='bbox 2157 3311 2281 3361; x_wconf 91' lang='lat' dir='ltr'><strong>tum</strong></span> <span class='ocrx_word' id='word_1_357' title='bbox 2331 3308 2495 3362; x_wconf 76' lang='lat' dir='ltr'><strong>dones</strong></span> <span class='ocrx_word' id='word_1_358' title='bbox 2542 3308 2736 3377; x_wconf 64' lang='lat' dir='ltr'><strong>degere</strong></span> <span class='ocrx_word' id='word_1_359' title='bbox 2784 3327 2863 3363; x_wconf 79' lang='lat' dir='ltr'><strong>ae—</strong></span> 
     </span>
     <span class='ocr_line' id='line_1_66' title="bbox 1710 3379 2865 3448; baseline 0.003 -16"><span class='ocrx_word' id='word_1_360' title='bbox 1710 3384 1933 3433; x_wconf 83' lang='lat' dir='ltr'><strong>nectam</strong></span> <span class='ocrx_word' id='word_1_361' title='bbox 1968 3395 2072 3433; x_wconf 90' lang='lat' dir='ltr'><strong>nec</strong></span> <span class='ocrx_word' id='word_1_362' title='bbox 2106 3382 2329 3448; x_wconf 87' lang='lat' dir='ltr'><strong>turpem</strong></span> <span class='ocrx_word' id='word_1_363' title='bbox 2362 3395 2468 3433; x_wconf 89' lang='lat' dir='ltr'><strong>nec</strong></span> <span class='ocrx_word' id='word_1_364' title='bbox 2514 3379 2739 3435; x_wconf 76' lang='lat' dir='ltr'><strong>cithara</strong></span> <span class='ocrx_word' id='word_1_365' title='bbox 2776 3398 2865 3435; x_wconf 83' lang='lat' dir='ltr'><strong>ca-</strong></span> 
     </span>
     <span class='ocr_line' id='line_1_67' title="bbox 1712 3448 2867 3506; baseline 0.002 -2"><span class='ocrx_word' id='word_1_366' title='bbox 1712 3454 1943 3504; x_wconf 88' lang='lat' dir='ltr'><strong>rentem.</strong></span> <span class='ocrx_word' id='word_1_367' title='bbox 2032 3448 2196 3503; x_wconf 87' lang='lat' dir='ltr'><strong>Hunc</strong></span> <span class='ocrx_word' id='word_1_368' title='bbox 2250 3448 2503 3505; x_wconf 89' lang='lat' dir='ltr'><strong>ordinem</strong></span> <span class='ocrx_word' id='word_1_369' title='bbox 2557 3451 2867 3506; x_wconf 82' lang='lat' dir='ltr'><strong>verborum</strong></span> 
     </span>
     <span class='ocr_line' id='line_1_68' title="bbox 1710 3520 2864 3593; baseline 0.003 -19"><span class='ocrx_word' id='word_1_370' title='bbox 1710 3522 1831 3590; x_wconf 79' lang='lat' dir='ltr'><strong>ipae</strong></span> <span class='ocrx_word' id='word_1_371' title='bbox 1850 3521 2117 3576; x_wconf 76' lang='lat' dir='ltr'><strong>Horatius</strong></span> <span class='ocrx_word' id='word_1_372' title='bbox 2146 3522 2421 3576; x_wconf 75' lang='lat' dir='ltr'><strong>indicavit</strong></span> <span class='ocrx_word' id='word_1_373' title='bbox 2440 3520 2745 3577; x_wconf 79' lang='lat' dir='ltr'><strong>artificiose</strong></span> <span class='ocrx_word' id='word_1_374' title='bbox 2766 3540 2864 3593; x_wconf 91' lang='lat' dir='ltr'><strong>po-</strong></span> 
     </span>
     <span class='ocr_line' id='line_1_69' title="bbox 1712 3592 2868 3661; baseline 0.003 -15"><span class='ocrx_word' id='word_1_375' title='bbox 1712 3594 1835 3647; x_wconf 78' lang='lat' dir='ltr'><strong>sitis</strong></span> <span class='ocrx_word' id='word_1_376' title='bbox 1870 3592 2165 3661; x_wconf 79' lang='lat' dir='ltr'><strong>particulis</strong></span> <span class='ocrx_word' id='word_1_377' title='bbox 2200 3598 2273 3659; x_wconf 79' lang='lat' dir='ltr'><strong>et,</strong></span> <span class='ocrx_word' id='word_1_378' title='bbox 2311 3598 2379 3661; x_wconf 82' lang='lat' dir='ltr'><strong>et,</strong></span> <span class='ocrx_word' id='word_1_379' title='bbox 2416 3609 2528 3661; x_wconf 77' lang='lat' dir='ltr'><strong>nec,</strong></span> <span class='ocrx_word' id='word_1_380' title='bbox 2561 3610 2670 3648; x_wconf 74' lang='lat' dir='ltr'><strong>nec·</strong></span> <span class='ocrx_word' id='word_1_381' title='bbox 2714 3594 2868 3649; x_wconf 79' lang='lat' dir='ltr'><strong>Male</strong></span> 
     </span>
     <span class='ocr_line' id='line_1_70' title="bbox 1712 3663 2866 3735; baseline 0.003 -17"><span class='ocrx_word' id='word_1_382' title='bbox 1712 3665 1731 3717; x_wconf 92' lang='lat' dir='ltr'><strong>i</strong></span> <span class='ocrx_word' id='word_1_383' title='bbox 1778 3665 1891 3718; x_wconf 87' lang='lat' dir='ltr'><strong>&#39;tur</strong></span> <span class='ocrx_word' id='word_1_384' title='bbox 1925 3664 2093 3718; x_wconf 86' lang='lat' dir='ltr'><strong>etiam</strong></span> <span class='ocrx_word' id='word_1_385' title='bbox 2128 3664 2187 3717; x_wconf 93' lang='lat' dir='ltr'><strong>in</strong></span> <span class='ocrx_word' id='word_1_386' title='bbox 2212 3664 2375 3719; x_wconf 79' lang='lat' dir='ltr'><strong>bonis</strong></span> <span class='ocrx_word' id='word_1_387' title='bbox 2401 3663 2559 3718; x_wconf 87' lang='lat' dir='ltr'><strong>codd.</strong></span> <span class='ocrx_word' id='word_1_388' title='bbox 2586 3680 2653 3719; x_wconf 82' lang='lat' dir='ltr'><strong>ac</strong></span> <span class='ocrx_word' id='word_1_389' title='bbox 2670 3682 2866 3735; x_wconf 69' lang='lat' dir='ltr'><strong>prm</strong></span> 
     </span>
     <span class='ocr_line' id='line_1_71' title="bbox 1714 3734 2863 3805; baseline 0.002 -16"><span class='ocrx_word' id='word_1_390' title='bbox 1714 3740 1732 3801; x_wconf 89' lang='lat'><strong>(</strong></span> <span class='ocrx_word' id='word_1_391' title='bbox 1781 3736 2081 3804; x_wconf 83' lang='lat' dir='ltr'><strong>eerlkamp.</strong></span> <span class='ocrx_word' id='word_1_392' title='bbox 2126 3734 2335 3805; x_wconf 87' lang='lat' dir='ltr'><strong>Haupt.</strong></span> <span class='ocrx_word' id='word_1_393' title='bbox 2371 3734 2659 3790; x_wconf 78' lang='lat' dir='ltr'><strong>Eckstein.</strong></span> <span class='ocrx_word' id='word_1_394' title='bbox 2718 3737 2863 3791; x_wconf 81' lang='lat' dir='ltr'><strong>Miil-</strong></span> 
     </span>
     <span class='ocr_line' id='line_1_72' title="bbox 1712 3806 2862 3882; baseline 0.003 -22"><span class='ocrx_word' id='word_1_395' title='bbox 1712 3806 1854 3875; x_wconf 83' lang='lat' dir='ltr'><strong>ler.).</strong></span> <span class='ocrx_word' id='word_1_396' title='bbox 1877 3836 1943 3845; x_wconf 89' lang='lat'><strong>——</strong></span> <span class='ocrx_word' id='word_1_397' title='bbox 1965 3806 2184 3861; x_wconf 73' lang='lat' dir='ltr'><strong>cithara</strong></span> <span class='ocrx_word' id='word_1_398' title='bbox 2202 3806 2491 3879; x_wconf 78' lang='lat' dir='ltr'><strong>carentem]</strong></span> <span class='ocrx_word' id='word_1_399' title='bbox 2514 3806 2589 3861; x_wconf 87' lang='lat' dir='ltr'><strong>cf.</strong></span> <span class='ocrx_word' id='word_1_400' title='bbox 2606 3806 2862 3882; x_wconf 86' lang='lat' dir='ltr'><strong>Theogn.</strong></span> 
     </span>
     <span class='ocr_line' id='line_1_73' title="bbox 1714 3874 2869 3954; baseline 0.004 -24"><span class='ocrx_word' id='word_1_401' title='bbox 1714 3878 1818 3931; x_wconf 85' lang='lat'>&#39;789</span> <span class='ocrx_word' id='word_1_402' title='bbox 1840 3874 1979 3947; x_wconf 70' lang='lat' dir='ltr'><strong>„Mr&#39;J</strong></span> <span class='ocrx_word' id='word_1_403' title='bbox 1999 3884 2141 3932; x_wconf 76' lang='grc' dir='ltr'><strong><em>ποτέ</em></strong></span> <span class='ocrx_word' id='word_1_404' title='bbox 2157 3896 2259 3949; x_wconf 86' lang='grc' dir='ltr'><strong>μοι</strong></span> <span class='ocrx_word' id='word_1_405' title='bbox 2281 3880 2572 3951; x_wconf 76' lang='grc' dir='ltr'><strong><em>μελέδημα</em></strong></span> <span class='ocrx_word' id='word_1_406' title='bbox 2598 3876 2869 3954; x_wconf 76' lang='grc' dir='ltr'><em>νεώτερον</em></span> 
     </span>
     <span class='ocr_line' id='line_1_74' title="bbox 1711 3942 2865 4024; baseline 0.005 -24"><span class='ocrx_word' id='word_1_407' title='bbox 1711 3942 1841 4001; x_wconf 72' lang='grc' dir='ltr'><strong>ἄλλο</strong></span> <span class='ocrx_word' id='word_1_408' title='bbox 1884 3954 2085 4021; x_wconf 78' lang='grc' dir='ltr'><strong><em>φανείη</em></strong></span> <span class='ocrx_word' id='word_1_409' title='bbox 2134 3946 2262 4005; x_wconf 69' lang='grc' dir='ltr'><strong>Ἀπ’</strong></span> <span class='ocrx_word' id='word_1_410' title='bbox 2306 3946 2497 4020; x_wconf 77' lang='grc' dir='ltr'><strong><em>ἀρετῆς</em></strong></span> <span class='ocrx_word' id='word_1_411' title='bbox 2552 3956 2761 4024; x_wconf 76' lang='grc' dir='ltr'><strong><em>σοφίης</em></strong></span> <span class='ocrx_word' id='word_1_412' title='bbox 2799 3954 2865 4022; x_wconf 77' lang='grc' dir='ltr'><strong>τ’,</strong></span> 
     </span>
     <span class='ocr_line' id='line_1_75' title="bbox 1711 4015 2866 4098; baseline 0.007 -27"><span class='ocrx_word' id='word_1_413' title='bbox 1711 4016 1846 4072; x_wconf 77' lang='grc' dir='ltr'><strong>ἀλλὰ</strong></span> <span class='ocrx_word' id='word_1_414' title='bbox 1882 4015 1999 4073; x_wconf 80' lang='grc' dir='ltr'><em>τόδ’</em></span> <span class='ocrx_word' id='word_1_415' title='bbox 2040 4020 2160 4074; x_wconf 71' lang='grc' dir='ltr'><strong>αἰὲν</strong></span> <span class='ocrx_word' id='word_1_416' title='bbox 2195 4022 2345 4093; x_wconf 78' lang='grc' dir='ltr'><em>ἔχων</em></span> <span class='ocrx_word' id='word_1_417' title='bbox 2372 4026 2699 4095; x_wconf 76' lang='grc' dir='ltr'><strong><em>Τερποίμην</em></strong></span> <span class='ocrx_word' id='word_1_418' title='bbox 2723 4022 2866 4098; x_wconf 76' lang='grc' dir='ltr'><strong>φόρ-</strong></span> 
     </span>
     <span class='ocr_line' id='line_1_76' title="bbox 1710 4088 2871 4167; baseline 0.004 -23"><span class='ocrx_word' id='word_1_419' title='bbox 1710 4110 1873 4163; x_wconf 78' lang='grc' dir='ltr'><em>μιγγι</em></span> <span class='ocrx_word' id='word_1_420' title='bbox 1907 4096 2001 4145; x_wconf 73' lang='grc' dir='ltr'><strong>καὶ</strong></span> <span class='ocrx_word' id='word_1_421' title='bbox 2036 4088 2312 4165; x_wconf 70' lang='grc' dir='ltr'><em>ὀρχηθμῷ</em></span> <span class='ocrx_word' id='word_1_422' title='bbox 2356 4098 2448 4146; x_wconf 77' lang='grc' dir='ltr'><strong>καὶ</strong></span> <span class='ocrx_word' id='word_1_423' title='bbox 2494 4091 2672 4167; x_wconf 76' lang='grc' dir='ltr'><strong>ἀοιδῇ.</strong></span> <span class='ocrx_word' id='word_1_424' title='bbox 2753 4100 2871 4151; x_wconf 77' lang='grc' dir='ltr'><strong>Καὶ</strong></span> 
     </span>
     <span class='ocr_line' id='line_1_77' title="bbox 1708 4160 2866 4237; baseline 0.005 -20"><span class='ocrx_word' id='word_1_425' title='bbox 1708 4164 1851 4234; x_wconf 79' lang='grc' dir='ltr'><strong><em>μετὰ</em></strong></span> <span class='ocrx_word' id='word_1_426' title='bbox 1868 4165 1981 4218; x_wconf 81' lang='grc' dir='ltr'><strong>τῶν</strong></span> <span class='ocrx_word' id='word_1_427' title='bbox 1997 4160 2235 4235; x_wconf 74' lang='grc' dir='ltr'><em>ἀγαθῶν</em></span> <span class='ocrx_word' id='word_1_428' title='bbox 2252 4163 2462 4220; x_wconf 77' lang='grc' dir='ltr'><strong><em>ἐσθλὸν</em></strong></span> <span class='ocrx_word' id='word_1_429' title='bbox 2473 4166 2657 4237; x_wconf 78' lang='grc' dir='ltr'><strong><em>ἔχοιμι</em></strong></span> <span class='ocrx_word' id='word_1_430' title='bbox 2670 4162 2866 4223; x_wconf 51' lang='lat' dir='ltr'><strong>&#39;&#39;tion“</strong></span> 
     </span>
    </p>
   </div>
   <div class='ocr_carea' id='block_1_10' title="bbox 1466 4413 1859 4422">
    <p class='ocr_par' dir='ltr' id='par_1_10' title="bbox 1466 4413 1859 4422">
     <span class='ocr_line' id='line_1_78' title="bbox 1466 4413 1859 4422; baseline 0 0"><span class='ocrx_word' id='word_1_431' title='bbox 1466 4413 1859 4422; x_wconf 79' lang='lat'>——-—-—-</span> 
     </span>
    </p>
   </div>
  </div>
 </body>
</html>
