3092 5059
377 288 414 323 x
1169 262 1289 327 EX
1334 262 1945 329 PRAEFATIONE

377 444 808 545 pollicetur.
863 446 1162 522 Deinde
1213 448 1471 524 addit:
1550 448 1787 547 „alios
1840 450 2075 547 locos,
2143 463 2347 527 certe
2398 452 2769 551 antiquis-

377 570 632 665 simos,
717 571 846 670 qui
916 572 996 645 in
1055 571 1274 648 libris
1324 573 1540 649 Mstis
1595 574 1985 650 nonnullis
2040 577 2267 652 etiam
2336 578 2765 653 vetustiori-

377 698 517 770 bus
566 695 952 793 leguntur,
1008 698 1464 775 scholiastae
1516 699 1901 797 ignorant,
1950 714 2035 777 ut
2088 701 2561 799 paucissimis
2606 704 2767 779 for-

374 832 574 895 tasse
645 822 1038 919 exempliS,
1113 848 1310 921 quae
1388 824 1539 920 ipsi
1599 850 1753 900 non
1823 826 2206 921 viderunt,
2277 828 2809 929 propagatos,

375 946 467 1019 In
536 944 654 1021 his
724 973 1212 1029 numeramus
1279 962 1451 1023 octo
1521 974 1787 1025 versus
1850 950 2026 1025 illos
2096 948 2441 1027 decimae
2488 952 2767 1028 satirae

374 1072 887 1169 praepositos:
990 1074 1257 1150 Lucili
1309 1100 1538 1175 quam
1586 1080 1693 1151 sis
1740 1079 2133 1152 mendosus
2192 1116 2275 1128 —
2331 1091 2415 1151 ut
2464 1080 2767 1153 redeam

377 1199 588 1293 illuc,
661 1180 850 1296 quos
920 1182 999 1272 in
1051 1199 1230 1274 Mss,
1303 1200 1512 1275 haud
1579 1201 1865 1297 paucis,
1938 1228 2091 1278 non
2159 1215 2439 1294 tamen,
2500 1200 2769 1297 fateor,

377 1322 924 1418 vetustissimis,
977 1326 1443 1421 reperimus:
1497 1338 1575 1401 et
1624 1326 1883 1400 locum
1936 1326 1998 1401 I.
2050 1326 2205 1403 Sat.
2252 1330 2318 1423 6,
2364 1329 2504 1399 126
2538 1326 2770 1430 fuyio

377 1472 728 1549 eampum
797 1450 1178 1549 lusumque
1249 1456 1609 1553 triyonem
1634 1448 1782 1549 *).“
1884 1453 1999 1527 De
2069 1478 2295 1527 versu
2368 1464 2627 1527 autem
2696 1464 2775 1527 et

378 1570 864 1668 difficillimo,
919 1588 998 1649 et
1047 1574 1562 1672 vexatissimo,
1616 1576 1871 1653 Carm.
1914 1576 2055 1671 IV,
2100 1579 2321 1674 8,17,
2370 1576 2568 1651 inter
2618 1576 2771 1653 alia

375 1696 566 1773 haec
615 1698 950 1799 scripsit:
1015 1697 1220 1795 „Sed
1273 1714 1596 1797 propter
1644 1701 2213 1799 impeditiorem
2258 1702 2339 1776 in
2388 1700 2767 1779 Herman-

374 1827 619 1899 m‘ana
635 1822 747 1910 **)
815 1849 1175 1899 versuum
1248 1825 1843 1923 transpositione
1930 1826 2345 1900 verborum
2428 1840 2772 1902 constru-

379 1948 709 2023 ctionem
763 1960 840 2023 et
891 1947 1270 2045 lacunam,
1327 1975 1526 2049 quae
1578 1949 1689 2025 sic
1740 1951 2005 2045 oritur,
2050 1950 2257 2025 haud
2310 1951 2541 2027 facile
2594 1976 2773 2051 sup·

375 2071 764 2171 plendam,
838 2076 1198 2151 convenit
1259 2078 1400 2151 sub
1470 2077 1705 2151 finem
1766 2077 1952 2151 anni
2021 2080 2213 2151 1844
2278 2102 2418 2176 per
2482 2076 2772 2153 litteras

379 2195 592 2273 datas
646 2199 846 2273 inter
898 2223 1021 2273 me
1059 2224 1597 2300 summumque
1649 2201 1854 2277 hunc
1886 2204 2237 2277 criticum
2278 2202 2377 2277 de
2420 2200 2773 2278 faciliore

376 2323 522 2397 hac
577 2323 1204 2422 transpositione:
1257 2332 1584 2427 „qaudee
1636 2330 2132 2405 carminibus:
2200 2332 2549 2405 earmina
2592 2352 2774 2431 pos-

373 2474 627 2523 sumus
659 2444 666 2541 Ι
704 2448 1018 2525 Donare
1041 2464 1109 2525 et
1133 2459 1470 2554 pretium
1491 2456 1739 2529 dicere
1762 2458 2095 2529 muneris
2112 2448 2251 2550 (sic
2274 2452 2456 2527 Aer.
2486 2452 2773 2552 Porph.

373 2578 673 2649 muneri
719 2572 945 2647 codd.
999 2576 1242 2651 nostri
1296 2573 1591 2673 omnes)
1640 2574 1651 2673 Ι
1697 2578 1849 2653 Per
1894 2604 2088 2676 quae
2130 2583 2449 2682 spiritu-3
2500 2590 2571 2653 et
2612 2582 2774 2653 vita

375 2702 574 2775 redit
619 2701 834 2775 bonis
877 2695 889 2795 Ι
935 2700 1117 2775 Post
1163 2714 1472 2777 mortem
1525 2702 1863 2777 ducibus.
1930 2698 2107 2777 ,Non
2158 2704 2426 2777 celeres
2457 2700 2705 2803 fuyae
2758 2696 2767 2795 Ι

382 2824 872 2925 Reieetaeque
919 2838 1322 2900 retrorsum
1374 2826 1855 2902 Hannibalis
1912 2830 2191 2919 minae,
2234 2823 2247 2919 Ι
2293 2823 2470 2901 Non
2518 2829 2772 2900 z‘rceiea

369 2954 568 3024 notis
633 2975 1020 3025 marmora
1069 2951 1418 3053 publicis
1469 2945 1482 3045 Ι
1537 2950 1754 3043 Eius,
1826 2954 1964 3050 qui
2012 2953 2301 3026 domita
2348 2975 2617 3025 nomen
2671 2952 2769 3027 ab

372 3073 654 3176 Africa
711 3070 932 3150 cett.“
1037 3074 1167 3150 Sic
1235 3076 1491 3150 omnia
1559 3076 1755 3151 bene
1820 3100 1903 3151 se
1952 3074 2281 3150 habent:
2372 3080 2769 3171 „earmina

363 3226 764 3303 possumus
828 3204 1134 3294 donare,
1188 3226 1329 3303 per
1393 3226 1587 3301 quae
1656 3204 1977 3304 spiritus
2026 3214 2095 3274 et
2136 3203 2299 3275 vita
2350 3204 2551 3277 redit
2590 3216 2773 3302 poet

373 3340 677 3402 mortem
754 3328 970 3403 bonis
1019 3328 1337 3403 ducibus
1387 3326 1434 3400 i.
1491 3352 1555 3401 e.
1592 3351 1741 3429 per
1790 3351 1983 3425 quae
2050 3328 2510 3403 immortales
2532 3328 2761 3429 fiunt.

375 3450 499 3527 Sic
549 3452 877 3547 pretium
930 3452 1394 3527 carminibus
1445 3451 1705 3525 statim
1768 3450 2143 3545 statuitur,
2192 3462 2267 3525 et
2318 3467 2539 3549 grata
2586 3476 2769 3527 ana·-

376 3575 624 3673 phora
675 3588 1054 3652 servatur:
1159 3574 1337 3654 Non
1393 3558 1663 3653 celeres
1712 3575 1959 3677 fuyae
2027 3616 2107 3677 -7
2178 3602 2331 3653 non
2388 3602 2771 3653 marmora

521 3835 570 3903 *)
605 3834 764 3891 Hane
807 3834 1121 3903 lectionem,
1167 3833 1306 3889 olim
1353 3851 1388 3889 a
1419 3832 1667 3902 cruquio
1712 3851 1743 3889 e
1786 3832 1909 3887 ood.
1946 3832 2145 3889 Blend.
2196 3836 2245 3887 1.
2288 3833 2597 3904 vulgatam,
2646 3836 2773 3903 post

377 3932 542 3987 huius
587 3932 878 3987 interitum
923 3948 1026 4001 pro
1086 3929 1380 4000 deperdita
1423 3930 1695 3999 habitam,
1740 3949 1776 3985 a
1818 3931 2101 3985 nonnullis
2154 3934 2344 3985 tamen
2404 3930 2541 3983 viris
2596 3928 2778 3984 doctis

377 4028 578 4099 cupide
613 4032 899 4098 arreptam
921 4045 1071 4083 nunc
1093 4045 1152 4082 se
1189 4026 1248 4081 in
1284 4027 1404 4082 eod.
1432 4026 1599 4081 Goth.
1628 4030 1679 4091 2,
1720 4046 1753 4081 a
1788 4026 2099 4097 repperisse
2124 4027 2205 4082 ait
2230 4026 2571 4081 Kirchnms
2604 4043 2659 4096 p.
2685 4028 2773 4081 23.

375 4125 582 4180 Veram
615 4129 805 4179 tamen
841 4124 1138 4179 lectionem
1171 4122 1378 4179 rabiosi
1421 4129 1667 4194 tempora
1708 4123 1861 4195 simui
1903 4127 2099 4179 tuetur
2136 4124 2309 4179 etiam
2354 4122 2774 4192 antiquissimus

375 4222 548 4278 codex
584 4220 1042 4283 Baroellonensis,
1079 4238 1260 4291 nuper
1295 4220 1366 4275 ab
1403 4220 1714 4277 Hauthalio
1750 4220 2053 4291 diligenter
2084 4220 2398 4289 descriptus
2436 4220 2645 4286 (Ueber
2680 4220 2775 4276 die

377 4320 576 4375 alteste
619 4318 912 4387 spanische
947 4318 1318 4373 Handschrift
1359 4318 1457 4374 des
1491 4318 1678 4373 Horat
1728 4317 1843 4373 und
1890 4317 1989 4372 des
2022 4320 2228 4372 Aaron.
2276 4314 2453 4372 Bonn-
2508 4314 2773 4373 Habieht.

381 4416 560 4483 184⁷),
601 4420 660 4471 et
697 4414 830 4470 God.
867 4415 1116 4470 Bruxell.
1155 4415 1222 4471 X.
1259 4432 1418 4485 saec„
1469 4430 1637 4485 quem
1682 4414 1831 4469 vidit
1873 4412 2329 4482 δοὴκάᾶοωίηιισ,
2378 4412 2447 4469 of.
2497 4412 2773 4484 Philolog.

379 4511 534 4566 Tom.
575 4510 617 4566 1.
655 4511 786 4566 fasc.
833 4514 876 4565 1.
915 4528 970 4581 p.
999 4514 1118 4566 168.

521 4608 605 4680 **)
643 4609 946 4664 Hermann.
987 4609 1233 4680 Epitom.
1271 4608 1450 4663 doctr.
1488 4612 1652 4664 metr.
1690 4604 1741 4678 §.
1778 4608 1899 4660 578.
1934 4604 2021 4661 ed.
2060 4604 2129 4659 11.
