<?xml version="1.0" encoding="UTF-8"?>
<!DOCTYPE html PUBLIC "-//W3C//DTD XHTML 1.0 Transitional//EN"
    "http://www.w3.org/TR/xhtml1/DTD/xhtml1-transitional.dtd">
<html xmlns="http://www.w3.org/1999/xhtml" xml:lang="en" lang="en">
 <head>
  <title>
</title>
<meta http-equiv="Content-Type" content="text/html;charset=utf-8" />
  <meta name='ocr-system' content='tesseract 3.04.00' />
  <meta name='ocr-capabilities' content='ocr_page ocr_carea ocr_par ocr_line ocrx_word'/>
</head>
<body>
  <div class='ocr_page' id='page_1' title='image "./qhoratiiflaccio05unkngoog_0430.png"; bbox 0 0 3092 5059; ppageno 0'>
   <div class='ocr_carea' id='block_1_1' title="bbox 463 196 590 263">
    <p class='ocr_par' dir='ltr' id='par_1_1' title="bbox 463 196 590 263">
     <span class='ocr_line' id='line_1_1' title="bbox 463 196 590 263; baseline 0.016 -2"><span class='ocrx_word' id='word_1_1' title='bbox 463 196 590 263; x_wconf 81' lang='lat'><strong>400</strong></span> 
     </span>
    </p>
   </div>
   <div class='ocr_carea' id='block_1_2' title="bbox 1417 198 1919 265">
    <p class='ocr_par' dir='ltr' id='par_1_2' title="bbox 1417 198 1919 265">
     <span class='ocr_line' id='line_1_2' title="bbox 1417 198 1919 265; baseline 0 0"><span class='ocrx_word' id='word_1_2' title='bbox 1417 198 1919 265; x_wconf 75' lang='lat' dir='ltr'>SATIRARUM</span> 
     </span>
    </p>
   </div>
   <div class='ocr_carea' id='block_1_3' title="bbox 476 379 2753 1733">
    <p class='ocr_par' dir='ltr' id='par_1_3' title="bbox 500 379 2653 984">
     <span class='ocr_line' id='line_1_3' title="bbox 500 379 2653 485; baseline 0.003 -32"><span class='ocrx_word' id='word_1_3' title='bbox 500 412 525 453; x_wconf 68' lang='grc' dir='ltr'><strong>ις</strong></span> <span class='ocrx_word' id='word_1_4' title='bbox 563 379 1080 482; x_wconf 88' lang='lat' dir='ltr'><strong>Obscenoque</strong></span> <span class='ocrx_word' id='word_1_5' title='bbox 1131 386 1364 461; x_wconf 87' lang='lat' dir='ltr'><strong>ruber</strong></span> <span class='ocrx_word' id='word_1_6' title='bbox 1415 399 1816 485; x_wconf 88' lang='lat' dir='ltr'><strong>porrectus</strong></span> <span class='ocrx_word' id='word_1_7' title='bbox 1868 386 1967 461; x_wconf 87' lang='lat' dir='ltr'><strong>ab</strong></span> <span class='ocrx_word' id='word_1_8' title='bbox 2024 386 2341 484; x_wconf 81' lang='lat' dir='ltr'><strong>inguine</strong></span> <span class='ocrx_word' id='word_1_9' title='bbox 2390 385 2653 483; x_wconf 83' lang='lat' dir='ltr'><strong>palus:</strong></span> 
     </span>
     <span class='ocr_line' id='line_1_4' title="bbox 557 507 2511 607; baseline 0.002 -27"><span class='ocrx_word' id='word_1_10' title='bbox 557 507 704 583; x_wconf 88' lang='lat' dir='ltr'><strong>Ast</strong></span> <span class='ocrx_word' id='word_1_11' title='bbox 751 510 1232 607; x_wconf 78' lang='lat' dir='ltr'><strong>importunas</strong></span> <span class='ocrx_word' id='word_1_12' title='bbox 1289 510 1637 587; x_wconf 87' lang='lat' dir='ltr'><strong>volucres</strong></span> <span class='ocrx_word' id='word_1_13' title='bbox 1684 512 1765 587; x_wconf 92' lang='lat' dir='ltr'><strong>in</strong></span> <span class='ocrx_word' id='word_1_14' title='bbox 1820 511 2107 588; x_wconf 84' lang='lat' dir='ltr'><strong>vertice</strong></span> <span class='ocrx_word' id='word_1_15' title='bbox 2156 510 2511 588; x_wconf 83' lang='lat' dir='ltr'><strong>harundo</strong></span> 
     </span>
     <span class='ocr_line' id='line_1_5' title="bbox 560 634 2627 735; baseline -0 -27"><span class='ocrx_word' id='word_1_16' title='bbox 560 634 829 709; x_wconf 84' lang='lat' dir='ltr'><strong>Terret</strong></span> <span class='ocrx_word' id='word_1_17' title='bbox 880 634 1036 710; x_wconf 80' lang='lat' dir='ltr'><strong>fixa</strong></span> <span class='ocrx_word' id='word_1_18' title='bbox 1087 648 1447 735; x_wconf 85' lang='lat' dir='ltr'><strong>vetatque</strong></span> <span class='ocrx_word' id='word_1_19' title='bbox 1498 637 1721 711; x_wconf 86' lang='lat' dir='ltr'><strong>novis</strong></span> <span class='ocrx_word' id='word_1_20' title='bbox 1776 634 2179 711; x_wconf 88' lang='lat' dir='ltr'><strong>considere</strong></span> <span class='ocrx_word' id='word_1_21' title='bbox 2228 636 2309 709; x_wconf 89' lang='lat' dir='ltr'><strong>in</strong></span> <span class='ocrx_word' id='word_1_22' title='bbox 2362 634 2627 710; x_wconf 86' lang='lat' dir='ltr'><strong>hortis.</strong></span> 
     </span>
     <span class='ocr_line' id='line_1_6' title="bbox 560 756 2399 858; baseline 0.002 -26"><span class='ocrx_word' id='word_1_23' title='bbox 560 756 741 832; x_wconf 87' lang='lat' dir='ltr'><strong>Huc</strong></span> <span class='ocrx_word' id='word_1_24' title='bbox 791 759 1008 855; x_wconf 91' lang='lat' dir='ltr'><strong>prius</strong></span> <span class='ocrx_word' id='word_1_25' title='bbox 1063 761 1406 858; x_wconf 87' lang='lat' dir='ltr'><strong>angustis</strong></span> <span class='ocrx_word' id='word_1_26' title='bbox 1463 760 1707 837; x_wconf 82' lang='lat' dir='ltr'><strong>eiecta</strong></span> <span class='ocrx_word' id='word_1_27' title='bbox 1758 760 2137 837; x_wconf 82' lang='lat' dir='ltr'><strong>cadavera</strong></span> <span class='ocrx_word' id='word_1_28' title='bbox 2188 759 2399 836; x_wconf 83' lang='lat' dir='ltr'><strong>cellis</strong></span> 
     </span>
     <span class='ocr_line' id='line_1_7' title="bbox 561 883 2373 984; baseline 0 -23"><span class='ocrx_word' id='word_1_29' title='bbox 561 886 996 961; x_wconf 87' lang='lat' dir='ltr'><strong>Conservus</strong></span> <span class='ocrx_word' id='word_1_30' title='bbox 1050 883 1190 959; x_wconf 86' lang='lat' dir='ltr'><strong>vili</strong></span> <span class='ocrx_word' id='word_1_31' title='bbox 1239 884 1625 984; x_wconf 83' lang='lat' dir='ltr'><strong>portanda</strong></span> <span class='ocrx_word' id='word_1_32' title='bbox 1672 885 1977 962; x_wconf 85' lang='lat' dir='ltr'><strong>locabat</strong></span> <span class='ocrx_word' id='word_1_33' title='bbox 2018 887 2097 961; x_wconf 89' lang='lat' dir='ltr'><strong>in</strong></span> <span class='ocrx_word' id='word_1_34' title='bbox 2151 910 2373 979; x_wconf 82' lang='lat' dir='ltr'><strong>arca3</strong></span> 
     </span>
    </p>

    <p class='ocr_par' dir='ltr' id='par_1_4' title="bbox 476 1006 2753 1606">
     <span class='ocr_line' id='line_1_8' title="bbox 476 1006 2653 1108; baseline 0.003 -31"><span class='ocrx_word' id='word_1_35' title='bbox 476 1040 527 1077; x_wconf 80' lang='grc' dir='ltr'><strong>ιο</strong></span> <span class='ocrx_word' id='word_1_36' title='bbox 561 1007 737 1084; x_wconf 88' lang='lat' dir='ltr'><strong>Hoc</strong></span> <span class='ocrx_word' id='word_1_37' title='bbox 787 1008 1111 1085; x_wconf 81' lang='lat' dir='ltr'><strong>miserae</strong></span> <span class='ocrx_word' id='word_1_38' title='bbox 1161 1010 1379 1107; x_wconf 92' lang='lat' dir='ltr'><strong>plebi</strong></span> <span class='ocrx_word' id='word_1_39' title='bbox 1431 1011 1687 1087; x_wconf 85' lang='lat' dir='ltr'><strong>stabat</strong></span> <span class='ocrx_word' id='word_1_40' title='bbox 1731 1036 2139 1086; x_wconf 89' lang='lat' dir='ltr'><strong>commune</strong></span> <span class='ocrx_word' id='word_1_41' title='bbox 2192 1006 2653 1108; x_wconf 84' lang='lat' dir='ltr'><strong>sepulcrum,</strong></span> 
     </span>
     <span class='ocr_line' id='line_1_9' title="bbox 558 1130 2369 1235; baseline 0.001 -28"><span class='ocrx_word' id='word_1_42' title='bbox 558 1130 982 1209; x_wconf 82' lang='lat' dir='ltr'>Pantolabo</span> <span class='ocrx_word' id='word_1_43' title='bbox 1031 1160 1340 1211; x_wconf 85' lang='lat' dir='ltr'><strong>scurrae</strong></span> <span class='ocrx_word' id='word_1_44' title='bbox 1389 1136 2034 1234; x_wconf 83' lang='lat' dir='ltr'><strong>Nomentanoque</strong></span> <span class='ocrx_word' id='word_1_45' title='bbox 2081 1130 2369 1235; x_wconf 75' lang='lat' dir='ltr'><strong>nepoti.‘</strong></span> 
     </span>
     <span class='ocr_line' id='line_1_10' title="bbox 559 1257 2753 1360; baseline 0 -27"><span class='ocrx_word' id='word_1_46' title='bbox 559 1257 779 1334; x_wconf 89' lang='lat' dir='ltr'><strong>Mille</strong></span> <span class='ocrx_word' id='word_1_47' title='bbox 831 1258 1070 1356; x_wconf 85' lang='lat' dir='ltr'><strong>pedes</strong></span> <span class='ocrx_word' id='word_1_48' title='bbox 1123 1262 1204 1336; x_wconf 92' lang='lat' dir='ltr'><strong>in</strong></span> <span class='ocrx_word' id='word_1_49' title='bbox 1251 1261 1534 1357; x_wconf 87' lang='lat' dir='ltr'><strong>fronte,</strong></span> <span class='ocrx_word' id='word_1_50' title='bbox 1592 1273 1975 1337; x_wconf 86' lang='lat' dir='ltr'><strong>trecentos</strong></span> <span class='ocrx_word' id='word_1_51' title='bbox 2028 1261 2299 1360; x_wconf 83' lang='lat' dir='ltr'>cippus</span> <span class='ocrx_word' id='word_1_52' title='bbox 2352 1261 2431 1333; x_wconf 92' lang='lat' dir='ltr'><strong>in</strong></span> <span class='ocrx_word' id='word_1_53' title='bbox 2483 1283 2753 1355; x_wconf 83' lang='lat' dir='ltr'><strong>agrum</strong></span> 
     </span>
     <span class='ocr_line' id='line_1_11' title="bbox 560 1380 2712 1481; baseline -0.002 -22"><span class='ocrx_word' id='word_1_54' title='bbox 560 1384 712 1459; x_wconf 88' lang='lat' dir='ltr'><strong>Hic</strong></span> <span class='ocrx_word' id='word_1_55' title='bbox 764 1383 1016 1481; x_wconf 85' lang='lat' dir='ltr'><strong>dabat,</strong></span> <span class='ocrx_word' id='word_1_56' title='bbox 1071 1380 1397 1458; x_wconf 86' lang='lat' dir='ltr'><strong>heredes</strong></span> <span class='ocrx_word' id='word_1_57' title='bbox 1447 1396 2027 1457; x_wconf 88' lang='lat' dir='ltr'><strong>monumentum</strong></span> <span class='ocrx_word' id='word_1_58' title='bbox 2086 1408 2185 1457; x_wconf 91' lang='lat' dir='ltr'><strong>ne</strong></span> <span class='ocrx_word' id='word_1_59' title='bbox 2238 1396 2712 1481; x_wconf 84' lang='lat' dir='ltr'><strong>sequeretur.</strong></span> 
     </span>
     <span class='ocr_line' id='line_1_12' title="bbox 564 1504 2608 1606; baseline -0.001 -23"><span class='ocrx_word' id='word_1_60' title='bbox 564 1508 786 1585; x_wconf 91' lang='lat' dir='ltr'><strong>Nunc</strong></span> <span class='ocrx_word' id='word_1_61' title='bbox 834 1508 1016 1585; x_wconf 82' lang='lat' dir='ltr'><strong>licet</strong></span> <span class='ocrx_word' id='word_1_62' title='bbox 1065 1506 1430 1606; x_wconf 82' lang='lat' dir='ltr'><strong>Esquiliis</strong></span> <span class='ocrx_word' id='word_1_63' title='bbox 1485 1505 1838 1582; x_wconf 84' lang='lat' dir='ltr'><strong>habitare</strong></span> <span class='ocrx_word' id='word_1_64' title='bbox 1890 1504 2325 1583; x_wconf 84' lang='lat' dir='ltr'><strong>salubribus</strong></span> <span class='ocrx_word' id='word_1_65' title='bbox 2378 1518 2608 1605; x_wconf 87' lang='lat' dir='ltr'><strong>atque</strong></span> 
     </span>
    </p>

    <p class='ocr_par' dir='ltr' id='par_1_5' title="bbox 476 1630 2529 1733">
     <span class='ocr_line' id='line_1_13' title="bbox 476 1630 2529 1733; baseline -0 -27"><span class='ocrx_word' id='word_1_66' title='bbox 476 1666 526 1707; x_wconf 69' lang='grc' dir='ltr'><strong>η</strong></span> <span class='ocrx_word' id='word_1_67' title='bbox 562 1632 879 1733; x_wconf 87' lang='lat' dir='ltr'><strong>Aggere</strong></span> <span class='ocrx_word' id='word_1_68' title='bbox 932 1634 1013 1708; x_wconf 91' lang='lat' dir='ltr'><strong>in</strong></span> <span class='ocrx_word' id='word_1_69' title='bbox 1065 1633 1330 1730; x_wconf 87' lang='lat' dir='ltr'><strong>aprico</strong></span> <span class='ocrx_word' id='word_1_70' title='bbox 1386 1632 1723 1730; x_wconf 81' lang='lat' dir='ltr'><strong>spatiari,</strong></span> <span class='ocrx_word' id='word_1_71' title='bbox 1782 1657 1933 1732; x_wconf 91' lang='lat' dir='ltr'><strong>quo</strong></span> <span class='ocrx_word' id='word_1_72' title='bbox 1991 1630 2223 1705; x_wconf 93' lang='lat' dir='ltr'><strong>modo</strong></span> <span class='ocrx_word' id='word_1_73' title='bbox 2278 1630 2529 1705; x_wconf 82' lang='lat' dir='ltr'><strong>tristes</strong></span> 
     </span>
    </p>
   </div>
   <div class='ocr_carea' id='block_1_4' title="bbox 455 1896 1616 3039">
    <p class='ocr_par' dir='ltr' id='par_1_6' title="bbox 455 1896 1616 3039">
     <span class='ocr_line' id='line_1_14' title="bbox 457 1896 1615 1969; baseline 0 -18"><span class='ocrx_word' id='word_1_74' title='bbox 457 1915 631 1969; x_wconf 76' lang='lat' dir='ltr'><strong>gnum</strong></span> <span class='ocrx_word' id='word_1_75' title='bbox 672 1897 812 1952; x_wconf 88' lang='lat' dir='ltr'><strong>rude</strong></span> <span class='ocrx_word' id='word_1_76' title='bbox 857 1896 1058 1953; x_wconf 83' lang='lat' dir='ltr'><strong>vilicus</strong></span> <span class='ocrx_word' id='word_1_77' title='bbox 1102 1897 1318 1953; x_wconf 86' lang='lat' dir='ltr'><strong>dolavit</strong></span> <span class='ocrx_word' id='word_1_78' title='bbox 1355 1896 1432 1952; x_wconf 75' lang='lat' dir='ltr'><strong>Et</strong></span> <span class='ocrx_word' id='word_1_79' title='bbox 1468 1897 1615 1952; x_wconf 83' lang='lat' dir='ltr'><strong>dixit</strong></span> 
     </span>
     <span class='ocr_line' id='line_1_15' title="bbox 455 1968 1616 2039; baseline -0.001 -16"><span class='ocrx_word' id='word_1_80' title='bbox 455 1970 621 2023; x_wconf 88' lang='lat' dir='ltr'><strong>mihi:</strong></span> <span class='ocrx_word' id='word_1_81' title='bbox 671 1968 757 2023; x_wconf 88' lang='lat' dir='ltr'><strong>Tu</strong></span> <span class='ocrx_word' id='word_1_82' title='bbox 807 1968 1045 2039; x_wconf 77' lang='lat' dir='ltr'><strong>Priapus</strong></span> <span class='ocrx_word' id='word_1_83' title='bbox 1090 1970 1261 2024; x_wconf 86' lang='lat' dir='ltr'><strong>est0.“</strong></span> <span class='ocrx_word' id='word_1_84' title='bbox 1339 1970 1616 2024; x_wconf 79' lang='lat' dir='ltr'><strong>Similiter</strong></span> 
     </span>
     <span class='ocr_line' id='line_1_16' title="bbox 458 2040 1615 2111; baseline -0.003 -15"><span class='ocrx_word' id='word_1_85' title='bbox 458 2040 801 2096; x_wconf 76' lang='lat' dir='ltr'><strong>Vertumnus</strong></span> <span class='ocrx_word' id='word_1_86' title='bbox 856 2041 1008 2111; x_wconf 82' lang='lat' dir='ltr'><strong>apud</strong></span> <span class='ocrx_word' id='word_1_87' title='bbox 1051 2041 1436 2111; x_wconf 77' lang='lat' dir='ltr'><strong>Propertium.</strong></span> <span class='ocrx_word' id='word_1_88' title='bbox 1461 2041 1522 2104; x_wconf 87' lang='lat' dir='ltr'><strong>V,</strong></span> <span class='ocrx_word' id='word_1_89' title='bbox 1560 2042 1615 2109; x_wconf 89' lang='lat'><strong>2,</strong></span> 
     </span>
     <span class='ocr_line' id='line_1_17' title="bbox 459 2112 1616 2183; baseline 0 -17"><span class='ocrx_word' id='word_1_90' title='bbox 459 2115 556 2168; x_wconf 71' lang='lat'><strong>592</strong></span> <span class='ocrx_word' id='word_1_91' title='bbox 597 2112 816 2183; x_wconf 89' lang='lat' dir='ltr'><strong>„Stipes</strong></span> <span class='ocrx_word' id='word_1_92' title='bbox 841 2130 1074 2167; x_wconf 87' lang='lat' dir='ltr'><strong>acernus</strong></span> <span class='ocrx_word' id='word_1_93' title='bbox 1101 2130 1254 2167; x_wconf 88' lang='lat' dir='ltr'><strong>eram</strong></span> <span class='ocrx_word' id='word_1_94' title='bbox 1283 2112 1616 2183; x_wconf 78' lang='lat' dir='ltr'><strong>properanti</strong></span> 
     </span>
     <span class='ocr_line' id='line_1_18' title="bbox 459 2182 1614 2254; baseline -0.001 -16"><span class='ocrx_word' id='word_1_95' title='bbox 459 2182 602 2239; x_wconf 80' lang='lat' dir='ltr'><strong>falce</strong></span> <span class='ocrx_word' id='word_1_96' title='bbox 648 2185 922 2240; x_wconf 88' lang='lat' dir='ltr'><strong>dolatus.“</strong></span> <span class='ocrx_word' id='word_1_97' title='bbox 976 2214 1038 2225; x_wconf 88' lang='lat'>-</span> <span class='ocrx_word' id='word_1_98' title='bbox 1093 2186 1263 2239; x_wconf 80' lang='lat' dir='ltr'><strong>eiecta</strong></span> <span class='ocrx_word' id='word_1_99' title='bbox 1319 2184 1614 2254; x_wconf 79' lang='lat' dir='ltr'><strong>cadavera]</strong></span> 
     </span>
     <span class='ocr_line' id='line_1_19' title="bbox 458 2254 1610 2326; baseline -0.002 -15"><span class='ocrx_word' id='word_1_100' title='bbox 458 2254 690 2311; x_wconf 82' lang='lat' dir='ltr'><strong>Becker.</strong></span> <span class='ocrx_word' id='word_1_101' title='bbox 727 2256 868 2311; x_wconf 87' lang='lat' dir='ltr'><strong>Gall.</strong></span> <span class='ocrx_word' id='word_1_102' title='bbox 914 2255 978 2309; x_wconf 87' lang='grc' dir='ltr'><strong>Τ.</strong></span> <span class='ocrx_word' id='word_1_103' title='bbox 1013 2256 1084 2311; x_wconf 93' lang='lat'><strong>11.</strong></span> <span class='ocrx_word' id='word_1_104' title='bbox 1127 2274 1182 2326; x_wconf 93' lang='lat' dir='ltr'><strong>p.</strong></span> <span class='ocrx_word' id='word_1_105' title='bbox 1223 2259 1327 2311; x_wconf 79' lang='lat'><strong>298</strong></span> <span class='ocrx_word' id='word_1_106' title='bbox 1381 2256 1492 2325; x_wconf 87' lang='lat' dir='ltr'><strong>(ed.</strong></span> <span class='ocrx_word' id='word_1_107' title='bbox 1537 2256 1610 2324; x_wconf 82' lang='lat'><strong>1):</strong></span> 
     </span>
     <span class='ocr_line' id='line_1_20' title="bbox 461 2328 1615 2399; baseline -0.001 -18"><span class='ocrx_word' id='word_1_108' title='bbox 461 2328 847 2399; x_wconf 80' lang='lat' dir='ltr'><strong>„Allgemeine</strong></span> <span class='ocrx_word' id='word_1_109' title='bbox 917 2328 1444 2399; x_wconf 73' lang='lat' dir='ltr'><strong>Begr&#39;a&#39;bnisspliitze</strong></span> <span class='ocrx_word' id='word_1_110' title='bbox 1519 2328 1615 2381; x_wconf 81' lang='lat' dir='ltr'><strong>fiir</strong></span> 
     </span>
     <span class='ocr_line' id='line_1_21' title="bbox 459 2399 1613 2470; baseline -0.003 -16"><span class='ocrx_word' id='word_1_111' title='bbox 459 2400 572 2454; x_wconf 89' lang='lat' dir='ltr'><strong>alle</strong></span> <span class='ocrx_word' id='word_1_112' title='bbox 607 2400 844 2455; x_wconf 85' lang='lat' dir='ltr'><strong>Klassen</strong></span> <span class='ocrx_word' id='word_1_113' title='bbox 879 2400 992 2470; x_wconf 78' lang='lat' dir='ltr'><strong>gab</strong></span> <span class='ocrx_word' id='word_1_114' title='bbox 1029 2417 1086 2453; x_wconf 87' lang='lat' dir='ltr'><strong>es</strong></span> <span class='ocrx_word' id='word_1_115' title='bbox 1123 2418 1191 2453; x_wconf 81' lang='lat' dir='ltr'><strong>zu</strong></span> <span class='ocrx_word' id='word_1_116' title='bbox 1236 2400 1434 2455; x_wconf 86' lang='lat' dir='ltr'><strong>keiner</strong></span> <span class='ocrx_word' id='word_1_117' title='bbox 1469 2399 1613 2455; x_wconf 81' lang='lat' dir='ltr'><strong>Zeit-</strong></span> 
     </span>
     <span class='ocr_line' id='line_1_22' title="bbox 459 2470 1613 2541; baseline -0.001 -16"><span class='ocrx_word' id='word_1_118' title='bbox 459 2470 596 2525; x_wconf 86' lang='lat' dir='ltr'><strong>Wer</strong></span> <span class='ocrx_word' id='word_1_119' title='bbox 647 2470 850 2541; x_wconf 77' lang='lat' dir='ltr'><strong>irgend</strong></span> <span class='ocrx_word' id='word_1_120' title='bbox 901 2471 991 2525; x_wconf 89' lang='lat' dir='ltr'><strong>die</strong></span> <span class='ocrx_word' id='word_1_121' title='bbox 1039 2471 1251 2527; x_wconf 84' lang='lat' dir='ltr'><strong>Kosten</strong></span> <span class='ocrx_word' id='word_1_122' title='bbox 1306 2471 1613 2526; x_wconf 83' lang='lat' dir='ltr'><strong>bestreiten</strong></span> 
     </span>
     <span class='ocr_line' id='line_1_23' title="bbox 458 2542 1615 2609; baseline 0.001 -12"><span class='ocrx_word' id='word_1_123' title='bbox 458 2543 687 2609; x_wconf 86' lang='lat' dir='ltr'><strong>konnte,</strong></span> <span class='ocrx_word' id='word_1_124' title='bbox 725 2543 825 2597; x_wconf 89' lang='lat' dir='ltr'><strong>der</strong></span> <span class='ocrx_word' id='word_1_125' title='bbox 861 2542 1066 2597; x_wconf 66' lang='lat' dir='ltr'><strong>wahlte</strong></span> <span class='ocrx_word' id='word_1_126' title='bbox 1091 2542 1228 2597; x_wconf 89' lang='lat' dir='ltr'><strong>oder</strong></span> <span class='ocrx_word' id='word_1_127' title='bbox 1255 2544 1470 2598; x_wconf 82' lang='lat' dir='ltr'><strong>erwarb</strong></span> <span class='ocrx_word' id='word_1_128' title='bbox 1495 2542 1615 2598; x_wconf 89' lang='lat' dir='ltr'><strong>sich</strong></span> 
     </span>
     <span class='ocr_line' id='line_1_24' title="bbox 459 2614 1615 2670; baseline 0 -1"><span class='ocrx_word' id='word_1_129' title='bbox 459 2614 624 2669; x_wconf 88' lang='lat' dir='ltr'><strong>einen</strong></span> <span class='ocrx_word' id='word_1_130' title='bbox 641 2614 800 2669; x_wconf 85' lang='lat' dir='ltr'><strong>Platz</strong></span> <span class='ocrx_word' id='word_1_131' title='bbox 835 2614 1160 2669; x_wconf 70' lang='lat' dir='ltr'><strong>ausser-halb</strong></span> <span class='ocrx_word' id='word_1_132' title='bbox 1187 2614 1287 2670; x_wconf 88' lang='lat' dir='ltr'><strong>der</strong></span> <span class='ocrx_word' id='word_1_133' title='bbox 1308 2614 1472 2670; x_wconf 75' lang='lat' dir='ltr'><strong>Stadt</strong></span> <span class='ocrx_word' id='word_1_134' title='bbox 1497 2615 1615 2669; x_wconf 87' lang='lat' dir='ltr'><strong>und</strong></span> 
     </span>
     <span class='ocr_line' id='line_1_25' title="bbox 457 2685 1616 2755; baseline -0.002 -14"><span class='ocrx_word' id='word_1_135' title='bbox 457 2703 604 2741; x_wconf 75' lang='lat' dir='ltr'><strong>zwar</strong></span> <span class='ocrx_word' id='word_1_136' title='bbox 652 2703 725 2740; x_wconf 89' lang='lat' dir='ltr'><strong>an</strong></span> <span class='ocrx_word' id='word_1_137' title='bbox 771 2686 882 2740; x_wconf 83' lang='lat' dir='ltr'><strong>den</strong></span> <span class='ocrx_word' id='word_1_138' title='bbox 925 2685 1344 2755; x_wconf 82' lang='lat' dir='ltr'><strong>frequent-eston</strong></span> <span class='ocrx_word' id='word_1_139' title='bbox 1389 2686 1616 2751; x_wconf 75' lang='lat' dir='ltr'><strong>Stellen,</strong></span> 
     </span>
     <span class='ocr_line' id='line_1_26' title="bbox 457 2756 1614 2827; baseline 0 -16"><span class='ocrx_word' id='word_1_140' title='bbox 457 2756 802 2812; x_wconf 88' lang='lat' dir='ltr'><strong>namentlich</strong></span> <span class='ocrx_word' id='word_1_141' title='bbox 837 2774 908 2811; x_wconf 85' lang='lat' dir='ltr'><strong>an</strong></span> <span class='ocrx_word' id='word_1_142' title='bbox 938 2775 1170 2827; x_wconf 78' lang='lat' dir='ltr'><strong>grossen</strong></span> <span class='ocrx_word' id='word_1_143' title='bbox 1187 2758 1614 2825; x_wconf 83' lang='lat' dir='ltr'><strong>Landstrassen,</strong></span> 
     </span>
     <span class='ocr_line' id='line_1_27' title="bbox 458 2828 1616 2901; baseline 0 -19"><span class='ocrx_word' id='word_1_144' title='bbox 458 2846 544 2882; x_wconf 82' lang='lat' dir='ltr'><strong>wo</strong></span> <span class='ocrx_word' id='word_1_145' title='bbox 581 2829 675 2883; x_wconf 90' lang='lat' dir='ltr'><strong>ein</strong></span> <span class='ocrx_word' id='word_1_146' title='bbox 709 2828 1313 2900; x_wconf 72' lang='lat' dir='ltr'><strong>Familienbegriibniss</strong></span> <span class='ocrx_word' id='word_1_147' title='bbox 1351 2830 1616 2901; x_wconf 77' lang='lat' dir='ltr'><strong>angelegt</strong></span> 
     </span>
     <span class='ocr_line' id='line_1_28' title="bbox 457 2899 1613 2972; baseline 0.001 -18"><span class='ocrx_word' id='word_1_148' title='bbox 457 2899 667 2956; x_wconf 82' lang='lat' dir='ltr'><strong>wurde.</strong></span> <span class='ocrx_word' id='word_1_149' title='bbox 705 2900 827 2955; x_wconf 87' lang='lat' dir='ltr'><strong>Nur</strong></span> <span class='ocrx_word' id='word_1_150' title='bbox 843 2900 936 2955; x_wconf 74' lang='lat' dir='ltr'><strong>fiir</strong></span> <span class='ocrx_word' id='word_1_151' title='bbox 954 2901 1046 2955; x_wconf 90' lang='lat' dir='ltr'><strong>die</strong></span> <span class='ocrx_word' id='word_1_152' title='bbox 1071 2902 1380 2972; x_wconf 82' lang='lat' dir='ltr'><strong>niedrigste</strong></span> <span class='ocrx_word' id='word_1_153' title='bbox 1397 2902 1613 2969; x_wconf 82' lang='lat' dir='ltr'><strong>Klasse,</strong></span> 
     </span>
     <span class='ocr_line' id='line_1_29' title="bbox 457 2970 1615 3039; baseline 0.002 -14"><span class='ocrx_word' id='word_1_154' title='bbox 457 2970 552 3025; x_wconf 85' lang='lat' dir='ltr'><strong>fiir</strong></span> <span class='ocrx_word' id='word_1_155' title='bbox 595 2970 830 3027; x_wconf 86' lang='lat' dir='ltr'><strong>Sclaven</strong></span> <span class='ocrx_word' id='word_1_156' title='bbox 881 2973 994 3027; x_wconf 88' lang='lat' dir='ltr'><strong>und</strong></span> <span class='ocrx_word' id='word_1_157' title='bbox 1040 2972 1440 3039; x_wconf 84' lang='lat' dir='ltr'><strong>Verurtheilte,</strong></span> <span class='ocrx_word' id='word_1_158' title='bbox 1494 2989 1615 3027; x_wconf 77' lang='lat' dir='ltr'><strong>war</strong></span> 
     </span>
    </p>
   </div>
   <div class='ocr_carea' id='block_1_5' title="bbox 457 3042 1653 3115">
    <p class='ocr_par' dir='ltr' id='par_1_7' title="bbox 457 3042 1653 3115">
     <span class='ocr_line' id='line_1_30' title="bbox 457 3042 1653 3115; baseline 0.003 -19"><span class='ocrx_word' id='word_1_159' title='bbox 457 3042 560 3097; x_wconf 86' lang='lat' dir='ltr'><strong>der</strong></span> <span class='ocrx_word' id='word_1_160' title='bbox 593 3044 1146 3113; x_wconf 76' lang='lat' dir='ltr'><strong>gemeinschaftliche</strong></span> <span class='ocrx_word' id='word_1_161' title='bbox 1183 3045 1615 3115; x_wconf 70' lang='lat' dir='ltr'><strong>Begri&#39;ibnissort</strong></span> <span class='ocrx_word' id='word_1_162' title='bbox 1645 3106 1653 3113; x_wconf 88' lang='lat'><strong>.</strong></span> 
     </span>
    </p>
   </div>
   <div class='ocr_carea' id='block_1_6' title="bbox 455 3114 1613 4616">
    <p class='ocr_par' dir='ltr' id='par_1_8' title="bbox 455 3114 1613 4616">
     <span class='ocr_line' id='line_1_31' title="bbox 457 3114 1613 3186; baseline 0.001 -18"><span class='ocrx_word' id='word_1_163' title='bbox 457 3114 545 3169; x_wconf 88' lang='lat' dir='ltr'><strong>bis</strong></span> <span class='ocrx_word' id='word_1_164' title='bbox 582 3114 684 3169; x_wconf 76' lang='lat' dir='ltr'><strong>auf</strong></span> <span class='ocrx_word' id='word_1_165' title='bbox 713 3117 939 3186; x_wconf 79' lang='lat' dir='ltr'><strong>August</strong></span> <span class='ocrx_word' id='word_1_166' title='bbox 977 3134 1070 3171; x_wconf 91' lang='lat' dir='ltr'><strong>am</strong></span> <span class='ocrx_word' id='word_1_167' title='bbox 1103 3116 1484 3185; x_wconf 86' lang='lat' dir='ltr'><strong>Esquilinus.“</strong></span> <span class='ocrx_word' id='word_1_168' title='bbox 1545 3116 1613 3170; x_wconf 91' lang='lat' dir='ltr'><strong>In</strong></span> 
     </span>
     <span class='ocr_line' id='line_1_32' title="bbox 457 3186 1610 3257; baseline 0.002 -18"><span class='ocrx_word' id='word_1_169' title='bbox 457 3186 600 3241; x_wconf 88' lang='lat' dir='ltr'><strong>urbe</strong></span> <span class='ocrx_word' id='word_1_170' title='bbox 621 3188 846 3257; x_wconf 85' lang='lat' dir='ltr'><strong>sepeliri</strong></span> <span class='ocrx_word' id='word_1_171' title='bbox 884 3189 1119 3257; x_wconf 75' lang='lat' dir='ltr'><strong>antiqua</strong></span> <span class='ocrx_word' id='word_1_172' title='bbox 1153 3189 1244 3243; x_wconf 85' lang='lat' dir='ltr'><strong>lex</strong></span> <span class='ocrx_word' id='word_1_173' title='bbox 1265 3188 1449 3243; x_wconf 86' lang='lat' dir='ltr'><strong>vetuit</strong></span> <span class='ocrx_word' id='word_1_174' title='bbox 1474 3188 1610 3253; x_wconf 89' lang='lat' dir='ltr'><strong>(Cic.</strong></span> 
     </span>
     <span class='ocr_line' id='line_1_33' title="bbox 457 3258 1613 3329; baseline 0.003 -18"><span class='ocrx_word' id='word_1_175' title='bbox 457 3258 530 3313; x_wconf 88' lang='lat' dir='ltr'><strong>de</strong></span> <span class='ocrx_word' id='word_1_176' title='bbox 582 3259 690 3329; x_wconf 77' lang='lat' dir='ltr'><strong>leg.</strong></span> <span class='ocrx_word' id='word_1_177' title='bbox 735 3258 809 3321; x_wconf 89' lang='lat'><strong>11,</strong></span> <span class='ocrx_word' id='word_1_178' title='bbox 847 3262 966 3328; x_wconf 81' lang='lat'><strong>28)=</strong></span> <span class='ocrx_word' id='word_1_179' title='bbox 1025 3260 1216 3329; x_wconf 80' lang='lat' dir='ltr'><strong>itaque</strong></span> <span class='ocrx_word' id='word_1_180' title='bbox 1271 3259 1613 3317; x_wconf 87' lang='lat' dir='ltr'><strong>credendum</strong></span> 
     </span>
     <span class='ocr_line' id='line_1_34' title="bbox 458 3331 1612 3401; baseline 0.003 -18"><span class='ocrx_word' id='word_1_181' title='bbox 458 3333 558 3391; x_wconf 82' lang='lat' dir='ltr'><strong>est,</strong></span> <span class='ocrx_word' id='word_1_182' title='bbox 600 3332 856 3400; x_wconf 83' lang='lat' dir='ltr'><strong>sepulcra</strong></span> <span class='ocrx_word' id='word_1_183' title='bbox 889 3347 1002 3386; x_wconf 88' lang='lat' dir='ltr'><strong>non</strong></span> <span class='ocrx_word' id='word_1_184' title='bbox 1037 3332 1098 3385; x_wconf 86' lang='lat' dir='ltr'><strong>in</strong></span> <span class='ocrx_word' id='word_1_185' title='bbox 1136 3331 1257 3401; x_wconf 91' lang='lat' dir='ltr'><strong>ipso</strong></span> <span class='ocrx_word' id='word_1_186' title='bbox 1294 3336 1482 3387; x_wconf 89' lang='lat' dir='ltr'><strong>monte</strong></span> <span class='ocrx_word' id='word_1_187' title='bbox 1509 3332 1612 3387; x_wconf 84' lang='lat' dir='ltr'><strong>Es·</strong></span> 
     </span>
     <span class='ocr_line' id='line_1_35' title="bbox 457 3401 1611 3472; baseline 0.003 -18"><span class='ocrx_word' id='word_1_188' title='bbox 457 3401 693 3471; x_wconf 87' lang='lat' dir='ltr'><strong>quilino,</strong></span> <span class='ocrx_word' id='word_1_189' title='bbox 730 3404 827 3471; x_wconf 88' lang='lat' dir='ltr'><strong>qui</strong></span> <span class='ocrx_word' id='word_1_190' title='bbox 863 3403 1018 3458; x_wconf 84' lang='lat' dir='ltr'><strong>intra</strong></span> <span class='ocrx_word' id='word_1_191' title='bbox 1051 3404 1272 3458; x_wconf 86' lang='lat' dir='ltr'><strong>moenia</strong></span> <span class='ocrx_word' id='word_1_192' title='bbox 1298 3408 1436 3472; x_wconf 87' lang='lat' dir='ltr'><strong>erat,</strong></span> <span class='ocrx_word' id='word_1_193' title='bbox 1477 3404 1611 3457; x_wconf 79' lang='lat' dir='ltr'><strong>fuis·</strong></span> 
     </span>
     <span class='ocr_line' id='line_1_36' title="bbox 457 3474 1612 3545; baseline 0.002 -18"><span class='ocrx_word' id='word_1_194' title='bbox 457 3490 534 3536; x_wconf 83' lang='lat' dir='ltr'><strong>se,</strong></span> <span class='ocrx_word' id='word_1_195' title='bbox 589 3474 687 3527; x_wconf 87' lang='lat' dir='ltr'><strong>sed</strong></span> <span class='ocrx_word' id='word_1_196' title='bbox 739 3478 902 3529; x_wconf 79' lang='lat' dir='ltr'><strong>extra</strong></span> <span class='ocrx_word' id='word_1_197' title='bbox 951 3492 1176 3529; x_wconf 86' lang='lat' dir='ltr'><strong>murum</strong></span> <span class='ocrx_word' id='word_1_198' title='bbox 1231 3480 1290 3529; x_wconf 89' lang='lat' dir='ltr'><strong>et</strong></span> <span class='ocrx_word' id='word_1_199' title='bbox 1349 3491 1612 3545; x_wconf 81' lang='lat' dir='ltr'><strong>aggerem</strong></span> 
     </span>
     <span class='ocr_line' id='line_1_37' title="bbox 457 3542 1612 3616; baseline 0.003 -19"><span class='ocrx_word' id='word_1_200' title='bbox 457 3542 768 3613; x_wconf 87' lang='lat' dir='ltr'><strong>Tarquinii,</strong></span> <span class='ocrx_word' id='word_1_201' title='bbox 831 3546 928 3600; x_wconf 88' lang='lat' dir='ltr'><strong>ubi</strong></span> <span class='ocrx_word' id='word_1_202' title='bbox 989 3563 1216 3616; x_wconf 86' lang='lat' dir='ltr'><strong>campus</strong></span> <span class='ocrx_word' id='word_1_203' title='bbox 1286 3546 1612 3615; x_wconf 82' lang='lat' dir='ltr'><strong>Esquilinus</strong></span> 
     </span>
     <span class='ocr_line' id='line_1_38' title="bbox 457 3616 1611 3685; baseline 0.001 -15"><span class='ocrx_word' id='word_1_204' title='bbox 457 3616 664 3685; x_wconf 87' lang='lat' dir='ltr'><strong>patuit.</strong></span> <span class='ocrx_word' id='word_1_205' title='bbox 701 3616 913 3671; x_wconf 84' lang='lat' dir='ltr'><strong>Domus</strong></span> <span class='ocrx_word' id='word_1_206' title='bbox 947 3624 1137 3671; x_wconf 77' lang='lat' dir='ltr'><strong>autem</strong></span> <span class='ocrx_word' id='word_1_207' title='bbox 1177 3617 1515 3673; x_wconf 69' lang='lat' dir='ltr'><strong>Maecenatis</strong></span> <span class='ocrx_word' id='word_1_208' title='bbox 1551 3620 1611 3671; x_wconf 90' lang='lat' dir='ltr'><strong>in</strong></span> 
     </span>
     <span class='ocr_line' id='line_1_39' title="bbox 457 3686 1612 3817; baseline 0.002 -4"><span class='ocrx_word' id='word_1_209' title='bbox 457 3686 581 3813; x_wconf 58' lang='lat'><strong>323⁰</strong></span> <span class='ocrx_word' id='word_1_210' title='bbox 610 3690 1408 3817; x_wconf 48' lang='lat' dir='ltr'><strong>35301333⁰3335¹0tffi</strong></span> <span class='ocrx_word' id='word_1_211' title='bbox 1441 3690 1612 3816; x_wconf 50' lang='lat'><strong>&amp;323</strong></span> 
     </span>
     <span class='ocr_line' id='line_1_40' title="bbox 457 3830 1610 3901; baseline 0.002 -16"><span class='ocrx_word' id='word_1_212' title='bbox 457 3830 598 3899; x_wconf 84' lang='lat'><strong>1000,</strong></span> <span class='ocrx_word' id='word_1_213' title='bbox 635 3832 785 3886; x_wconf 87' lang='lat' dir='ltr'><strong>unde</strong></span> <span class='ocrx_word' id='word_1_214' title='bbox 817 3836 1142 3901; x_wconf 80' lang='lat' dir='ltr'><strong>prospectus</strong></span> <span class='ocrx_word' id='word_1_215' title='bbox 1168 3839 1291 3888; x_wconf 88' lang='lat' dir='ltr'><strong>erat</strong></span> <span class='ocrx_word' id='word_1_216' title='bbox 1326 3833 1385 3887; x_wconf 88' lang='lat' dir='ltr'><strong>in</strong></span> <span class='ocrx_word' id='word_1_217' title='bbox 1411 3833 1610 3887; x_wconf 83' lang='lat' dir='ltr'><strong>urbem</strong></span> 
     </span>
     <span class='ocr_line' id='line_1_41' title="bbox 455 3901 1611 4027; baseline 0.001 -71"><span class='ocrx_word' id='word_1_218' title='bbox 455 3901 636 4027; x_wconf 52' lang='lat' dir='ltr'><strong>{psam</strong></span> <span class='ocrx_word' id='word_1_219' title='bbox 685 3908 744 3957; x_wconf 89' lang='lat' dir='ltr'><strong>et</strong></span> <span class='ocrx_word' id='word_1_220' title='bbox 797 3903 858 3957; x_wconf 89' lang='lat' dir='ltr'><strong>in</strong></span> <span class='ocrx_word' id='word_1_221' title='bbox 903 3904 1190 3973; x_wconf 77' lang='lat' dir='ltr'><strong>regionem</strong></span> <span class='ocrx_word' id='word_1_222' title='bbox 1235 3904 1611 3971; x_wconf 76' lang='lat' dir='ltr'><strong>Tiburtinam,</strong></span> 
     </span>
     <span class='ocr_line' id='line_1_42' title="bbox 504 3974 1610 4031; baseline 0.004 -5"><span class='ocrx_word' id='word_1_223' title='bbox 504 3974 878 4029; x_wconf 85' lang='lat' dir='ltr'><strong>raenestinam</strong></span> <span class='ocrx_word' id='word_1_224' title='bbox 941 3982 1000 4029; x_wconf 91' lang='lat' dir='ltr'><strong>et</strong></span> <span class='ocrx_word' id='word_1_225' title='bbox 1061 3974 1448 4031; x_wconf 79' lang='lat' dir='ltr'><strong>Tusculanam.</strong></span> <span class='ocrx_word' id='word_1_226' title='bbox 1539 3975 1610 4031; x_wconf 82' lang='lat' dir='ltr'><strong>cf.</strong></span> 
     </span>
     <span class='ocr_line' id='line_1_43' title="bbox 460 4045 1610 4115; baseline 0.002 -16"><span class='ocrx_word' id='word_1_227' title='bbox 460 4045 643 4101; x_wconf 87' lang='lat' dir='ltr'><strong>Carm.</strong></span> <span class='ocrx_word' id='word_1_228' title='bbox 678 4045 777 4111; x_wconf 85' lang='lat'><strong>111,</strong></span> <span class='ocrx_word' id='word_1_229' title='bbox 821 4047 906 4113; x_wconf 81' lang='lat'><strong>29,</strong></span> <span class='ocrx_word' id='word_1_230' title='bbox 947 4046 1030 4101; x_wconf 93' lang='lat'><strong>11.</strong></span> <span class='ocrx_word' id='word_1_231' title='bbox 1071 4076 1138 4087; x_wconf 90' lang='lat'><strong>-—</strong></span> <span class='ocrx_word' id='word_1_232' title='bbox 1187 4048 1358 4115; x_wconf 74' lang='lat' dir='ltr'><strong>cellis]</strong></span> <span class='ocrx_word' id='word_1_233' title='bbox 1391 4047 1610 4103; x_wconf 88' lang='lat' dir='ltr'><strong>miseris</strong></span> 
     </span>
     <span class='ocr_line' id='line_1_44' title="bbox 455 4117 1611 4187; baseline 0.001 -16"><span class='ocrx_word' id='word_1_234' title='bbox 455 4134 744 4172; x_wconf 85' lang='lat' dir='ltr'><strong>servorum</strong></span> <span class='ocrx_word' id='word_1_235' title='bbox 805 4117 1092 4173; x_wconf 78' lang='lat' dir='ltr'><strong>cubiculis.</strong></span> <span class='ocrx_word' id='word_1_236' title='bbox 1159 4147 1226 4158; x_wconf 91' lang='lat'><em>-</em></span> <span class='ocrx_word' id='word_1_237' title='bbox 1286 4118 1441 4187; x_wconf 79' lang='lat' dir='ltr'><strong>arca]</strong></span> <span class='ocrx_word' id='word_1_238' title='bbox 1503 4118 1611 4173; x_wconf 83' lang='lat' dir='ltr'><strong>Est</strong></span> 
     </span>
     <span class='ocr_line' id='line_1_45' title="bbox 457 4188 1608 4259; baseline 0.003 -17"><span class='ocrx_word' id='word_1_239' title='bbox 457 4188 766 4257; x_wconf 70' lang='lat' dir='ltr'><strong>sandapila,</strong></span> <span class='ocrx_word' id='word_1_240' title='bbox 793 4188 1064 4243; x_wconf 83' lang='lat' dir='ltr'><strong>feretrum</strong></span> <span class='ocrx_word' id='word_1_241' title='bbox 1091 4193 1459 4256; x_wconf 87' lang='lat' dir='ltr'><strong>mortuorum,</strong></span> <span class='ocrx_word' id='word_1_242' title='bbox 1495 4207 1608 4259; x_wconf 85' lang='lat' dir='ltr'><strong>quo</strong></span> 
     </span>
     <span class='ocr_line' id='line_1_46' title="bbox 495 4260 1608 4330; baseline 0.004 -17"><span class='ocrx_word' id='word_1_243' title='bbox 495 4260 802 4315; x_wconf 87' lang='lat' dir='ltr'><strong>lebeiorum</strong></span> <span class='ocrx_word' id='word_1_244' title='bbox 857 4266 1029 4330; x_wconf 86' lang='lat' dir='ltr'><strong>atque</strong></span> <span class='ocrx_word' id='word_1_245' title='bbox 1081 4262 1476 4315; x_wconf 68' lang='lat' dir='ltr'><strong>damnatorum</strong></span> <span class='ocrx_word' id='word_1_246' title='bbox 1521 4278 1608 4317; x_wconf 87' lang='lat' dir='ltr'><strong>ca·</strong></span> 
     </span>
     <span class='ocr_line' id='line_1_47' title="bbox 495 4331 1609 4401; baseline 0.002 -16"><span class='ocrx_word' id='word_1_247' title='bbox 495 4348 664 4386; x_wconf 78' lang='lat' dir='ltr'><strong>svera</strong></span> <span class='ocrx_word' id='word_1_248' title='bbox 707 4331 1098 4401; x_wconf 86' lang='lat' dir='ltr'><strong>portabantur.</strong></span> <span class='ocrx_word' id='word_1_249' title='bbox 1151 4362 1218 4373; x_wconf 92' lang='lat'>—</span> <span class='ocrx_word' id='word_1_250' title='bbox 1275 4332 1609 4401; x_wconf 75' lang='lat' dir='ltr'><strong>Pantolabo]</strong></span> 
     </span>
     <span class='ocr_line' id='line_1_48' title="bbox 457 4402 1609 4471; baseline 0.003 -15"><span class='ocrx_word' id='word_1_251' title='bbox 457 4402 720 4471; x_wconf 82' lang='lat' dir='ltr'><strong>„Mallius</strong></span> <span class='ocrx_word' id='word_1_252' title='bbox 757 4403 1098 4459; x_wconf 85' lang='lat' dir='ltr'><strong>Pantolabus</strong></span> <span class='ocrx_word' id='word_1_253' title='bbox 1139 4418 1334 4458; x_wconf 83' lang='lat' dir='ltr'><strong>scurra</strong></span> <span class='ocrx_word' id='word_1_254' title='bbox 1381 4409 1440 4459; x_wconf 89' lang='lat' dir='ltr'><strong>et</strong></span> <span class='ocrx_word' id='word_1_255' title='bbox 1482 4404 1609 4459; x_wconf 85' lang='lat' dir='ltr'><strong>Cas-</strong></span> 
     </span>
     <span class='ocr_line' id='line_1_49' title="bbox 457 4474 1611 4544; baseline 0.005 -19"><span class='ocrx_word' id='word_1_256' title='bbox 457 4474 570 4529; x_wconf 81' lang='lat' dir='ltr'><strong>sius</strong></span> <span class='ocrx_word' id='word_1_257' title='bbox 606 4474 986 4529; x_wconf 84' lang='lat' dir='ltr'><strong>Nomentanus</strong></span> <span class='ocrx_word' id='word_1_258' title='bbox 1026 4492 1197 4544; x_wconf 87' lang='lat' dir='ltr'><strong>nepos</strong></span> <span class='ocrx_word' id='word_1_259' title='bbox 1253 4492 1380 4529; x_wconf 87' lang='lat' dir='ltr'><strong>cum</strong></span> <span class='ocrx_word' id='word_1_260' title='bbox 1423 4476 1611 4531; x_wconf 85' lang='lat' dir='ltr'><strong>omnia</strong></span> 
     </span>
     <span class='ocr_line' id='line_1_50' title="bbox 457 4542 1612 4616; baseline 0.002 -17"><span class='ocrx_word' id='word_1_261' title='bbox 457 4542 607 4599; x_wconf 88' lang='lat' dir='ltr'><strong>bona</strong></span> <span class='ocrx_word' id='word_1_262' title='bbox 651 4563 752 4601; x_wconf 88' lang='lat' dir='ltr'><strong>sua</strong></span> <span class='ocrx_word' id='word_1_263' title='bbox 795 4546 1146 4603; x_wconf 85' lang='lat' dir='ltr'><strong>comissando</strong></span> <span class='ocrx_word' id='word_1_264' title='bbox 1187 4552 1490 4616; x_wconf 84' lang='lat' dir='ltr'><strong>vorassent,</strong></span> <span class='ocrx_word' id='word_1_265' title='bbox 1527 4547 1612 4601; x_wconf 82' lang='lat' dir='ltr'><strong>ita</strong></span> 
     </span>
    </p>
   </div>
   <div class='ocr_carea' id='block_1_7' title="bbox 1700 1895 2867 4619">
    <p class='ocr_par' dir='ltr' id='par_1_9' title="bbox 1700 1895 2867 4619">
     <span class='ocr_line' id='line_1_51' title="bbox 1710 1895 2865 1965; baseline -0.001 -14"><span class='ocrx_word' id='word_1_266' title='bbox 1710 1900 1775 1951; x_wconf 89' lang='lat' dir='ltr'><strong>ut</strong></span> <span class='ocrx_word' id='word_1_267' title='bbox 1810 1896 2035 1965; x_wconf 76' lang='lat' dir='ltr'><strong>private</strong></span> <span class='ocrx_word' id='word_1_268' title='bbox 2060 1896 2313 1965; x_wconf 86' lang='lat' dir='ltr'><strong>sepulcra</strong></span> <span class='ocrx_word' id='word_1_269' title='bbox 2347 1895 2554 1951; x_wconf 86' lang='lat' dir='ltr'><strong>habere</strong></span> <span class='ocrx_word' id='word_1_270' title='bbox 2592 1914 2703 1951; x_wconf 90' lang='lat' dir='ltr'><strong>non</strong></span> <span class='ocrx_word' id='word_1_271' title='bbox 2738 1914 2865 1965; x_wconf 88' lang='lat' dir='ltr'><strong>pos·</strong></span> 
     </span>
     <span class='ocr_line' id='line_1_52' title="bbox 1710 1968 2863 2037; baseline -0.001 -15"><span class='ocrx_word' id='word_1_272' title='bbox 1710 1976 1851 2035; x_wconf 86' lang='lat' dir='ltr'><strong>sent,</strong></span> <span class='ocrx_word' id='word_1_273' title='bbox 1913 1969 1971 2021; x_wconf 90' lang='lat' dir='ltr'><strong>in</strong></span> <span class='ocrx_word' id='word_1_274' title='bbox 2032 1968 2300 2037; x_wconf 85' lang='lat' dir='ltr'><strong>Esquiliis</strong></span> <span class='ocrx_word' id='word_1_275' title='bbox 2362 1969 2603 2037; x_wconf 87' lang='lat' dir='ltr'><strong>publicis</strong></span> <span class='ocrx_word' id='word_1_276' title='bbox 2662 1968 2863 2037; x_wconf 84' lang='lat' dir='ltr'><strong>sepulti</strong></span> 
     </span>
     <span class='ocr_line' id='line_1_53' title="bbox 1710 2039 2865 2097; baseline 0.001 -4"><span class='ocrx_word' id='word_1_277' title='bbox 1710 2046 1854 2094; x_wconf 87' lang='lat' dir='ltr'><strong>sunt.</strong></span> <span class='ocrx_word' id='word_1_278' title='bbox 1926 2040 2155 2095; x_wconf 83' lang='lat' dir='ltr'><strong>Mallius</strong></span> <span class='ocrx_word' id='word_1_279' title='bbox 2193 2039 2741 2097; x_wconf 79' lang='lat' dir='ltr'><strong>autem-Pantolabus</strong></span> <span class='ocrx_word' id='word_1_280' title='bbox 2780 2040 2865 2094; x_wconf 88' lang='lat' dir='ltr'><strong>di-</strong></span> 
     </span>
     <span class='ocr_line' id='line_1_54' title="bbox 1710 2110 2867 2181; baseline -0.001 -15"><span class='ocrx_word' id='word_1_281' title='bbox 1710 2116 1849 2181; x_wconf 88' lang='lat' dir='ltr'><strong>ctus,</strong></span> <span class='ocrx_word' id='word_1_282' title='bbox 1916 2112 2067 2180; x_wconf 90' lang='lat' dir='ltr'><strong>quod</strong></span> <span class='ocrx_word' id='word_1_283' title='bbox 2126 2112 2199 2167; x_wconf 86' lang='lat' dir='ltr'><strong>ab</strong></span> <span class='ocrx_word' id='word_1_284' title='bbox 2260 2110 2515 2167; x_wconf 87' lang='lat' dir='ltr'><strong>omnibus</strong></span> <span class='ocrx_word' id='word_1_285' title='bbox 2586 2112 2867 2181; x_wconf 80' lang='lat' dir='ltr'><strong>acciperet</strong></span> 
     </span>
     <span class='ocr_line' id='line_1_55' title="bbox 1708 2182 2863 2253; baseline 0 -16"><span class='ocrx_word' id='word_1_286' title='bbox 1708 2188 2006 2253; x_wconf 80' lang='lat' dir='ltr'><strong>postquam</strong></span> <span class='ocrx_word' id='word_1_287' title='bbox 2066 2200 2167 2239; x_wconf 89' lang='lat' dir='ltr'><strong>sua</strong></span> <span class='ocrx_word' id='word_1_288' title='bbox 2226 2184 2413 2239; x_wconf 88' lang='lat' dir='ltr'><strong>omnia</strong></span> <span class='ocrx_word' id='word_1_289' title='bbox 2482 2182 2863 2239; x_wconf 83' lang='lat' dir='ltr'><strong>comedisset.“</strong></span> 
     </span>
     <span class='ocr_line' id='line_1_56' title="bbox 1711 2254 2865 2324; baseline -0.002 -15"><span class='ocrx_word' id='word_1_290' title='bbox 1711 2255 1919 2309; x_wconf 91' lang='lat' dir='ltr'><strong>Comm.</strong></span> <span class='ocrx_word' id='word_1_291' title='bbox 1958 2255 2124 2324; x_wconf 85' lang='lat' dir='ltr'><strong>Cruq.</strong></span> <span class='ocrx_word' id='word_1_292' title='bbox 2182 2254 2254 2309; x_wconf 86' lang='lat' dir='ltr'><strong>cf.</strong></span> <span class='ocrx_word' id='word_1_293' title='bbox 2292 2254 2407 2310; x_wconf 88' lang='lat' dir='ltr'><strong>Sat.</strong></span> <span class='ocrx_word' id='word_1_294' title='bbox 2446 2255 2489 2323; x_wconf 89' lang='lat'><strong>1,</strong></span> <span class='ocrx_word' id='word_1_295' title='bbox 2532 2258 2580 2324; x_wconf 89' lang='lat'><strong>1,</strong></span> <span class='ocrx_word' id='word_1_296' title='bbox 2622 2257 2747 2309; x_wconf 89' lang='lat'><strong>102.</strong></span> <span class='ocrx_word' id='word_1_297' title='bbox 2791 2255 2865 2321; x_wconf 89' lang='lat'><strong>11,</strong></span> 
     </span>
     <span class='ocr_line' id='line_1_57' title="bbox 1712 2326 2867 2397; baseline 0.002 -18"><span class='ocrx_word' id='word_1_298' title='bbox 1712 2329 1761 2393; x_wconf 90' lang='lat'><strong>1,</strong></span> <span class='ocrx_word' id='word_1_299' title='bbox 1788 2328 1875 2381; x_wconf 87' lang='lat'><strong>22.</strong></span> <span class='ocrx_word' id='word_1_300' title='bbox 1912 2327 1985 2390; x_wconf 87' lang='grc' dir='ltr'><strong>ΙΙ,</strong></span> <span class='ocrx_word' id='word_1_301' title='bbox 2022 2326 2073 2394; x_wconf 89' lang='grc'><strong>3,</strong></span> <span class='ocrx_word' id='word_1_302' title='bbox 2114 2328 2236 2379; x_wconf 83' lang='lat'><strong>224.</strong></span> <span class='ocrx_word' id='word_1_303' title='bbox 2272 2327 2649 2382; x_wconf 79' lang='lat' dir='ltr'><strong>Acerbissima</strong></span> <span class='ocrx_word' id='word_1_304' title='bbox 2688 2327 2867 2397; x_wconf 78' lang='lat' dir='ltr'><strong>igitur</strong></span> 
     </span>
     <span class='ocr_line' id='line_1_58' title="bbox 1709 2398 2865 2467; baseline 0 -14"><span class='ocrx_word' id='word_1_305' title='bbox 1709 2398 2050 2453; x_wconf 82' lang='lat' dir='ltr'><strong>contumelia</strong></span> <span class='ocrx_word' id='word_1_306' title='bbox 2109 2398 2347 2467; x_wconf 84' lang='lat' dir='ltr'><strong>Priapus</strong></span> <span class='ocrx_word' id='word_1_307' title='bbox 2408 2399 2565 2467; x_wconf 89' lang='lat' dir='ltr'><strong>dicit,</strong></span> <span class='ocrx_word' id='word_1_308' title='bbox 2633 2403 2865 2467; x_wconf 72' lang='lat' dir='ltr'><strong>nepotes</strong></span> 
     </span>
     <span class='ocr_line' id='line_1_59' title="bbox 1708 2469 2865 2540; baseline 0 -17"><span class='ocrx_word' id='word_1_309' title='bbox 1708 2470 1835 2525; x_wconf 88' lang='lat' dir='ltr'><strong>illos</strong></span> <span class='ocrx_word' id='word_1_310' title='bbox 1875 2469 2155 2525; x_wconf 82' lang='lat' dir='ltr'><strong>constanti</strong></span> <span class='ocrx_word' id='word_1_311' title='bbox 2184 2470 2511 2538; x_wconf 87' lang='lat' dir='ltr'><strong>profusione</strong></span> <span class='ocrx_word' id='word_1_312' title='bbox 2534 2471 2732 2540; x_wconf 80' lang='lat' dir='ltr'><strong>ingens</strong></span> <span class='ocrx_word' id='word_1_313' title='bbox 2754 2470 2865 2525; x_wconf 85' lang='lat' dir='ltr'><strong>sibi</strong></span> 
     </span>
     <span class='ocr_line' id='line_1_60' title="bbox 1708 2541 2864 2611; baseline 0.001 -16"><span class='ocrx_word' id='word_1_314' title='bbox 1708 2541 1814 2597; x_wconf 88' lang='lat' dir='ltr'><strong>hoc</strong></span> <span class='ocrx_word' id='word_1_315' title='bbox 1850 2542 2165 2611; x_wconf 87' lang='lat' dir='ltr'><strong>sepulcrum</strong></span> <span class='ocrx_word' id='word_1_316' title='bbox 2210 2559 2437 2611; x_wconf 86' lang='lat' dir='ltr'><strong>parasse</strong></span> <span class='ocrx_word' id='word_1_317' title='bbox 2471 2542 2621 2597; x_wconf 83' lang='lat' dir='ltr'><strong>inter</strong></span> <span class='ocrx_word' id='word_1_318' title='bbox 2654 2558 2864 2611; x_wconf 81' lang='lat' dir='ltr'><strong>paupe-</strong></span> 
     </span>
     <span class='ocr_line' id='line_1_61' title="bbox 1708 2612 2865 2682; baseline 0 -15"><span class='ocrx_word' id='word_1_319' title='bbox 1708 2630 1797 2667; x_wconf 85' lang='lat' dir='ltr'><strong>res</strong></span> <span class='ocrx_word' id='word_1_320' title='bbox 1834 2622 1892 2667; x_wconf 87' lang='lat' dir='ltr'><strong>et</strong></span> <span class='ocrx_word' id='word_1_321' title='bbox 1938 2630 2151 2680; x_wconf 86' lang='lat' dir='ltr'><strong>servos;</strong></span> <span class='ocrx_word' id='word_1_322' title='bbox 2202 2613 2515 2682; x_wconf 77' lang='lat' dir='ltr'><strong>quodcum</strong></span> <span class='ocrx_word' id='word_1_323' title='bbox 2560 2614 2647 2667; x_wconf 87' lang='lat' dir='ltr'><strong>dis</strong></span> <span class='ocrx_word' id='word_1_324' title='bbox 2684 2612 2865 2667; x_wconf 72' lang='lat' dir='ltr'><strong>Mani·</strong></span> 
     </span>
     <span class='ocr_line' id='line_1_62' title="bbox 1707 2684 2865 2741; baseline 0 -2"><span class='ocrx_word' id='word_1_325' title='bbox 1707 2684 1811 2739; x_wconf 88' lang='lat' dir='ltr'><strong>bus</strong></span> <span class='ocrx_word' id='word_1_326' title='bbox 1884 2691 2297 2741; x_wconf 84' lang='lat' dir='ltr'><strong>consecrassent</strong></span> <span class='ocrx_word' id='word_1_327' title='bbox 2366 2703 2439 2740; x_wconf 89' lang='lat' dir='ltr'><strong>ne</strong></span> <span class='ocrx_word' id='word_1_328' title='bbox 2498 2684 2573 2741; x_wconf 78' lang='lat' dir='ltr'><strong>ed</strong></span> <span class='ocrx_word' id='word_1_329' title='bbox 2632 2685 2865 2741; x_wconf 86' lang='lat' dir='ltr'><strong>heredes</strong></span> 
     </span>
     <span class='ocr_line' id='line_1_63' title="bbox 1707 2756 2865 2827; baseline 0 -16"><span class='ocrx_word' id='word_1_330' title='bbox 1707 2758 1977 2811; x_wconf 84' lang='lat' dir='ltr'><strong>transiret</strong></span> <span class='ocrx_word' id='word_1_331' title='bbox 2032 2757 2403 2827; x_wconf 87' lang='lat' dir='ltr'><strong>prohibuisse.</strong></span> <span class='ocrx_word' id='word_1_332' title='bbox 2488 2756 2715 2813; x_wconf 86' lang='lat' dir='ltr'><strong>Scilicet</strong></span> <span class='ocrx_word' id='word_1_333' title='bbox 2771 2756 2865 2811; x_wconf 86' lang='lat' dir='ltr'><strong>he-</strong></span> 
     </span>
     <span class='ocr_line' id='line_1_64' title="bbox 1707 2828 2863 2897; baseline 0.001 -16"><span class='ocrx_word' id='word_1_334' title='bbox 1707 2828 1867 2883; x_wconf 91' lang='lat' dir='ltr'><strong>redes</strong></span> <span class='ocrx_word' id='word_1_335' title='bbox 1908 2828 2052 2883; x_wconf 90' lang='lat' dir='ltr'><strong>nihil</strong></span> <span class='ocrx_word' id='word_1_336' title='bbox 2088 2829 2315 2883; x_wconf 87' lang='lat' dir='ltr'><strong>omnino</strong></span> <span class='ocrx_word' id='word_1_337' title='bbox 2352 2832 2704 2897; x_wconf 87' lang='lat' dir='ltr'><strong>acceperunt.</strong></span> <span class='ocrx_word' id='word_1_338' title='bbox 2768 2828 2863 2883; x_wconf 88' lang='lat' dir='ltr'><strong>Illi</strong></span> 
     </span>
     <span class='ocr_line' id='line_1_65' title="bbox 1708 2901 2867 2959; baseline 0 -6"><span class='ocrx_word' id='word_1_339' title='bbox 1708 2904 1897 2955; x_wconf 86' lang='lat' dir='ltr'><strong>autem</strong></span> <span class='ocrx_word' id='word_1_340' title='bbox 1944 2901 2264 2959; x_wconf 85' lang='lat' dir='ltr'><strong>decoctores</strong></span> <span class='ocrx_word' id='word_1_341' title='bbox 2312 2901 2483 2954; x_wconf 83' lang='lat' dir='ltr'><strong>etiam</strong></span> <span class='ocrx_word' id='word_1_342' title='bbox 2530 2904 2652 2954; x_wconf 88' lang='lat' dir='ltr'><strong>tum</strong></span> <span class='ocrx_word' id='word_1_343' title='bbox 2702 2904 2867 2954; x_wconf 85' lang='lat' dir='ltr'><strong>crant</strong></span> 
     </span>
     <span class='ocr_line' id='line_1_66' title="bbox 1708 2970 2865 3043; baseline 0 -18"><span class='ocrx_word' id='word_1_344' title='bbox 1708 2970 1858 3025; x_wconf 86' lang='lat' dir='ltr'><strong>inter</strong></span> <span class='ocrx_word' id='word_1_345' title='bbox 1893 2972 2068 3026; x_wconf 83' lang='lat' dir='ltr'><strong>vivos.</strong></span> <span class='ocrx_word' id='word_1_346' title='bbox 2125 2971 2217 3025; x_wconf 89' lang='lat' dir='ltr'><strong>Sic</strong></span> <span class='ocrx_word' id='word_1_347' title='bbox 2252 2972 2518 3043; x_wconf 81' lang='lat' dir='ltr'><strong>intellege</strong></span> <span class='ocrx_word' id='word_1_348' title='bbox 2554 2973 2766 3026; x_wconf 85' lang='lat' dir='ltr'><strong>locum:</strong></span> <span class='ocrx_word' id='word_1_349' title='bbox 2806 2972 2865 3025; x_wconf 88' lang='lat' dir='ltr'><strong>in</strong></span> 
     </span>
     <span class='ocr_line' id='line_1_67' title="bbox 1707 3044 2863 3113; baseline -0.001 -16"><span class='ocrx_word' id='word_1_350' title='bbox 1707 3060 1979 3113; x_wconf 86' lang='lat' dir='ltr'><strong>pauperes</strong></span> <span class='ocrx_word' id='word_1_351' title='bbox 2016 3047 2075 3098; x_wconf 90' lang='lat' dir='ltr'><strong>et</strong></span> <span class='ocrx_word' id='word_1_352' title='bbox 2114 3060 2304 3099; x_wconf 81' lang='lat' dir='ltr'><strong>servos</strong></span> <span class='ocrx_word' id='word_1_353' title='bbox 2340 3044 2533 3113; x_wconf 84' lang='lat' dir='ltr'><strong>inepta</strong></span> <span class='ocrx_word' id='word_1_354' title='bbox 2565 3047 2711 3099; x_wconf 82' lang='lat' dir='ltr'><strong>esset</strong></span> <span class='ocrx_word' id='word_1_355' title='bbox 2734 3060 2863 3098; x_wconf 89' lang='lat' dir='ltr'><strong>con—</strong></span> 
     </span>
     <span class='ocr_line' id='line_1_68' title="bbox 1708 3114 2865 3185; baseline 0 -16"><span class='ocrx_word' id='word_1_356' title='bbox 1708 3116 1957 3170; x_wconf 86' lang='lat' dir='ltr'><strong>tumelia.</strong></span> <span class='ocrx_word' id='word_1_357' title='bbox 2026 3144 2094 3155; x_wconf 89' lang='lat'><em>-</em></span> <span class='ocrx_word' id='word_1_358' title='bbox 2166 3114 2383 3185; x_wconf 76' lang='lat' dir='ltr'><strong>cippus]</strong></span> <span class='ocrx_word' id='word_1_359' title='bbox 2457 3114 2523 3169; x_wconf 91' lang='lat' dir='ltr'><strong>In</strong></span> <span class='ocrx_word' id='word_1_360' title='bbox 2594 3115 2865 3185; x_wconf 84' lang='lat' dir='ltr'><strong>sepulcris</strong></span> 
     </span>
     <span class='ocr_line' id='line_1_69' title="bbox 1706 3186 2863 3257; baseline 0 -16"><span class='ocrx_word' id='word_1_361' title='bbox 1706 3187 1947 3257; x_wconf 83' lang='lat' dir='ltr'><strong>privatis</strong></span> <span class='ocrx_word' id='word_1_362' title='bbox 1983 3188 2241 3242; x_wconf 87' lang='lat' dir='ltr'><strong>columna</strong></span> <span class='ocrx_word' id='word_1_363' title='bbox 2271 3188 2457 3256; x_wconf 85' lang='lat' dir='ltr'><strong>posita</strong></span> <span class='ocrx_word' id='word_1_364' title='bbox 2490 3186 2743 3241; x_wconf 79' lang='lat' dir='ltr'><strong>indicare</strong></span> <span class='ocrx_word' id='word_1_365' title='bbox 2778 3204 2863 3241; x_wconf 85' lang='lat' dir='ltr'><strong>so-</strong></span> 
     </span>
     <span class='ocr_line' id='line_1_70' title="bbox 1706 3258 2861 3328; baseline 0.002 -17"><span class='ocrx_word' id='word_1_366' title='bbox 1706 3258 1877 3326; x_wconf 87' lang='lat' dir='ltr'><strong>lebat,</strong></span> <span class='ocrx_word' id='word_1_367' title='bbox 1928 3263 2205 3327; x_wconf 78' lang='lat' dir='ltr'><strong>quentum</strong></span> <span class='ocrx_word' id='word_1_368' title='bbox 2254 3258 2498 3328; x_wconf 80' lang='lat' dir='ltr'><strong>spatium</strong></span> <span class='ocrx_word' id='word_1_369' title='bbox 2542 3258 2629 3313; x_wconf 88' lang='lat' dir='ltr'><strong>dis</strong></span> <span class='ocrx_word' id='word_1_370' title='bbox 2680 3258 2861 3313; x_wconf 82' lang='lat' dir='ltr'><strong>Mani-</strong></span> 
     </span>
     <span class='ocr_line' id='line_1_71' title="bbox 1706 3330 2863 3396; baseline -0.003 -12"><span class='ocrx_word' id='word_1_371' title='bbox 1706 3330 1809 3385; x_wconf 87' lang='lat' dir='ltr'><strong>bus</strong></span> <span class='ocrx_word' id='word_1_372' title='bbox 1864 3335 2249 3385; x_wconf 83' lang='lat' dir='ltr'><strong>consecratum</strong></span> <span class='ocrx_word' id='word_1_373' title='bbox 2308 3335 2476 3396; x_wconf 81' lang='lat' dir='ltr'><strong>esset3</strong></span> <span class='ocrx_word' id='word_1_374' title='bbox 2532 3331 2711 3385; x_wconf 82' lang='lat' dir='ltr'><strong>veluti</strong></span> <span class='ocrx_word' id='word_1_375' title='bbox 2766 3330 2863 3385; x_wconf 82' lang='lat' dir='ltr'><strong>IN.</strong></span> 
     </span>
     <span class='ocr_line' id='line_1_72' title="bbox 1706 3400 2861 3457; baseline 0 -2"><span class='ocrx_word' id='word_1_376' title='bbox 1706 3402 1825 3457; x_wconf 77' lang='lat' dir='ltr'><strong>AG.</strong></span> <span class='ocrx_word' id='word_1_377' title='bbox 1845 3402 1907 3456; x_wconf 94' lang='lat' dir='ltr'><strong>P.</strong></span> <span class='ocrx_word' id='word_1_378' title='bbox 1928 3401 2053 3455; x_wconf 91' lang='lat' dir='ltr'><strong>XII.</strong></span> <span class='ocrx_word' id='word_1_379' title='bbox 2072 3402 2167 3457; x_wconf 88' lang='lat' dir='ltr'><strong>IN.</strong></span> <span class='ocrx_word' id='word_1_380' title='bbox 2190 3401 2305 3456; x_wconf 74' lang='grc' dir='ltr'><strong>ΕΒ.</strong></span> <span class='ocrx_word' id='word_1_381' title='bbox 2325 3400 2389 3455; x_wconf 88' lang='grc' dir='ltr'><strong>Ρ.</strong></span> <span class='ocrx_word' id='word_1_382' title='bbox 2413 3402 2613 3455; x_wconf 87' lang='lat' dir='ltr'><strong>XXIV.</strong></span> <span class='ocrx_word' id='word_1_383' title='bbox 2644 3405 2861 3457; x_wconf 81' lang='lat' dir='ltr'><strong>Acron:</strong></span> 
     </span>
     <span class='ocr_line' id='line_1_73' title="bbox 1708 3474 2863 3556; baseline -0.002 -27"><span class='ocrx_word' id='word_1_384' title='bbox 1708 3474 1943 3541; x_wconf 86' lang='lat' dir='ltr'><strong>„Nescio</strong></span> <span class='ocrx_word' id='word_1_385' title='bbox 1992 3475 2118 3541; x_wconf 80' lang='lat' dir='ltr'><strong>quis</strong></span> <span class='ocrx_word' id='word_1_386' title='bbox 2164 3474 2401 3528; x_wconf 83' lang='lat' dir='ltr'><strong>donavit</strong></span> <span class='ocrx_word' id='word_1_387' title='bbox 2448 3491 2647 3556; x_wconf 77' lang='lat' dir='ltr'><strong>agrurn</strong></span> <span class='ocrx_word' id='word_1_388' title='bbox 2702 3490 2863 3527; x_wconf 81' lang='lat' dir='ltr'><strong>suum</strong></span> 
     </span>
     <span class='ocr_line' id='line_1_74' title="bbox 1706 3544 2861 3698; baseline -0.002 -27"><span class='ocrx_word' id='word_1_389' title='bbox 1706 3544 2861 3698; x_wconf 47' lang='lat' dir='ltr'><strong>ssssffies⁰¹ffitsmz⁰ffiae⁰e</strong></span> 
     </span>
     <span class='ocr_line' id='line_1_75' title="bbox 1706 3686 2861 3759; baseline 0 -16"><span class='ocrx_word' id='word_1_390' title='bbox 1706 3688 1805 3743; x_wconf 87' lang='lat' dir='ltr'><strong>des</strong></span> <span class='ocrx_word' id='word_1_391' title='bbox 1868 3692 2259 3758; x_wconf 83' lang='lat' dir='ltr'><strong>trecentosque</strong></span> <span class='ocrx_word' id='word_1_392' title='bbox 2326 3688 2389 3743; x_wconf 88' lang='lat' dir='ltr'><strong>in</strong></span> <span class='ocrx_word' id='word_1_393' title='bbox 2456 3686 2861 3759; x_wconf 78' lang='lat' dir='ltr'><strong>longitudine.“</strong></span> 
     </span>
     <span class='ocr_line' id='line_1_76' title="bbox 1706 3759 2863 3829; baseline -0.002 -14"><span class='ocrx_word' id='word_1_394' title='bbox 1706 3760 1793 3815; x_wconf 89' lang='lat' dir='ltr'><strong>De</strong></span> <span class='ocrx_word' id='word_1_395' title='bbox 1828 3778 1938 3829; x_wconf 84' lang='lat' dir='ltr'><strong>qua</strong></span> <span class='ocrx_word' id='word_1_396' title='bbox 1986 3778 2049 3815; x_wconf 89' lang='lat' dir='ltr'><strong>re</strong></span> <span class='ocrx_word' id='word_1_397' title='bbox 2092 3776 2206 3814; x_wconf 88' lang='lat' dir='ltr'><strong>non</strong></span> <span class='ocrx_word' id='word_1_398' title='bbox 2256 3760 2464 3815; x_wconf 89' lang='lat' dir='ltr'><strong>iniuria</strong></span> <span class='ocrx_word' id='word_1_399' title='bbox 2498 3760 2727 3815; x_wconf 76' lang='lat' dir='ltr'><strong>videtur</strong></span> <span class='ocrx_word' id='word_1_400' title='bbox 2760 3759 2863 3815; x_wconf 87' lang='lat' dir='ltr'><strong>du·-</strong></span> 
     </span>
     <span class='ocr_line' id='line_1_77' title="bbox 1707 3831 2863 3901; baseline 0.002 -16"><span class='ocrx_word' id='word_1_401' title='bbox 1707 3831 1910 3887; x_wconf 88' lang='lat' dir='ltr'><strong>bitatio</strong></span> <span class='ocrx_word' id='word_1_402' title='bbox 1948 3848 2065 3887; x_wconf 84' lang='lat' dir='ltr'><strong>esse</strong></span> <span class='ocrx_word' id='word_1_403' title='bbox 2108 3832 2331 3897; x_wconf 87' lang='lat' dir='ltr'><strong>iniecta,</strong></span> <span class='ocrx_word' id='word_1_404' title='bbox 2377 3849 2511 3886; x_wconf 86' lang='lat' dir='ltr'><strong>nam</strong></span> <span class='ocrx_word' id='word_1_405' title='bbox 2548 3832 2598 3885; x_wconf 86' lang='lat' dir='ltr'><strong>si</strong></span> <span class='ocrx_word' id='word_1_406' title='bbox 2643 3848 2746 3901; x_wconf 85' lang='lat' dir='ltr'><strong>per</strong></span> <span class='ocrx_word' id='word_1_407' title='bbox 2783 3836 2863 3887; x_wconf 79' lang='lat' dir='ltr'><strong>te-</strong></span> 
     </span>
     <span class='ocr_line' id='line_1_78' title="bbox 1705 3903 2862 3972; baseline -0.001 -15"><span class='ocrx_word' id='word_1_408' title='bbox 1705 3908 2045 3957; x_wconf 84' lang='lat' dir='ltr'><strong>stamentum</strong></span> <span class='ocrx_word' id='word_1_409' title='bbox 2106 3904 2153 3957; x_wconf 90' lang='lat' dir='ltr'><strong>is</strong></span> <span class='ocrx_word' id='word_1_410' title='bbox 2216 3903 2369 3957; x_wconf 88' lang='lat' dir='ltr'><strong>locus</strong></span> <span class='ocrx_word' id='word_1_411' title='bbox 2430 3903 2703 3972; x_wconf 81' lang='lat' dir='ltr'><strong>sepulcris</strong></span> <span class='ocrx_word' id='word_1_412' title='bbox 2762 3919 2862 3972; x_wconf 88' lang='lat' dir='ltr'><strong>pu·</strong></span> 
     </span>
     <span class='ocr_line' id='line_1_79' title="bbox 1704 3974 2865 4046; baseline 0 -17"><span class='ocrx_word' id='word_1_413' title='bbox 1704 3975 1866 4029; x_wconf 85' lang='lat' dir='ltr'><strong>blicis</strong></span> <span class='ocrx_word' id='word_1_414' title='bbox 1914 3974 2225 4029; x_wconf 86' lang='lat' dir='ltr'><strong>destinatus</strong></span> <span class='ocrx_word' id='word_1_415' title='bbox 2272 3978 2413 4042; x_wconf 84' lang='lat' dir='ltr'><strong>erat,</strong></span> <span class='ocrx_word' id='word_1_416' title='bbox 2468 3975 2745 4046; x_wconf 78' lang='lat' dir='ltr'><strong>religione</strong></span> <span class='ocrx_word' id='word_1_417' title='bbox 2800 3992 2865 4029; x_wconf 85' lang='lat' dir='ltr'><strong>ac</strong></span> 
     </span>
     <span class='ocr_line' id='line_1_80' title="bbox 1706 4046 2861 4116; baseline 0.002 -17"><span class='ocrx_word' id='word_1_418' title='bbox 1706 4046 1921 4116; x_wconf 81' lang='lat' dir='ltr'><strong>legibus</strong></span> <span class='ocrx_word' id='word_1_419' title='bbox 1958 4046 2383 4115; x_wconf 87' lang='lat' dir='ltr'><strong>prohibebatur,</strong></span> <span class='ocrx_word' id='word_1_420' title='bbox 2434 4064 2505 4101; x_wconf 87' lang='lat' dir='ltr'><strong>ne</strong></span> <span class='ocrx_word' id='word_1_421' title='bbox 2550 4047 2611 4101; x_wconf 89' lang='lat' dir='ltr'><strong>in</strong></span> <span class='ocrx_word' id='word_1_422' title='bbox 2646 4046 2861 4101; x_wconf 81' lang='lat' dir='ltr'><strong>Maece-</strong></span> 
     </span>
     <span class='ocr_line' id='line_1_81' title="bbox 1702 4118 2861 4187; baseline 0.002 -16"><span class='ocrx_word' id='word_1_423' title='bbox 1702 4118 1849 4172; x_wconf 88' lang='lat' dir='ltr'><strong>natis</strong></span> <span class='ocrx_word' id='word_1_424' title='bbox 1896 4118 2178 4187; x_wconf 81' lang='lat' dir='ltr'><strong>privatam</strong></span> <span class='ocrx_word' id='word_1_425' title='bbox 2224 4118 2629 4187; x_wconf 86' lang='lat' dir='ltr'><strong>possessionem</strong></span> <span class='ocrx_word' id='word_1_426' title='bbox 2682 4122 2861 4173; x_wconf 78' lang='lat' dir='ltr'><strong>trans-</strong></span> 
     </span>
     <span class='ocr_line' id='line_1_82' title="bbox 1702 4190 2862 4257; baseline 0.002 -14"><span class='ocrx_word' id='word_1_427' title='bbox 1702 4190 1829 4243; x_wconf 85' lang='lat' dir='ltr'><strong>iret.</strong></span> <span class='ocrx_word' id='word_1_428' title='bbox 1912 4190 2065 4256; x_wconf 76' lang='lat' dir='ltr'><strong>Quae</strong></span> <span class='ocrx_word' id='word_1_429' title='bbox 2126 4190 2174 4243; x_wconf 89' lang='lat' dir='ltr'><strong>si</strong></span> <span class='ocrx_word' id='word_1_430' title='bbox 2236 4206 2369 4245; x_wconf 84' lang='lat' dir='ltr'><strong>vera</strong></span> <span class='ocrx_word' id='word_1_431' title='bbox 2420 4193 2509 4243; x_wconf 83' lang='lat' dir='ltr'><strong>est</strong></span> <span class='ocrx_word' id='word_1_432' title='bbox 2562 4190 2862 4257; x_wconf 81' lang='lat' dir='ltr'><strong>sententia,</strong></span> 
     </span>
     <span class='ocr_line' id='line_1_83' title="bbox 1702 4260 2860 4331; baseline 0.001 -16"><span class='ocrx_word' id='word_1_433' title='bbox 1702 4264 1855 4315; x_wconf 85' lang='lat' dir='ltr'><strong>totus</strong></span> <span class='ocrx_word' id='word_1_434' title='bbox 1900 4260 1994 4316; x_wconf 88' lang='lat' dir='ltr'><strong>hic</strong></span> <span class='ocrx_word' id='word_1_435' title='bbox 2040 4262 2194 4316; x_wconf 87' lang='lat' dir='ltr'><strong>locus</strong></span> <span class='ocrx_word' id='word_1_436' title='bbox 2242 4261 2313 4316; x_wconf 86' lang='lat' dir='ltr'><strong>de</strong></span> <span class='ocrx_word' id='word_1_437' title='bbox 2360 4261 2525 4331; x_wconf 85' lang='lat' dir='ltr'><strong>cippo</strong></span> <span class='ocrx_word' id='word_1_438' title='bbox 2572 4260 2647 4317; x_wconf 87' lang='lat' dir='ltr'><strong>ab</strong></span> <span class='ocrx_word' id='word_1_439' title='bbox 2681 4261 2860 4316; x_wconf 84' lang='lat' dir='ltr'><strong>Hera-</strong></span> 
     </span>
     <span class='ocr_line' id='line_1_84' title="bbox 1702 4332 2861 4403; baseline 0.002 -17"><span class='ocrx_word' id='word_1_440' title='bbox 1702 4333 1785 4387; x_wconf 87' lang='lat' dir='ltr'><strong>tio</strong></span> <span class='ocrx_word' id='word_1_441' title='bbox 1836 4332 2015 4387; x_wconf 83' lang='lat' dir='ltr'><strong>facete</strong></span> <span class='ocrx_word' id='word_1_442' title='bbox 2070 4333 2422 4403; x_wconf 79' lang='lat' dir='ltr'><strong>excogitatus</strong></span> <span class='ocrx_word' id='word_1_443' title='bbox 2478 4337 2583 4388; x_wconf 80' lang='lat' dir='ltr'><strong>est.</strong></span> <span class='ocrx_word' id='word_1_444' title='bbox 2644 4362 2715 4373; x_wconf 89' lang='lat'>—</span> <span class='ocrx_word' id='word_1_445' title='bbox 2776 4334 2861 4388; x_wconf 70' lang='lat' dir='ltr'><strong>he-</strong></span> 
     </span>
     <span class='ocr_line' id='line_1_85' title="bbox 1700 4402 2861 4473; baseline 0.002 -16"><span class='ocrx_word' id='word_1_446' title='bbox 1700 4402 1875 4473; x_wconf 77' lang='lat' dir='ltr'><strong>redes]</strong></span> <span class='ocrx_word' id='word_1_447' title='bbox 1923 4403 2100 4459; x_wconf 84' lang='lat' dir='ltr'><strong>Solita</strong></span> <span class='ocrx_word' id='word_1_448' title='bbox 2147 4405 2287 4459; x_wconf 86' lang='lat' dir='ltr'><strong>haec</strong></span> <span class='ocrx_word' id='word_1_449' title='bbox 2333 4404 2605 4459; x_wconf 84' lang='lat' dir='ltr'><strong>formula:</strong></span> <span class='ocrx_word' id='word_1_450' title='bbox 2666 4405 2739 4461; x_wconf 80' lang='lat' dir='ltr'><strong>H.</strong></span> <span class='ocrx_word' id='word_1_451' title='bbox 2788 4405 2861 4459; x_wconf 73' lang='lat' dir='ltr'><strong>M.</strong></span> 
     </span>
     <span class='ocr_line' id='line_1_86' title="bbox 1704 4474 2863 4543; baseline 0.002 -14"><span class='ocrx_word' id='word_1_452' title='bbox 1704 4474 1776 4529; x_wconf 87' lang='lat' dir='ltr'><strong>H.</strong></span> <span class='ocrx_word' id='word_1_453' title='bbox 1802 4474 1871 4529; x_wconf 84' lang='lat' dir='ltr'><strong>N.</strong></span> <span class='ocrx_word' id='word_1_454' title='bbox 1910 4474 1965 4529; x_wconf 91' lang='lat' dir='ltr'><strong>S.</strong></span> <span class='ocrx_word' id='word_1_455' title='bbox 2002 4476 2134 4543; x_wconf 86' lang='lat' dir='ltr'><strong>(hoc</strong></span> <span class='ocrx_word' id='word_1_456' title='bbox 2168 4481 2594 4531; x_wconf 85' lang='lat' dir='ltr'><strong>monumentum</strong></span> <span class='ocrx_word' id='word_1_457' title='bbox 2628 4476 2863 4531; x_wconf 81' lang='lat' dir='ltr'><strong>heredes</strong></span> 
     </span>
     <span class='ocr_line' id='line_1_87' title="bbox 1704 4547 2863 4619; baseline 0.004 -20"><span class='ocrx_word' id='word_1_458' title='bbox 1704 4563 1816 4599; x_wconf 87' lang='lat' dir='ltr'><strong>non</strong></span> <span class='ocrx_word' id='word_1_459' title='bbox 1854 4548 2148 4619; x_wconf 86' lang='lat' dir='ltr'><strong>sequitur).</strong></span> <span class='ocrx_word' id='word_1_460' title='bbox 2190 4578 2257 4589; x_wconf 92' lang='lat'><strong>—-</strong></span> <span class='ocrx_word' id='word_1_461' title='bbox 2304 4548 2637 4619; x_wconf 69' lang='lat' dir='ltr'><strong>scaubribuo]</strong></span> <span class='ocrx_word' id='word_1_462' title='bbox 2676 4547 2863 4617; x_wconf 78' lang='lat' dir='ltr'><strong>Quare</strong></span> 
     </span>
    </p>
   </div>
  </div>
 </body>
</html>
