3092 5059
471 250 589 315 156

1429 252 1885 320 CARMINUM

868 440 1289 517 Immemor
1339 443 1565 518 struis
1617 442 1885 517 domos

782 593 834 635 ω
966 564 1360 664 Marisque
1409 563 1591 639 Bais
1642 565 2153 663 obstrepentis
2204 588 2433 660 urges

865 686 1369 767 Summovere
1412 688 1648 764 litora

965 812 1250 888 Parum
1295 812 1641 910 locuples
1697 813 2135 888 continente
2186 815 2379 916 ripa.

867 938 1101 1035 Quid,
1157 938 1369 1039 quod
1424 964 1670 1038 usque
1722 939 2121 1038 proximos

961 1064 1298 1141 Revellis
1350 1065 1526 1163 agri
1577 1063 1940 1139 terminos
1997 1076 2071 1139 et
2120 1062 2324 1139 ultra

783 1221 834 1261 π
868 1189 1186 1265 Limites
1239 1188 1634 1265 clientium

967 1312 1164 1389 Salis
1217 1316 1538 1390 avarus?

1642 1311 1964 1390 Pellitur
2007 1326 2367 1411 paternos

868 1438 962 1514 In
1014 1440 1187 1515 sinu
1233 1440 1491 1517 ferens
1544 1439 1731 1516 deos

965 1566 1064 1639 Et
1108 1591 1299 1640 uxor
1352 1578 1429 1640 et
1479 1566 1602 1640 vir
1649 1563 2165 1663 sordidosque
2213 1574 2454 1637 natos.

869 1688 1102 1766 Nulla
1154 1692 1438 1766 certior
1489 1705 1745 1765 tamen
2218 1670 2251 1697 ⁸

783 1848 835 1887 ao
971 1817 1299 1916 Rapacis
1345 1812 1531 1891 Orci
1581 1814 1733 1889 fine
1787 1814 2161 1892 destinata

865 1939 1073 2016 Aula
1119 1939 1436 2016 divitem
1489 1955 1747 2016 manet

965 2065 1228 2141 Erum.
1282 2064 1489 2157 Quid
1543 2065 1745 2141 ultra
1792 2064 2089 2142 tendis?
2142 2066 2420 2165 Aequa
2472 2063 2703 2139 tellus

876 2189 1211 2292 Pauperi
1262 2190 1691 2265 recluditur

969 2316 1424 2414 Regumque
1476 2316 1759 2412 pueris,
1815 2341 1959 2391 nec
2009 2314 2314 2392 satelles
2367 2312 2596 2399 Orci,

473 2527 614 2582 caeli
651 2526 924 2595 temperie
962 2526 1398 2589 amoenissimae,
1435 2526 1616 2596 Epist.

474 2598 518 2666 1,
562 2601 608 2667 1,
649 2599 746 2665 83;
784 2596 913 2652 inde
956 2597 1232 2667 plurimae
1270 2603 1326 2652 et
1361 2597 1617 2667 pulcher-

472 2670 647 2723 rimae
683 2668 853 2723 villae
895 2672 1082 2725 totum
1126 2670 1308 2723 sinum
1345 2670 1619 2725 Baianum

473 2740 785 2805 cinxerunt,
805 2757 932 2795 cum
948 2758 1061 2795 non
1077 2742 1303 2811 ‘aegroti
1323 2741 1501 2795 solum
1522 2742 1621 2795 sed

474 2829 664 2866 omnes
701 2812 798 2881 qui
834 2812 1134 2867 delicatam
1175 2814 1352 2867 vitam
1390 2830 1619 2883 quaere-

474 2887 603 2937 rent
637 2882 749 2937 huc
769 2884 1013 2938 solerent
1037 2885 1352 2939 convenire.
1381 2915 1454 2923 —
1476 2901 1620 2939 sum·

475 2954 704 3026 movere]
749 2954 818 3010 cf.
847 2954 1033 3009 Senec.
1061 2954 1266 3025 Tranq.
1293 2956 1461 3010 anim.
1486 2975 1533 3011 c.
1558 2959 1620 3012 3:

475 3026 816 3153 ξ’ἑῗῗέἒΐθῗέ
821 3044 845 3081 ⁸
862 3024 1123 3153 {1⁶2¹}ss
1131 3028 1622 3153 ⁸2³311153332530²¹22

803 3138 817 3166 2

476 3187 646 3239 aquas
703 3174 898 3224 contra
947 3168 1309 3225 difficultates
1368 3170 1621 3225 locorum

477 3242 730 3296 ducere.‘⁸
757 3268 824 3279 —
849 3246 983 3295 cont.
1004 3240 1157 3311 ripa]
1176 3241 1244 3295 cf.
1267 3241 1619 3309 Carm.111,1,

477 3315 563 3367 33.
583 3312 680 3377 111,
707 3312 796 3379 24,
816 3314 864 3365 3.
891 3311 1031 3367 Stat.
1053 3312 1186 3367 Silv.
1207 3313 1278 3373 Π,
1301 3314 1352 3377 2,
1379 3314 1447 3366 54
1469 3330 1617 3383 sqq.:

547 3382 710 3437 Mons
751 3388 876 3437 erat
919 3383 1029 3447 hic,
1085 3385 1182 3439 ubi
1224 3385 1394 3454 plana
1437 3384 1618 3453 vides3

913 3454 1053 3511 haec
1087 3457 1264 3510 lustra
1299 3456 1549 3524 fuerunt,

547 3525 698 3594 Quae
737 3543 886 3581 nunc
921 3533 1070 3581 tecta
1105 3528 1280 3595 subis;
1330 3528 1427 3582 ubi
1473 3546 1622 3582 nunc

872 3616 1102 3653 nemora
1138 3599 1313 3654 ardua
1351 3600 1547 3664 cernis,

547 3668 654 3723 Hic
697 3686 798 3723 nec
839 3674 991 3724 terra
1037 3670 1175 3739 suit3
1233 3672 1449 3725 domuit
1495 3688 1618 3740 pos-

1230 3760 1407 3797 sessor
1445 3748 1549 3797 cet.

477 3810 638 3882 Quid,
658 3808 821 3881 quod]
849 3810 1153 3881 Frequenti
1179 3814 1285 3869 hac
1309 3816 1622 3869 elocutione

478 3882 627 3952 apud
671 3888 921 3937 oratores
967 3884 1149 3938 maior
1195 3887 1384 3954 aliqua
1429 3903 1516 3939 res
1564 3891 1622 3939 et

476 3954 706 4025 gravior
777 3955 849 4008 ad
909 3957 1332 4011 commovendos
1405 3958 1620 4011 animos

476 4026 784 4097 legentium
841 4026 971 4081 addi
1029 4027 1186 4082 solet.
1264 4027 1445 4096 Quare
1491 4028 1547 4081 h.
1586 4028 1622 4081 1.

479 4102 648 4167 poeta
700 4114 864 4167 „non,
910 4098 1110 4165 inquit,
1149 4118 1305 4154 mare
1341 4100 1520 4154 solum
1566 4104 1623 4153 et

479 4187 681 4237 aquam
743 4169 864 4222 loco
927 4186 1144 4238 moves,
1213 4170 1307 4225 sed
1368 4171 1622 4226 homines

479 4240 650 4295 etiam
682 4242 871 4309 inopes
901 4257 1078 4309 parva
1102 4242 1230 4297 sede
1251 4242 1475 4311 pellis;“
1513 4260 1625 4312 qua

478 4310 790 4380 impudenti
836 4313 1151 4380 rapacitate
1201 4314 1334 4382 quid
1384 4320 1469 4368 est
1505 4320 1623 4367 tur·

479 4382 649 4452 pius?
699 4412 761 4422 -
822 4382 1123 4453 clientium]
1163 4384 1321 4451 Quod
1357 4404 1428 4440 ne
1464 4385 1626 4441 fieret

479 4459 708 4510 cautum
745 4462 869 4509 erat
904 4455 960 4508 in
999 4454 1104 4509 XII
1140 4456 1364 4522 tabulis,
1407 4458 1465 4511 in
1503 4458 1623 4527 qui·

479 4526 584 4579 bus
620 4526 756 4580 haec
784 4530 969 4580 erant:
1010 4532 1315 4595 „patronus
1350 4530 1402 4582 si
1437 4530 1627 4584 clienti

479 4596 732 4664 fraudem
773 4598 996 4664 ἴσοις-ἰὴ·
1027 4613 1180 4653 sacer
1226 4602 1402 4668 θεῖος*
1459 4604 1516 4653 et
1567 4601 1627 4654 in

1720 2527 1843 2598 lege
1864 2526 2079 2581 Numae
2122 2527 2254 2596 „qui
2289 2522 2575 2582 terminent
2604 2524 2873 2589 exara-sit,

1719 2598 1876 2667 ipsus
1922 2604 1974 2653 et
2018 2599 2193 2654 boveis
2236 2597 2415 2653 sacr-ei
2466 2597 2685 2651 sunto.“
2768 2596 2873 2651 Sed

1722 2671 1845 2741 lege
1880 2670 2014 2725 Sall.
2052 2669 2304 2741 Iugurth.
2350 2686 2394 2722 c.
2440 2670 2527 2721 41.
2586 2698 2652 2707 —
2713 2666 2875 2737 salis]

1722 2742 1905 2797 Habet
1957 2742 2011 2795 h.
2048 2760 2098 2795 v.
2159 2740 2625 2812 significationem
2682 2758 2873 2811 super·

1722 2815 1848 2868 biae
1885 2818 1943 2868 et
1975 2813 2349 2883 arrogantiae.

1794 2884 1859 2940 V.
1880 2886 1964 2937 27.
1992 2884 2118 2939 deos
2136 2884 2491 2953 sordidosque
2514 2882 2702 2950 natos]
2728 2882 2871 2937 Nam

1722 2955 1865 3009 nihil
1914 2955 2117 3024 reliqui
2156 2962 2240 3010 est
2281 2960 2510 3025 praeter
2554 2953 2684 3022 hos;
2744 2954 2875 3009 deos

1722 3032 1951 3097 penates
2005 3032 2063 3082 et
2117 3027 2262 3081 lares
2320 3026 2638 3093 relinquere
2736 3026 2875 3079 ictas

1724 3100 1921 3167 vetuit,
1974 3102 2137 3153 natos
2192 3104 2413 3153 natura.
2469 3126 2533 3139 —-
2590 3112 2685 3151 sor
2724 3096 2871 3166 idos]

1723 3170 1923 3225 misere
1960 3174 2136 3225 tectos
2172 3171 2264 3224 vel
2300 3169 2548 3223 vestitos.
2622 3166 2871 3222 Martial.

1722 3242 1766 3302 Ι,
1805 3244 1890 3307 49,
1929 3244 2025 3295 28:
2084 3242 2305 3310 „focum
2351 3240 2568 3295 infante
2624 3240 2873 3295 cinctum

1722 3313 2002 3368 sordid0.“
2032 3344 2097 3352 —
2124 3314 2299 3368 Nulla
2323 3312 2520 3367 certior
2550 3308 2682 3379 cet-J
2720 3310 2873 3365 Ordo

1724 3384 2020 3439 verborum
2046 3385 2137 3439 hic
2172 3392 2279 3439 est:
2318 3383 2485 3438 Nulla
2518 3388 2710 3437 tamen
2742 3384 2874 3437 aula

1724 3457 1931 3511 certior
1990 3456 2225 3510 divitem
2283 3473 2442 3509 erum
2510 3458 2703 3509 manet
2764 3454 2875 3509 fine

1724 3528 2001 3582 destinata
2025 3529 2243 3597 rapacis
2271 3526 2455 3581 Orci.“
2492 3526 2559 3579 In
2597 3541 2711 3594 quo
2748 3526 2873 3580 loco

1719 3598 1850 3666 finis
1884 3598 2015 3653 dest.
2053 3616 2176 3667 rap.
2218 3597 2349 3653 Orci
2393 3597 2607 3651 dictum
2646 3603 2733 3651 est
2766 3615 2873 3666 pro

1720 3670 1827 3737 fine
1882 3686 2047 3738 quam
2097 3686 2282 3739 rapax
2322 3668 2497 3723 Orcus
2548 3668 2877 3735 destinavi&

1725 3741 1875 3810 quod
1901 3742 2124 3809 quidem
2153 3746 2217 3794 ut
2251 3742 2393 3794 bene
2426 3740 2711 3794 diceretur
2746 3740 2877 3793 effe·

1726 3814 1803 3868 cit
1850 3812 1979 3867 Orci
2028 3830 2245 3875 nomen,
2296 3811 2393 3880 qui
2434 3816 2494 3865 et
2528 3810 2699 3865 finem
2737 3810 2877 3865 facit

1726 3892 1783 3940 et
1828 3885 1945 3954 ipse
1993 3884 2120 3937 finis
2160 3889 2259 3937 est.

1724 3974 1863 4083 2ῖῖ
1894 3951 2873 4094 h‚’⁶3{{55‡1{¹z⁰‘1¹÷;11¹2⁷’123?a131²}51

1725 4098 1964 4154 torum.“
2002 4098 2257 4167 Propert.
2288 4098 2330 4165 1,
2362 4100 2444 4159 16,
2474 4100 2566 4149 21:
2608 4096 2875 4164 „nullane

1725 4170 1851 4225 finis
1906 4170 2016 4224 erit
2073 4176 2265 4224 nostro
2323 4186 2581 4225 concessa
2637 4167 2873 4221 dolori.“

1725 4242 1873 4296 Aula
1900 4246 1985 4295 est
2004 4241 2191 4295 domus
2214 4240 2495 4295 Plutonia.
2522 4238 2591 4293 cf.
2618 4238 2803 4293 Carm-
2828 4238 2871 4294 1.

1727 4318 1778 4379 4,
1802 4316 1881 4366 17.
1924 4312 2205 4382 Hauptius
2228 4318 2287 4367 et
2305 4311 2616 4366 Meinekius
2644 4328 2711 4363 ex
2738 4328 2874 4379 pau·

1726 4386 1803 4441 cis
1853 4385 2011 4439 codd.
2059 4389 2116 4439 et
2152 4382 2341 4437 Servio
2391 4382 2462 4437 ad
2496 4382 2665 4452 Verg.
2724 4398 2871 4435 rece-

1726 4464 1930 4527 perunt
1966 4455 2102 4523 sede,
2150 4454 2569 4524 Peerlkampius
2608 4470 2675 4507 ex
2726 4454 2873 4507 coni.

1726 4530 1848 4597 leae,
1887 4532 1951 4581 ut
1986 4528 2063 4582 sit
2099 4544 2259 4609 quam
2295 4543 2434 4595 quae
2472 4526 2557 4580 illi
2593 4524 2875 4580 destinata

1728 4604 1805 4653 est
1849 4599 1959 4669 leye
2002 4598 2129 4654 Oret
2174 4598 2413 4667 rapacis.
2455 4626 2519 4637 —
2560 4612 2739 4665 aequa
2784 4596 2871 4651 tel-

2334 3882 2419 3937 De
2464 3880 2737 3937 feminino
2780 3900 2877 3953 ge·
