3092 5059
227 4500 432 4563 .Nea

1139 226 1406 293 LIBER.
1481 225 1733 292 CARM.
1780 225 1853 291 V.

2572 228 2697 295 303

617 448 668 489 ω
707 417 900 495 Cum
955 416 1434 516 promineret
1483 440 1619 491 ore
1670 426 2035 514 quantum
2094 428 2397 491 exstant
2444 442 2647 515 aqua

902 539 1288 641 Suspensa
1332 552 1591 615 mento
1648 563 2013 637 corpora:

693 666 1026 741 Exsucta
1075 666 1188 741 uti
1241 662 1585 741 medulla
1636 676 1711 739 et
1758 662 2065 738 aridum
2117 664 2329 738 iecur

900 788 1214 865 Amoris
1265 803 1464 866 esset
1514 788 1911 887 poculum,

695 915 1199 992 Interminato
1253 941 1430 991 cum
1473 914 1712 991 semel
1760 914 1961 991 fixae
2005 914 2179 990 cibo

611 1073 664 1113 ιο
895 1040 1414 1117 Intabuissent
1465 1038 1831 1139 papulae.

699 1166 873 1241 Non
928 1163 1268 1241 defuisse
1321 1164 1708 1240 masculae
1756 1163 2103 1239 libidinis

903 1291 1476 1367 Ariminensem
1524 1290 1825 1365 Foliam

702 1417 796 1491 Et
847 1415 1092 1491 otiosa
1137 1415 1470 1491 credidit
1517 1415 1881 1513 Neapolis

901 1540 998 1613 Et
1051 1566 1304 1615 omne.
1329 1540 1669 1615 vicinum
1719 1539 2118 1639 oppidum,

619 1698 672 1741 ιι
707 1666 926 1759 Quae
969 1664 1226 1741 sidera
1279 1676 1671 1740 excantata
1719 1689 1908 1740 voce
1938 1664 2317 1741 ‘Thessala

897 1790 1354 1890 Lunamque
1406 1789 1619 1866 caelo
1675 1788 1975 1888 deripit,

705 1917 873 1995 Hio-
903 1918 1353 1993 irresectum
1406 1940 1637 1991 saeva
1690 1914 1919 1989 dente
1966 1913 2209 1989 livido

905 2042 1232 2119 Canidia
1277 2040 1563 2117 rodens
1612 2040 1977 2139 pollicem

707 2167 916 2262 Quid
969 2166 1162 2243 dixit
1213 2180 1347 2241 aut
1392 2165 1578 2265 quid
1632 2165 1919 2243 tacuit?

2024 2164 2093 2241 O
2146 2167 2378 2242 rebus
2429 2170 2620 2243 meis

625 2326 676 2367 ω
909 2291 1084 2367 Non
1125 2289 1472 2367 infideles
1523 2291 1863 2367 arbitrae

705 2416 879 2493 Nox
934 2431 1010 2493 et
1061 2416 1327 2511 Diana,
1395 2440 1593 2514 quae
1642 2414 2028 2492 silentium
2092 2416 2316 2513 regis,

910 2540 1222 2618 Arcana
1271 2567 1444 2617 cum
1495 2539 1693 2615 fiunt
1741 2564 1980 2636 sacra,

709 2666 930 2743 Nunc
979 2693 1183 2743 nunc
1223 2666 1508 2761 adeste,
1556 2692 1761 2741 nunc
1810 2666 1891 2741 in
1940 2666 2261 2743 hostiles
2311 2665 2581 2741 domos

903 2792 1112 2868 Iram
1165 2804 1396 2891 atque
1445 2816 1731 2866 numen
1782 2790 2097 2865 vertite!

628 2950 677 2991 ω
712 2914 1272 2992 Formidulosis
1327 2916 1512 2991 dum
1565 2916 1804 2991 latent
1854 2914 2069 2991 silvis
2122 2914 2337 2993 ferae

907 3041 1135 3117 Dulci
1185 3066 1464 3140 sopore
1513 3039 1954 3139 languidae,

307 3284 432 3355 quii
483 3284 740 3341 codicum
797 3285 983 3356 glossa
1043 3290 1310 3340 attracta.
1389 3284 1458 3339 ln

307 3357 436 3413 aliia
473 3362 702 3425 exsecta,
743 3372 922 3420 exesa,
959 3355 1180 3411 similia.
1257 3356 1328 3411 cf.
1367 3357 1458 3410 Iu·

307 3429 489 3484 venel.
517 3428 620 3490 111.
643 3430 697 3497 8,
725 3430 818 3483 9οε
861 3428 1034 3497 „Ossa
1069 3428 1224 3482 vides
1260 3444 1458 3498 regum

307 3500 500 3555 vacuis
522 3506 749 3555 exsucta
769 3499 1079 3555 medullisst
1119 3499 1272 3554 Idem
1295 3516 1460 3569 prae-

307 3572 564 3627 tulerunt
607 3572 830 3626 muller.
877 3576 936 3625 et
979 3570 1262 3625 Eckstein.
1275 3610 1290 3635 ‚
1345 3587 1460 3625 non

307 3643 518 3699 Keller.
567 3648 668 3698 ant
704 3642 922 3697 Sohiitz.
971 3670 1038 3681 --
1087 3640 1460 3711 interminato]

308 3716 628 3778 interdicto,
667 3716 870 3782 vetit03
921 3714 1146 3783 passiva
1181 3712 1460 3784 significa·

307 3788 464 3842 tione
498 3788 762 3857 positum.
795 3784 1022 3841 Terent.
1056 3785 1232 3839 Andr.
1270 3785 1370 3851 111,
1409 3786 1463 3852 2,

313 3860 404 3913 16:
444 3858 880 3927 „Interminatus
917 3874 1056 3924 snm,
1089 3874 1162 3911 ns
1195 3856 1424 3911 faceres.
1427 3856 1462 3887 44

309 3956 381 3970 -—
427 3898 549 3985 dnm
589 3929 762 3999 mel]
813 3930 980 3983 simul
1017 3944 1100 3983 ac.
1149 3928 1266 3983 Sat.
1303 3928 1374 3994 H,
1417 3930 1462 3991 1,

312 4004 401 4055 24.
425 4030 492 4041 -
527 4001 706 4055 otiosa
741 4000 1038 4070 Neapolis]
1075 4000 1329 4055 Fuerunt
1363 3999 1463 4068 qni

312 4090 386 4127 ex
405 4072 514 4127 hoc
535 4072 762 4127 nomine
785 4071 1184 4127 concluderent
1205 4088 1463 4127 scaenam

310 4143 478 4199 huius
515 4144 684 4213 epodi
699 4143 934 4213 Neapoli
959 4160 1104 4212 eese;
1139 4143 1200 4197 in
1223 4160 1336 4213 qno
1370 4159 1464 4198 eos

310 4232 526 4271 errasse
549 4214 754 4270 docent
788 4230 980 4271 versus
1013 4216 1084 4269 58
1105 4220 1166 4269 et
1205 4216 1322 4270 100.
1361 4214 1460 4269 Ca·

309 4286 472 4342 nidis
485 4286 700 4343 Romae
733 4287 883 4341 vixit
915 4286 1109 4355 ibique
1145 4286 1323 4341 scelus
1359 4286 1466 4340 hoc

309 4358 592 4415 mfmum
648 4358 1038 4413 committitur.
1128 4356 1465 4413 Nominatnr

310 4434 504 4485 autem
567 4430 848 4499 Neapolis,
921 4433 978 4483 et
1041 4430 1175 4498 quia
1230 4429 1465 4484 Canidia

1007 4502 1104 4556 uia
1138 4502 1318 4556 otiosa
1351 4500 1466 4555 fuit

997 4613 1014 4640 ,
1049 4574 1152 4627 211

430 4502 685 4571 polita-na
729 4500 842 4556 fuit
877 4507 936 4556 et

311 4572 452 4628 urbs
495 4572 684 4643 (Ovid.
719 4572 856 4629 Met.
896 4572 948 4625 X

1207 4572 1302 4641 „in
1345 4571 1466 4626 otia

1557 3289 1750 3340 natam
1812 3284 2219 3365 Parthenopen‘
2224 3286 2281 3353 ‘‚)
2345 3285 2503 3340 euius
2556 3285 2707 3340 ineo·

1560 3356 1661 3419 lae,
1716 3357 1919 3411 talium
1961 3359 2150 3411 rei-nm
2196 3356 2403 3426 cupidi,
2455 3374 2707 3411 rumores

1558 3428 1695 3482 illuc
1740 3444 1963 3497 quoque
2006 3428 2206 3483 allatos
2250 3428 2416 3483 avide
2460 3428 2708 3497 arripue-

1558 3504 1711 3555 runt.
1782 3500 1903 3553 Liv.
1942 3499 2092 3562 VIII,
2144 3500 2231 3553 22.
2285 3526 2359 3541 —-
2412 3516 2567 3555 om
2610 3516 2707 3569 op·

1554 3570 1775 3641 pidum]
1824 3575 1891 3625 nt
1938 3571 2176 3637 Puteoli,
2228 3570 2432 3641 Capua,
2486 3571 2707 3639 Cumae,

1561 3642 1837 3711 imprimis
1863 3642 2050 3697 Baiae.
2076 3670 2143 3682 —
2174 3643 2497 3714 eoecantata]
2528 3642 2651 3713 Epo
2654 3643 2707 3697 d.

1566 3716 1649 3782 17,
1706 3716 1757 3767 4.
1830 3714 1996 3784 Verg.
2051 3713 2187 3801 Buc,
2240 3716 2293 3782 8,
2346 3715 2434 3768 69.
2506 3714 2709 3769 Platon

1563 3785 1729 3856 Gorg.
1752 3801 1808 3853 p.
1824 3788 1946 3839 513.
1966 3788 2061 3839 A.:
2091 3784 2221 3854 „ricc
2244 3784 2344 3852 τὴν
2366 3781 2599 3853 σελήνην
2615 3804 2709 3839 κα·

1563 3854 1863 3925 &amotione
1895 3855 1991 3915 τὰς
2025 3858 2363 3916 Θετταλίδας.
2368 3858 2399 3887 44
2452 3856 2538 3912 De
2573 3874 2709 3913 voce

1562 3927 1829 3983 Thessala
1878 3929 2007 3983 vide
2054 3929 2128 3984 ad
2178 3930 2358 3984 Cm.
2405 3929 2449 3993 1,
2488 3931 2575 3989 27,
2620 3932 2709 3983 21.

1563 4028 1632 4039 —-
1680 3999 2017 4069 irremotum]
2071 4000 2193 4055 Hoc
2246 4018 2467 4071 quoqne
2519 4000 2709 4054 Furiis

1562 4073 1873 4141 proprium,
1922 4072 2099 4126 rabiei
2134 4073 2373 4143 signum.
2413 4100 2477 4111 —
2518 4071 2709 4140 livido]

1562 4148 1629 4268 gt
1655 4143 1934 4267 ⁷vetulae.
2006 4170 2078 4183 --
2150 4142 2347 4213 tacuit]
2420 4143 2601 4213 Epist.
2664 4143 2708 4211 1,

1600 4252 1617 4283 ‚
1690 4218 1739 4268 2.

1635 4285 1702 4339 V.
1738 4288 1826 4341 51.
1862 4284 2081 4355 Diam]
2128 4284 2352 4340 Hecate.
2390 4285 2572 4340 Garm.
2608 4284 2709 4353 111,

1566 4358 1651 4422 22,
1688 4359 1741 4411 4.
1800 4356 1983 4412 Sacris
2018 4357 2275 4411 omnibus
2308 4356 2534 4411 silentio
2570 4373 2709 4427 opus

1564 4432 1666 4489 ett-
1722 4428 1891 4484 otiam
1944 4428 2193 4499 magicis.
2245 4456 2311 4469 -·
2368 4427 2585 4483 hostiles
2618 4428 2711 4485 do-

1564 4499 1701 4568 mos]
1737 4517 1929 4555 earnm
1966 4516 2111 4570 quae
2145 4500 2359 4554 Varum
2404 4518 2441 4554 a
2476 4498 2712 4555 Canidia

1566 4570 1641 4627 ad
1680 4588 1741 4627 se
1792 4572 2171 4629 detraxerant.
2210 4600 2277 4611 -—
2311 4570 2711 4644 formidamus]
