3092 5059
474 236 599 303 432

575 424 796 520 „Non
853 422 1077 519 ego,“

1423 234 1926 304 SATIRARUM

1129 436 1568 498 narrantem
1625 436 1962 519 „temere
2007 424 2134 501 edi
2183 424 2355 501 luoe
2405 426 2756 521 profesta

575 547 1006 647 Quicquam
1063 560 1364 645 praeter
1417 547 1644 624 holus
1698 550 2048 625 fumosae
2085 575 2260 626 eum
2314 550 2517 647 pede
2569 575 2890 648 pernae.

570 674 689 747 Ao
740 672 930 748 mihi
977 697 1110 747 seu
1164 671 1485 770 long-um
1538 690 1716 769 post
1778 686 2078 774 tempus
2132 688 2448 752 venerat
2498 675 2784 775 hospes

574 796 751 874 Sive
804 824 1121 895 operum
1178 822 1421 873 vacuo
1474 810 1740 895 gratus
1795 801 2127 875 conviva
2178 824 2318 900 per
2369 801 2700 876 imbrem

472 954 548 997 120
571 922 905 1018 Vicinus,
962 923 1157 999 bene
1211 936 1375 998 erat
1423 947 1577 998 non
1634 924 1976 1021 piscibus
2027 926 2220 1000 urbe
2271 925 2525 1024 petitis

570 1047 723 1124 Sed
780 1046 993 1145 pullo
1042 1061 1275 1147 atque
1332 1046 1628 1142 haedo;
1685 1060 1841 1122 tum
1899 1048 2216 1147 pensilis
2261 1075 2410 1124 uva
2461 1051 2848 1127 secundas

569 1172 667 1247 Et
715 1172 1251 1272 nux-ornabat
1298 1196 1600 1249 mensas
1653 1196 1821 1246 cum
1879 1172 2192 1272 duplice
2239 1173 2410 1249 ficu.

574 1295 755 1371 Post
805 1296 951 1371 hoo
1000 1294 1231 1371 ludus
1286 1308 1451 1372 erat
1498 1294 1725 1391 eulpa
1779 1308 2046 1395 potare
2097 1299 2487 1394 magistra,

569 1420 690 1497 Ao
740 1435 1105 1498 venerata
1160 1420 1417 1516 Ceres,
1472 1420 1581 1495 ita
1633 1419 1886 1495 oulmo
1941 1434 2288 1518 surgeret
2329 1422 2510 1510 alto,

474 1576 547 1617 12⁵
568 1546 957 1644 Explicuit
1007 1548 1187 1621 vino
1244 1559 1682 1621 contractae
1727 1546 1924 1621 seria
1970 1546 2270 1620 frontis.

572 1672 881 1750 Saeviat
931 1686 1161 1772 atque
1208 1696 1449 1746 novos
1500 1684 1812 1747 moveat
1863 1670 2174 1749 fortuna
2231 1672 2634 1749 tumultus:

574 1797 959 1891 Qua-ntum
979 1797 1157 1872 hino
1170 1797 1608 1872 imminuet?
1627 1807 1911 1895 quanto
1929 1810 2060 1872 aut
2075 1822 2220 1896 ego
2242 1800 2548 1897 parcius
2571 1812 2702 1875 aut
2714 1826 2878 1897 vos,

572 1920 639 1999 Ο
694 1922 936 2021 pueri,
988 1922 1343 2016 nituistis,
1396 1934 1479 1995 ut
1522 1921 1672 1997 huo
1722 1946 1966 1997 novus
2017 1922 2268 1997 incola
2320 1924 2576 1999 venit?

569 2046 764 2124 Nam
819 2048 1181 2148 propriae
1232 2047 1533 2123 telluris
1585 2070 1798 2121 erum
1853 2060 2125 2122 natura
2175 2072 2427 2147 neque
2477 2048 2697 2125 illum

471 2206 545 2248 180
567 2172 728 2249 Neo
782 2200 905 2250 me
954 2199 1097 2249 neo
1149 2196 1609 2271 quemquam
1665 2172 1965 2247 statuit:
2017 2196 2155 2247 nos
2209 2172 2508 2271 expulit
2555 2173 2732 2271 ille;

471 2442 591 2495 139.
626 2471 683 2479 -
714 2456 827 2497 non
846 2437 1055 2508 temere]
1084 2456 1197 2493 non
1224 2437 1406 2492 facile.
1432 2436 1614 2507 Epist.

467 2512 539 2581 11,
558 2512 611 2580 2,
636 2514 716 2567 13.
742 2542 805 2552 —-
834 2510 1005 2579 holus]
1034 2509 1102 2565 of.
1126 2510 1197 2565 ad
1223 2508 1336 2564 Sat.
1362 2510 1433 2579 11,
1456 2514 1505 2579 1,
1528 2510 1616 2564 74.

467 2612 537 2624 -·
572 2584 658 2639 Ac
692 2583 841 2652 mim]
880 2582 971 2637 Sio
1007 2582 1364 2637 scribendum
1402 2586 1525 2636 erat
1564 2586 1620 2636 et

465 2660 701 2725 propter
714 2654 871 2710 codd.
893 2654 1287 2709 auctoritatem
1310 2660 1368 2710 et
1386 2658 1620 2724 propter

466 2726 801 2783 sententiam
838 2726 861 2780 i
900 2743 1036 2787 sam,
1066 2728 1129 2781 in
1165 2742 1277 2795 qua
1313 2724 1616 2796 oppositio-

465 2800 570 2862 nis,
609 2816 775 2870 quam
798 2797 873 2853 ha
914 2802 1034 2852 eret
1070 2802 1145 2863 at,
1179 2796 1321 2852 nihil
1358 2798 1518 2850 inest.
1550 2824 1617 2834 —

466 2870 685 2940 longum
720 2874 845 2940 post
882 2867 1113 2939 tem-pus]
1151 2885 1281 2923 raro
1320 2868 1620 2922 veniebant

465 2942 739 3011 hospites3
802 2940 1015 2995 scilieet
1062 2940 1181 2995 eius
1222 2940 1421 2994 aetatis
1471 2938 1617 3009 agri—

467 3014 622 3068 colae
682 3012 962 3081 simplices
1023 3028 1086 3065 ae
1139 3010 1405 3066 laboriosi
1464 3010 1617 3064 domi

464 3086 767 3139 manebant
828 3098 1138 3154 agrumque
1194 3084 1481 3138 curabant.
1551 3110 1616 3121 —

462 3172 561 3227 per
604 3155 848 3226 imbrem]
896 3171 1006 3224 quo
1048 3173 1119 3209 ne
1166 3154 1394 3224 negot-ia
1442 3152 1617 3207 faces-

466 3244 587 3281 sere
622 3232 848 3299 possent
882 3226 1343 3296 prohibebantur.
1384 3254 1445 3265 —
1481 3239 1620 3294 pen-

464 3298 585 3353 silis
620 3298 748 3383 αυᾳ]
787 3298 933 3353 Plin.
968 3297 1035 3352 N.
1074 3297 1144 3352 H.
1182 3294 1326 3379 KIV,
1366 3298 1427 3351 3:
1483 3297 1618 3381 „du-

464 3373 597 3424 rant
633 3371 777 3425 aliae
810 3370 997 3440 (uvae)
1024 3386 1126 3438 per
1156 3369 1397 3425 hiemem
1414 3368 1620 3438 pensili

464 3446 884 3499 oonoameratae
920 3440 1117 3495 nodo.“
1140 3468 1207 3479 —-
1244 3440 1455 3511 duplice
1486 3439 1619 3509 ficu]

464 3512 537 3568 ad
560 3513 881 3568 siccandum
903 3512 1097 3567 divisa.
1124 3540 1195 3551 -
1218 3517 1339 3581 post
1364 3511 1479 3584 hoc]
1504 3528 1619 3566 non

462 3590 529 3640 ut
559 3585 834 3640 luxuriosi
868 3586 1015 3639 inter
1046 3583 1339 3638 edendum.
1384 3582 1453 3637 οἶ.
1492 3582 1615 3637 Sen.

463 3657 515 3713 E
558 3700 569 3712 .
602 3658 729 3712 122:
777 3656 945 3727 „Post
965 3656 1267 3726 prandium
1300 3660 1400 3709 aut
1424 3670 1618 3709 cenam

462 3729 523 3783 bi
564 3747 656 3784 ere
684 3730 915 3812 vulgare
944 3733 1053 3783 est:
1090 3728 1199 3782 hoe
1232 3732 1420 3797 patres
1458 3726 1618 3779 fami-

463 3801 573 3857 liae
607 3801 807 3856 rustici
831 3800 1049 3855 faeiunt
1080 3804 1137 3854 et
1169 3816 1337 3854 verae
1362 3798 1618 3867 volupta-

462 3874 539 3957 tis
560 3872 805 3958 ignari.“
828 3902 903 3955 ⁸-
929 3871 1096 3955 σπῖρα
1121 3868 1415 3955 Μαρίας-ρ]
1444 3868 1620 3953 9211),ss

462 3944 681 4100 {³333}ss
692 3949 963 4099 ῗῗξὲῗέἒ
986 3942 1618 4099 ἓῖἶέζὶῖςῗι”οὲἓὲὲἕέῑέ.“ἑῗ

462 4088 905 4231 issssnerffiilssffi
914 4101 1618 4225 533ffi²⁸02¹3331¹²p22232

460 4232 774 4287 hauriendi.
814 4230 993 4301 Culpa
1016 4230 1193 4303 igitur
1218 4234 1489 4297 tanquam
1514 4235 1616 4281 θα·

462 4306 684 4375 λίαρχος
727 4320 769 4357 Ι.
816 4305 1239 4375 συμποσίαρχος
1292 4304 1392 4355 est.
1464 4298 1618 4356 Haec

460 4376 672 4430 rustica
734 4374 881 4429 ratio
948 4376 1147 4428 eontra
1198 4371 1471 4427 urbanam
1532 4371 1615 4426 bi·

459 4446 629 4501 bendi
664 4445 925 4517 magistri
962 4444 1205 4515 eligendi
1239 4444 1489 4515 ponitur.
1542 4444 1615 4499 of.

460 4518 575 4572 Sat.
616 4518 689 4586 11,
726 4520 777 4583 6,
814 4518 900 4571 68.
943 4516 1290 4571 coniecturis
1327 4532 1465 4585 opus
1501 4533 1616 4570 non

460 4595 563 4659 est,
600 4606 922 4659 quanquam
956 4586 1165 4643 multae
1198 4593 1327 4643 sunt
1362 4588 1614 4659 proposi·

1711 2440 1822 2505 tae,
1883 2437 2062 2493 veluti
2127 2454 2314 2509 cuppa
2372 2438 2630 2494 Lambin.
2645 2480 2661 2511 ,
2729 2456 2878 2511 cupa

1712 2510 1897 2580 (oopa)
1952 2510 2158 2578 Bentl„
2212 2511 2390 2580 pulpa
2443 2511 2656 2580 Heius„
2711 2512 2875 2582 pulso

1713 2582 1978 2650 maai-stro
2027 2581 2277 2645 Kirehn„
2335 2586 2410 2651 et,
2465 2601 2634 2652 quam
2691 2584 2874 2639 animi

1712 2670 1878 2707 eausa
1915 2668 2152 2722 appono,
2198 2650 2368 2706 κόπτ’
2387 2661 2481 2724 ρῳ
2523 2660 2718 2724 potare
2763 2672 2878 2709 ma·

1711 2724 1885 2794 qistro
1938 2724 2276 2779 Praedicow.
2335 2755 2401 2765 —
2463 2725 2744 2796 venerata]
2799 2726 2870 2781 ef.

1714 2794 1897 2849 Carm.
1951 2795 2102 2851 Saeo.
2163 2798 2247 2850 49.
2321 2796 2591 2867 Partieip.
2651 2800 2879 2868 passiva

1711 2865 2150 2937 significatione3
2185 2868 2391 2923 similia
2419 2870 2675 2939 exempla
2703 2887 2878 2940 supra

1717 2941 1831 2991 114.
1888 2938 2068 2995 Carm.
2106 2938 2206 3003 ΙΙΙ,
2251 2940 2339 3009 24,
2383 2944 2465 2995 12.
2511 2941 2557 3003 1,
2601 2945 2655 3006 1,
2689 2942 2782 2997 25.
2829 2942 2876 3009 1,

1713 3011 1798 3074 32,
1839 3012 1890 3065 5.
1945 3010 2123 3081 Epod.
2179 3013 2260 3080 11,
2297 3014 2349 3065 8.
2409 3040 2475 3051 —-
2535 3012 2618 3067 ita
2672 3012 2874 3083 cuano]

1713 3082 1794 3137 ita
1857 3088 2004 3152 part.
2067 3082 2259 3137 eadem
2321 3084 2542 3138 ratione
2602 3085 2664 3138 in
2739 3087 2874 3139 voto

1711 3154 1896 3223 posita
1971 3171 2083 3222 qua
2162 3154 2362 3209 similis
2427 3154 2538 3225 εἰσς
2603 3156 2736 3210 vide
2803 3156 2874 3211 ad

1713 3224 1894 3280 Carm.
1945 3225 1991 3292 Ι,
2029 3228 2080 3294 Β,
2124 3228 2172 3278 1.
2245 3225 2476 3281 Plenam
2533 3228 2874 3282 sententiam

1711 3297 2006 3368 intelleges
2049 3314 2118 3351 ex
2169 3296 2308 3351 locis
2359 3298 2472 3352 Cio.
2517 3298 2578 3351 in
2617 3298 2740 3353 Cat.
2777 3297 2871 3363 lv,

1713 3372 1764 3436 6,
1807 3372 1891 3436 11,
1929 3369 1998 3422 ad
2037 3371 2158 3422 Att.
2187 3368 2256 3436 V,
2287 3370 2382 3423 15:
2421 3367 2544 3439 „Ita
2583 3370 2774 3425 vivam
2809 3374 2872 3424 ut

1711 3440 1986 3494 maximos
2011 3444 2264 3508 sumptus
2293 3440 2496 3495 facio.“
2536 3440 2648 3496 Cio.
2669 3441 2870 3496 Famil.

1713 3510 1782 3573 X,
1821 3514 1879 3565 9:
1942 3512 2061 3579 „ita
2110 3511 2182 3566 ab
2232 3512 2657 3567 imminentibus
2709 3513 2872 3567 malis

1711 3583 2066 3709 avus?
2101 3583 2435 3709 effi
2475 3584 2584 3710 εξ.
2601 3584 2767 3639 ³0¹2·
2805 3584 2870 3639 ¹¹·

1711 3670 2230 3852 3'98025‘11‘53‘32
2283 3730 2870 3867 hamme

1711 3869 1799 3923 nis
1837 3886 1980 3938 quae
2003 3838 2167 3924 ’nu’ne
2210 3870 2374 3925 nobis
2419 3875 2568 3939 sunt,
2615 3870 2868 3927 modera-

1713 3940 1868 3995 tione
1905 3941 2080 3997 animi
2117 3944 2176 3997 et
2221 3940 2554 4013 frugalitate
2590 3943 2761 3998 vitae.
2801 3970 2866 3983 -

1713 4012 1984 4082 ”itui-stis]
2016 4013 2202 4067 nitent
2238 4014 2334 4084 qni
2371 4013 2522 4067 bona
2545 4015 2866 4070 valetudine

1713 4088 1966 4139 utuntur.
2039 4084 2222 4153 Epist.
2261 4084 2303 4153 1,
2345 4088 2396 4153 4,
2437 4087 2520 4139 15.
2559 4112 2626 4125 -
2663 4084 2866 4155 imola]

1712 4156 1832 4240 Est.
1847 4162 2145 4211 veteranus
2181 4156 2359 4241 miles,
2411 4160 2548 4211 tunc
2583 4174 2866 4227 possessor

1710 4244 1834 4354 :352¹
1848 4228 2864 4383 ’dssgqfflfffissssfflfiffizlssz

1711 4370 1778 4425 ld
1834 4388 1934 4426 cur
1990 4372 2182 4440 faeiat,
2237 4377 2428 4427 statim
2483 4370 2659 4427 addit.
2753 4372 2865 4428 orr.

1713 4442 1941 4498 Anthol.
1977 4443 2097 4499 Pal.
2137 4445 2187 4514 2,
2224 4446 2320 4497 27:
2374 4438 2600 4515 „31pr
2618 4440 2862 4516 ᾌχσιμε-

1711 4514 1868 4569 νίδου
1913 4510 2166 4587 γενόμην
2213 4515 2366 4581 ποτὲ,
2405 4516 2505 4570 νῦν
2541 4514 2607 4569 δὲ
2645 4520 2863 4569 Μενίπ·

1711 4601 1841 4640 που·
1918 4590 2028 4640 Καὶ
2079 4582 2245 4641 πάλιν
2291 4588 2350 4647 ἐξ
2393 4586 2586 4659 {fleon
2618 4581 2862 4661 βήσομαι
