3092 5059
417 233 538 298 104

1376 228 1835 295 CARMINUM

815 419 1181 499 Praesens
1233 418 1355 495 vel
1405 420 1563 494 imo
1617 417 1891 494 tollere
1945 414 2043 491 de
2097 414 2345 515 gradu

909 543 1244 620 Mortale
1295 568 1573 640 corpus
1624 540 1753 617 vel
1798 541 2169 641 superbos

1010 668 1336 745 Vertere
1385 667 1787 743 funeribus
1836 665 2293 765 triumphos,

755 842 784 885 5
820 810 930 886 Te
979 835 1276 911 pauper
1323 809 1569 885 ambit
1618 808 1946 884 sollicita
1998 832 2230 907 prece

815 936 1040 1011 Ruris
1093 935 1434 1027 colonus,
1489 947 1565 1009 te
1618 933 2015 1009 dominam
2060 933 2444 1033 aequoris,

914 1059 1396 1158 Quicumque
1445 1059 1784 1158 Bithyna
1831 1057 2133 1135 lacessit

1011 1184 1516 1281 Carpathium
1566 1182 1891 1281 pelagus
1944 1184 2226 1259 carina.

816 1327 927 1403 Te
975 1328 1228 1404 Dacus
1281 1352 1531 1427 asper,
1585 1340 1663 1403 te
1712 1326 2029 1425 profugi
2081 1325 2407 1425 Scythae

416 1513 722 1581 antiquitas
779 1528 950 1567 unam
997 1511 1340 1583 eandemque
1393 1514 1565 1568 ratio-

415 1602 545 1639 nem
582 1588 772 1639 secuta
793 1588 903 1653 est3
939 1584 1174 1639 eundem
1199 1585 1366 1639 deum
1391 1585 1564 1641 alium

417 1656 736 1711 formarunt
754 1660 811 1710 et
823 1656 1146 1726 cogitarunt
1159 1656 1374 1725 Graeci,
1392 1657 1565 1711 alium

417 1727 676 1797 Romani,
717 1727 888 1781 alium
913 1727 1052 1782 adeo
1089 1728 1232 1783 aliae
1267 1729 1450 1783 urbes.
1488 1728 1567 1784 Ut

415 1798 726 1853 Fortunam
763 1817 828 1854 su
869 1800 1052 1853 eriore
1087 1801 1338 1854 carmine
1373 1805 1431 1855 et
1465 1800 1567 1865 111,

417 1872 504 1939 29,
549 1871 764 1925 43-54
860 1888 1084 1927 raecam
1138 1873 1334 1942 magis,
1387 1872 1565 1927 incer—

417 1946 536 1997 tam
597 1946 655 1996 et
719 1942 928 1997 alatam
985 1941 1270 2007 habemus,
1327 1943 1408 1997 sic
1459 1942 1569 1997 hoc

415 2013 703 2068 Fortunae
740 2014 987 2067 Antiatis
1028 2014 1067 2068 i.
1091 2032 1140 2068 e.
1179 2032 1310 2069 vere
1329 2014 1567 2069 Latinae

415 2085 573 2140 notio
612 2089 671 2141 et
703 2084 892 2156 imago
911 2085 1130 2140 Latinis
1153 2086 1436 2141 coloribus
1471 2086 1565 2141 de·

417 2156 685 2211 scribitur
721 2162 779 2211 et
817 2156 1151 2211 celebratur.
1221 2156 1375 2212 Haec
1416 2158 1563 2213 enim

417 2228 671 2284 Fortuna
709 2228 910 2283 Antias
953 2245 1067 2284 non
1107 2222 1260 2299 Τύχη
1305 2233 1408 2297 est,
1451 2246 1567 2284 non

415 2317 619 2370 anceps
657 2300 778 2367 dea,
813 2317 927 2353 non
963 2300 1202 2354 arbitrio
1237 2305 1297 2355 et
1331 2300 1567 2355 libidine

416 2372 540 2455 agit
575 2370 672 2441 (cf.
711 2370 892 2426 Garm.
929 2387 1052 2441 sup.
1087 2390 1141 2426 v.
1185 2371 1292 2441 16),
1338 2372 1435 2427 sed
1471 2372 1565 2426 be-

415 2460 590 2513 mgna
627 2446 713 2497 est
745 2446 806 2496 et
838 2442 1108 2497 benevola
1140 2443 1444 2512 eademque
1467 2461 1565 2513 po-

415 2514 748 2569 tentissima.
786 2512 1178 2584 Quaecumque
1210 2514 1368 2583 facit,
1405 2533 1566 2584 quos·

417 2602 656 2654 cumque
709 2583 959 2640 homines
1015 2586 1173 2641 tollit
1225 2590 1324 2640 aut
1377 2587 1567 2655 deicit,

417 2658 478 2711 in
532 2657 602 2710 iis
653 2657 1040 2712 necessitatem
1097 2658 1343 2726 aliquam
1395 2657 1564 2712 fixam

419 2732 478 2783 et
511 2726 734 2784 firmam
777 2729 1046 2798 sequitur,
1081 2729 1372 2784 hominum
1405 2730 1567 2784 bonis

417 2800 652 2855 malisve
702 2799 1050 2855 facinoribus
1098 2818 1394 2870 rerumque
1439 2818 1567 2857 con-

415 2871 637 2926 dicione
687 2872 798 2925 sibi
853 2873 962 2942 ipsi
1017 2872 1354 2942 impositam.
1429 2872 1568 2928 Cum

414 2943 664 3013 benigna
707 2944 784 2997 sit
816 2944 938 3007 dea,
987 2944 1046 2997 in
1083 2944 1325 2998 nummis
1363 2944 1566 2999 Roma·

413 3014 504 3069 nis
541 3015 720 3069 altera
755 3033 926 3070 manu
949 3016 1100 3087 gerit
1123 3016 1567 3087 gubernaculum

414 3086 598 3141 altera
645 3103 822 3141 cornu
878 3087 1082 3157 Copiae
1131 3086 1284 3154 (inde
1337 3106 1388 3142 v.
1425 3090 1569 3143 5-8

369 3188 394 3203 ο
417 3158 566 3213 ruris
601 3158 832 3213 colonus
865 3164 926 3214 et
957 3162 1184 3230 nauta);
1221 3176 1348 3214 cum
1385 3164 1568 3215 certas

416 3230 566 3300 leges
612 3235 880 3299 sequatur
921 3231 982 3285 in
1029 3230 1432 3293 distribuendis
1481 3248 1567 3285 re-

416 3301 818 3371 trahendisque
853 3302 1034 3370 donis,
1084 3302 1232 3373 apud
1267 3302 1569 3358 Horatium

415 3372 682 3440 (fortasse
737 3390 804 3427 ex
860 3373 1104 3445 imagine
1155 3374 1398 3443 quadam
1452 3377 1566 3429 An-

413 3444 594 3511 tiana)
629 3444 948 3500 Necessitas
983 3446 1088 3501 dea
1120 3462 1246 3500 cum
1285 3446 1438 3500 omni
1473 3446 1568 3500 de·

416 3515 705 3571 vinciendi
723 3519 782 3571 et
800 3517 1124 3572 continendi
1146 3522 1422 3588 apparatu
1443 3534 1567 3572 eam

417 3587 603 3656 praeit
639 3586 716 3655 (v.
761 3590 823 3641 17
863 3588 1027 3659 sqq.)‚
1079 3594 1385 3657 sequuntur
1431 3588 1567 3658 Spes

417 3662 476 3712 et
519 3658 688 3712 Fides
743 3658 817 3727 (v.
857 3662 926 3713 21
965 3660 1087 3730 sq.).
1180 3660 1339 3715 Hanc
1389 3661 1408 3714 i
1455 3662 1569 3715 ‘tur

416 3728 730 3784 Fortunam
785 3730 1051 3786 Horatius
1105 3731 1160 3784 h.
1209 3732 1246 3785 1.
1301 3732 1419 3787 cele
1457 3738 1567 3801 rat,

419 3801 765 3855 occasionem
822 3802 1059 3858 fortasse
1104 3809 1300 3859 nactus
1351 3804 1421 3858 ab
1474 3821 1566 3858 ex-

415 3871 816 3941 peditionibus,
855 3891 990 3943 quas
1009 3874 1348 3930 Octavianus
1383 3892 1433 3929 a.
1459 3877 1566 3928 727

417 3944 478 3998 in
516 3943 870 3999 Britanniam
919 3950 979 4000 et
1012 3946 1282 4001 Arabiam
1326 3946 1568 4015 parabat

413 4016 489 4082 (v.
512 4017 583 4069 29
603 4014 762 4085 sqq.).
799 4016 939 4080 Rem
966 4017 1048 4071 sic
1072 4018 1346 4087 instituit3
1382 4018 1568 4086 prima

415 4087 566 4143 enim
609 4087 842 4156 stropha
895 4094 1010 4157 „tu,
1063 4089 1268 4157 inquit,
1315 4088 1569 4143 Fortuna

418 4159 808 4229 potentissima
843 4176 927 4229 es3
975 4177 1148 4229 quare
1193 4178 1383 4214 omnes
1419 4176 1566 4214 mor·

413 4230 554 4285 tales
591 4234 650 4285 te
685 4230 910 4295 timent,
940 4248 1216 4301 pauperes
1257 4236 1317 4285 et
1343 4231 1567 4300 divites,

415 4302 668 4356 nationes
705 4305 764 4355 et
797 4302 1073 4371 civitates,
1109 4301 1338 4358 barbari
1375 4307 1433 4357 et
1457 4302 1566 4357 Ro-

415 4373 585 4440 mani,
635 4390 706 4427 ne
758 4390 947 4428 rerum
992 4377 1200 4429 statum
1256 4391 1366 4443 quo
1413 4379 1567 4429 recte

416 4444 523 4497 sibi
557 4443 823 4499 videntur
851 4444 1096 4515 gaudere
1123 4446 1308 4501 subita
1331 4447 1388 4501 vi
1412 4464 1567 4501 ever-

419 4518 506 4569 tas
523 4514 646 4579 (str.
659 4518 709 4569 2.
720 4516 772 4569 3.
783 4514 860 4585 4).
879 4516 1090 4572 Verum
1108 4520 1174 4572 tu
1191 4536 1306 4573 nou
1331 4518 1577 4585 libidine⁷

417 4602 505 4640 res
565 4587 716 4657 regis
775 4586 1064 4642 hominum
1077 4628 1093 4657 ‚
1163 4590 1261 4644 sed
1319 4591 1567 4661 sequeris

1668 1511 2045 1568 immutabiles
2084 1512 2431 1567 necessitatis
2466 1518 2527 1568 et
2564 1514 2821 1585 ipsarum

1667 1600 1858 1639 rerum
1925 1584 2077 1654 leges
2148 1588 2207 1639 et
2277 1588 2509 1639 eventus
2578 1590 2697 1651 (str.
2735 1586 2821 1655 5);

1670 1656 2033 1724 quamobrem
2070 1654 2205 1724 Spes
2250 1660 2307 1710 et
2342 1656 2508 1711 Fides
2544 1658 2819 1712 comitan-

1670 1733 1765 1782 tur
1815 1731 1875 1781 te
1918 1731 1977 1781 et
2020 1726 2289 1795 infelices,
2338 1744 2577 1796 quorum
2620 1730 2821 1785 domos

1669 1799 2011 1854 Necessitate
2054 1803 2249 1853 coacta
2294 1804 2509 1854 maesto
2552 1802 2715 1855 vultu
2760 1804 2823 1856 et

1670 1870 1869 1925 habitu
1926 1870 2197 1939 relinquis
2242 1868 2365 1939 (str.
2402 1870 2477 1941 6).
2550 1872 2695 1927 Nam
2744 1874 2820 1928 ab

1669 1942 2061 1996 innocentibus
2098 1940 2374 2011 perfidum
2408 1944 2589 1997 solum
2616 1944 2819 2015 vulgus

1670 2016 1729 2069 et
1774 2014 1871 2082 qui
1924 2031 2024 2068 sua
2078 2014 2327 2067 utilitate
2372 2014 2491 2069 sola
2534 2014 2822 2070 ducuntur

1668 2102 1797 2140 cum
1855 2086 1969 2139 tuis
2033 2084 2195 2139 donis
2254 2085 2525 2140 recedunt
2580 2086 2705 2155 (str.
2741 2086 2819 2157 7).

1669 2157 1757 2211 Tu
1792 2156 1971 2228 igitur
2004 2160 2193 2211 tutare
2230 2155 2519 2212 Gaesarem
2566 2176 2824 2229 quaeque

1668 2233 1907 2284 conatur
1968 2228 2195 2297 adiuva;
2264 2227 2374 2312 hoc
2441 2230 2591 2284 enim
2654 2230 2822 2285 nobis

1670 2299 2307 2454 &3212323330331
2346 2304 2554 2442 2⁵33.ae
2582 2301 2823 2443 ..2¹:503

1668 2461 1803 2514 pere
1834 2461 1936 2498 nos
1968 2446 2266 2511 paeniteat.
2330 2443 2558 2499 Gladios
2596 2450 2823 2501 nostros

1668 2520 1863 2571 nostro
1900 2532 2099 2569 cruore
2124 2514 2361 2570 infectos
2398 2520 2458 2569 et
2490 2516 2823 2586 profanatos

1670 2588 1829 2642 novis
1888 2592 1953 2642 tu
2018 2586 2278 2655 auspiciis
2330 2602 2595 2642 consecra
2646 2588 2825 2658 inque

1670 2660 1847 2714 iustos
1872 2659 2058 2713 hostes
2092 2662 2356 2713 converte
2383 2658 2509 2725 (str.
2524 2660 2578 2713 8.
2601 2658 2651 2713 9.
2679 2661 2823 2725 10).“

1668 2730 1809 2785 Illae
1866 2730 2264 2801 expeditiones,
2318 2730 2537 2814 primae
2592 2731 2824 2799 quidem

1672 2820 1815 2871 quae
1851 2802 2175 2871 compositis
2210 2802 2375 2856 belhs
2408 2802 2668 2856 civilibus
2700 2820 2821 2858 ma-

1670 2892 1817 2945 gnae
1849 2874 2212 2943 parabantur,
2248 2872 2385 2942 quid
2410 2872 2480 2928 ad
2508 2874 2823 2944 exstirpan-

1672 2946 1801 3000 dam
1838 2944 2273 2999 domesticorum
2306 2949 2562 3000 motuum
2594 2945 2822 3001 foedam

1668 3018 1997 3071 memoriam
2048 3016 2333 3071 valuerint
2388 3022 2641 3072 extrema
2688 3034 2823 3087 pars

1670 3088 1934 3142 carminis
1978 3088 2255 3157 ostendit3
2310 3104 2484 3157 quare
2530 3089 2599 3142 iis
2644 3090 2821 3159 potis·

1670 3160 1874 3215 simum
1911 3163 1976 3213 ut
2012 3159 2161 3214 adsit
2195 3160 2449 3214 Fortuna
2479 3160 2699 3230 Antias,
2748 3176 2824 3216 ex

1670 3232 1870 3286 intimo
1911 3231 2095 3285 animo
2133 3230 2401 3286 Horatius
2434 3232 2597 3301 petit.

1740 3303 1809 3357 V.
1850 3306 1899 3356 2.
1929 3303 2209 3371 praesens]
2245 3303 2317 3357 de
2359 3302 2445 3357 dis
2660 3306 2827 3357 atum

1669 3374 1821 3429 idem
1846 3375 1996 3443 quod
2020 3380 2220 3445 potens
2254 3372 2551 3445 significat.
2588 3374 2680 3429 Sic
2701 3374 2757 3427 h.
2780 3376 2824 3430 1.

1670 3448 1729 3501 et
1770 3446 1883 3501 Cic.
1924 3446 2087 3501 Tusc.
2124 3446 2169 3510 1,
2218 3448 2301 3513 12,
2338 3448 2426 3499 28.
2490 3445 2671 3501 Carm.
2716 3446 2825 3515 111,

1672 3521 1725 3579 ὅ,
1751 3520 1801 3572 2.
1842 3516 1958 3572 Sat.
1993 3517 2065 3586 H,
2098 3520 2155 3585 ⁴3,
2186 3518 2273 3572 68.
2309 3516 2489 3587 Epist.
2517 3518 2589 3582 ΙΙ,
2620 3520 2668 3585 1,
2700 3518 2824 3572 134.

1674 3618 1735 3629 -
1786 3591 2015 3644 modale
2252 3588 2275 3659 ]
2317 3589 2602 3643 hominem
2646 3589 2825 3661 signi-
2880 3593 2893 3603 '

1668 3660 1805 3716 ficat
1839 3660 2063 3715 infimae
2100 3660 2285 3728 sortis,
2323 3661 2421 3729 qui
2467 3660 2613 3715 nihil
2649 3660 2827 3716 habet

1668 3732 1780 3786 nisi
1834 3748 2037 3802 corpus
2084 3749 2249 3786 suum
2302 3732 2559 3786 mortale.
2632 3732 2824 3787 Peerl-

1670 3804 1857 3873 kamp.
1898 3804 1959 3857 in
1994 3803 2127 3858 edit.
2168 3804 2202 3855 2
2237 3804 2549 3872 suspicatus
2586 3808 2674 3858 est
2706 3804 2825 3859 vul-

1668 3890 1789 3945 qus.
1831 3902 1898 3914 -
1938 3874 2129 3945 ambit]
2175 3875 2267 3929 Ab
2304 3874 2521 3929 ambitu
2556 3875 2824 3932 candida·

1670 3950 1859 4000 torum
1896 3946 2101 4001 sensim
2134 3947 2187 4000 h.
2224 3964 2275 4001 v.
2312 3946 2372 4000 in
2410 3962 2825 4016 quamcumque

1670 4018 1939 4088 precandi
1974 4022 2033 4073 et
2080 4018 2319 4089 rogandi
2354 4017 2644 4073 notionem
2678 4019 2825 4073 dila-

1670 4094 1855 4143 tatum
1898 4090 2138 4143 videtur.
2212 4089 2283 4144 cf.
2322 4088 2489 4161 Verg.
2538 4092 2677 4144 Aen.
2726 4090 2823 4159 IV,

1670 4162 1793 4215 283.
1832 4160 1955 4229 VII,
1984 4163 2103 4216 333.
2144 4190 2213 4201 -
2250 4160 2404 4215 ruris
2436 4161 2676 4232 colonus]
2720 4161 2823 4217 Go-

1670 4234 1807 4301 loni,
1860 4250 1975 4287 non
2028 4232 2213 4301 quivis
2266 4234 2547 4303 agricolae
2593 4234 2683 4287 vel
2726 4250 2824 4287 ru-

1670 4304 1815 4366 stici,
1869 4320 2007 4373 prae
2063 4305 2187 4359 aliis
2235 4305 2455 4374 inopes3
2516 4309 2619 4360 aut
2669 4305 2825 4359 enim

1672 4376 1931 4446 partiarii
1988 4380 2152 4431 erant
2204 4380 2303 4431 aut
2356 4376 2611 4432 mercede
2658 4394 2822 4447 agros

1672 4448 1949 4502 colebant.
1994 4446 2066 4501 cf.
2104 4447 2220 4502 Sat.
2254 4447 2327 4509 11,
2364 4449 2415 4517 2,
2455 4450 2574 4503 115.
2637 4448 2821 4503 Carm.

1670 4518 1743 4587 11,
1772 4521 1853 4581 14,
1895 4520 1977 4573 12.
2014 4548 2082 4559 —-
2123 4517 2401 4590 Bithyna]
2437 4524 2673 4590 propter
2710 4518 2823 4575 frc-

1673 4594 1936 4660 quentem
1995 4590 2378 4647 Romanorum
2436 4592 2496 4646 in
2552 4590 2824 4662 Bithynia
