3092 5059
464 241 588 306 224

1439 241 1901 309 CARMINUM

760 425 912 503 Seu
963 426 1266 504 Graeco
1315 427 1579 505 iubeas
1630 430 1905 505 trocho

959 551 1112 629 Seu
1161 552 1386 628 malis
1439 553 1677 629 vetita
1718 552 2024 652 legibus
2080 552 2269 650 alea,

763 673 960 753 Cum
1002 678 1310 773 periura
1361 679 1597 776 patris
1650 677 1841 754 fides

677 833 728 873 ω
963 799 1416 878 Consortem
1465 803 1755 878 socium
1808 801 2031 879 fallat
2080 816 2157 880 et
2205 803 2545 902 hospites

761 925 1253 1024 Indignoque
1303 927 1711 1024 pecuniam

963 1050 1261 1126 Heredi
1311 1065 1697 1152 properet.

1802 1052 2111 1130 Scilicet
2158 1054 2561 1154 improbae

766 1176 1136 1253 Crescunt
1186 1175 1542 1274 divitia03
1596 1189 1854 1254 tamen

969 1301 1252 1379 Curtae
1303 1303 1559 1378 nescio
1616 1303 1803 1402 quid
1858 1328 2163 1402 semper
2211 1304 2427 1380 abest
2474 1305 2613 1381 rei.

1309 1617 1689 1706 OARMEN
1754 1619 2005 1706 XXV.

668 1783 842 1876 Quo
893 1810 1040 1882 me,
1095 1784 1414 1880 Bacche,
1469 1787 1679 1886 rapis
1731 1786 1844 1862 tui

864 1908 1238 1986 Plenum?
1269 1935 1466 2011 quae
1498 1935 1819 1986 nemora
1858 1923 1990 1984 aut
2016 1934 2209 2009 quos
2244 1935 2437 2009 agor
2470 1910 2550 1986 in
2590 1935 2872 2009 specus

468 2149 737 2203 Horatius
783 2149 888 2202 etsi
939 2165 1067 2203 cum
1115 2164 1210 2202 seu
1267 2179 1334 2188 —
1390 2164 1485 2204 seu
1525 2150 1619 2204 vel

467 2222 576 2276 sive
618 2251 685 2262 --
739 2220 851 2275 sive
904 2220 1200 2290 particulis
1252 2219 1619 2274 indicativum

470 2292 713 2361 modum,
749 2297 816 2345 ut
851 2293 1022 2362 vulgo
1058 2291 1142 2358 fit,
1188 2292 1496 2356 coniunxit,
1533 2297 1617 2347 ta-

471 2381 600 2418 men
643 2382 678 2417 a
715 2362 1070 2418 coniunctivo
1108 2380 1222 2417 non
1267 2363 1456 2433 potuit
1495 2363 1617 2418 abs-

467 2437 667 2503 tinere,
714 2453 839 2490 cum
885 2453 973 2489 res
1023 2434 1252 2498 diceret,
1304 2451 1419 2489 non
1476 2453 1619 2506 quae

469 2513 656 2560 essent
699 2507 796 2562 sed
850 2524 992 2577 quae
1077 2510 1261 2561 ossent
1318 2524 1451 2562 esse.
1527 2507 1619 2562 Sic

471 2578 650 2632 Carm.
694 2578 740 2647 Ι,
789 2581 841 2643 4,
895 2580 977 2632 12.
1083 2619 1096 2640 ,
1145 2581 1230 2646 12,
1275 2580 1505 2632 63—56.
1545 2607 1619 2618 —

468 2648 714 2718 trochus]
752 2654 879 2704 rota
912 2650 1096 2705 ferrea
1131 2667 1257 2704 cum
1283 2649 1463 2704 anulis
1503 2669 1618 2705 cre-

469 2720 798 2790 pitantibus,
835 2738 1000 2789 quam
1037 2723 1202 2791 pueri
1237 2722 1399 2792 virga
1433 2721 1619 2777 ferrea

472 2793 1178 2863 circumagebant31udus
1248 2811 1446 2864 graece
1509 2813 1617 2864 κρι-

467 2867 700 2930 κηλασία
737 2863 934 2920 dietus.
987 2864 1228 2919 Graecus
1263 2865 1472 2919 dicitur
1505 2882 1618 2920 non

470 2936 589 2990 sine
634 2937 1048 3005 contemptione
1094 2937 1378 3007 peregrini
1426 2938 1617 2992 moris.

472 3009 536 3059 Α.
555 3006 614 3060 Ρ.
635 3008 755 3060 380.
775 3037 839 3046 -—
859 3008 1026 3062 vetita
1053 3009 1206 3078 leqib.
1236 3007 1376 3078 alea]
1416 3008 1485 3063 cf.
1507 3009 1617 3063 Cic.

471 3078 716 3148 Philipp.
743 3078 814 3147 ΙΙ,
848 3080 1026 3132 23.--
1053 3079 1358 3134 consortem
1391 3080 1617 3149 socium]

473 3150 766 3205 Consortes
813 3155 945 3204 sunt
994 3150 1194 3219 quibus
1243 3151 1438 3206 eedem
1474 3169 1615 3220 sors3

471 3221 600 3276 inde
622 3227 678 3276 et
697 3222 940 3292 cognati,
963 3223 1097 3290 quia
1115 3239 1234 3277 sors
1253 3223 1424 3277 etiam
1441 3223 1617 3292 patri·

469 3293 740 3361 monium,
776 3297 834 3347 et
857 3295 954 3362 qui
993 3295 1135 3350 lucri
1173 3294 1416 3350 faciendi
1454 3311 1620 3350 causa

469 3369 646 3420 sortes
720 3370 1169 3435 composuerunt.
1233 3395 1301 3404 —
1361 3366 1426 3420 ho
1427 3366 1621 3435 tes]

469 3436 551 3491 sic
586 3453 656 3490 ex
701 3437 928 3506 optimis
979 3437 1156 3506 codd„
1195 3455 1308 3491 non
1343 3437 1618 3506 hospitem

471 3507 556 3562 De
591 3525 654 3563 re
690 3507 760 3562 cf.
799 3507 910 3562 Cic.
948 3527 1052 3578 pro
1089 3508 1248 3564 Rosc.
1283 3509 1406 3563 Am.
1445 3525 1492 3562 c.
1530 3512 1616 3563 40.

461 3575 607 3634 Hor.
652 3579 834 3649 Epist.
879 3527 1042 3648 11,p1,
1084 3583 1201 3634 122.
1240 3609 1306 3620 --
1337 3581 1616 3650 properet]

471 3650 783 3718 transitive,
835 3656 902 3705 ut
953 3651 1134 3722 Epist.
1181 3653 1226 3719 1,
1277 3655 1328 3720 2,
1377 3652 1475 3720 61;
1535 3657 1622 3706 est

472 3723 622 3776 enim
657 3723 808 3776 omni
845 3740 1018 3792 opera
1053 3727 1114 3778 et
1149 3741 1318 3792 quam
1355 3723 1621 3778 citissime

469 3811 686 3863 parare.
733 3823 801 3832 —
851 3794 1146 3865 improbae]
1191 3813 1304 3849 non
1347 3796 1620 3868 ingentes,

470 3869 537 3918 ut
577 3865 727 3934 apud
765 3865 932 3936 Verg.
978 3870 1117 3921 Aen.
1171 3867 1297 3935 XII,
1344 3869 1468 3936 687,
1523 3865 1621 3920 sed

471 3942 538 3991 ut
572 3937 722 4006 apud
737 3937 954 4024 Eurip.
993 3939 1151 3992 Alex.
1189 3939 1260 3993 fr.
1303 3942 1394 3994 14·
1439 3959 1520 4026 „a
1493 3933 1569 3991 δ
1578 3959 1620 3990 ι

471 4026 596 4063 κον
632 4009 683 4061 ‹5’
721 4007 752 4062 ὁ
775 4011 1038 4108 απλουῐος,
1081 4007 1255 4063 πολλὰ
1307 4013 1358 4065 δ’
1395 4007 1494 4064 οὐκ
1532 4005 1621 4078 ὀρ-

469 4081 587 4140 θῶς
621 4081 800 4134 ποιεῖ“
849 4085 908 4136 et
943 4049 1080 4135 ibid.
1117 4082 1188 4136 fr.
1231 4083 1324 4138 15·
1363 4077 1534 4136 κακόν
1570 4101 1621 4134 τι

468 4147 724 4222 βούλευμ’
790 4143 860 4218 ἦν
914 4147 1014 4236 ἄρ’
1077 4157 1152 4212 εἰς
1212 4149 1504 4242 ευανδρίαν
1564 4153 1619 4208 O

471 4223 702 4282 πλουτος
738 4219 1120 4292 ἆνθρωποισιν
1143 4230 1206 4280 αἵ
1233 4227 1280 4279 τ’
1319 4223 1464 4296 ἄγαν
1499 4243 1625 4292 πρυ·

519 4301 597 4349 αἱ.
605 4295 631 4324 “
687 4324 760 4335 -
813 4297 1023 4367 ‹zm-tae]
1064 4315 1132 4351 ex
1167 4299 1430 4367 opinione
1468 4296 1621 4366 cupi·

510 4384 672 4420 orum
743 4367 1048 4423 hominum.
1134 4367 1318 4424 Solon.
1392 4372 1486 4436 11,
1550 4369 1613 4421 71

471 4437 829 4505 (Schneidew.
875 4439 998 4494 Del.
1049 4441 1264 4510 p.27)·
1335 4481 1367 4510 „
1353 4407 1621 4508 ,Πλούτου

473 4509 525 4560 δ’
563 4506 728 4564 ουδὲν
759 4515 936 4578 τέρμα
979 4519 1352 4599 πεφασμένον
1384 4507 1620 4583 ἀνδράσι

472 4585 657 4636 κειται.
733 4585 804 4635 0¹1¹
845 4579 955 4653 γὰρ
1001 4585 1102 4637 νῦν
1136 4581 1326 4655 ἡμέων
1361 4586 1621 4637 πλείσταν

1716 2150 1905 2235 ἔχουσι
1966 2155 2106 2218 βίον,
2162 2145 2474 2206 Διπλᾶσιον
2526 2146 2875 2206 σπεύδουσι·

1718 2227 1795 2280 τίς
1850 2214 1921 2276 ἂν
1978 2226 2255 2290 κορέσειεν
2313 2219 2618 2292 ἅπαντας;“
2685 2223 2871 2280 Carm-

1714 2293 1815 2356 111,
1853 2295 1933 2362 16,
1960 2296 2046 2348 42.
2085 2323 2152 2332 -
2197 2293 2377 2348 nescio
2420 2292 2574 2365 quid]
2608 2296 2877 2365 graviter

1716 2369 1774 2419 et
1806 2364 2018 2420 ironice
2042 2363 2280 2434 dictum3
2318 2366 2474 2420 deest
2508 2367 2663 2420 enim
2695 2367 2875 2422 animi

1714 2438 2111 2562 {semper-antia,
2166 2438 2361 2493 otium.
2438 2437 2507 2492 cf.
2564 2436 2762 2494 Carm.
2808 2439 2875 2508 11,

2044 2622 2322 2678 Carmen
2358 2620 2527 2677 XXV.

1786 2718 1910 2773 Non
1932 2724 2049 2773 tam
2067 2719 2454 2788 dithyrambus
2480 2725 2579 2788 est,
2598 2723 2667 2773 ut
2686 2718 2873 2774 Carm.

1714 2791 1917 2860 11,19,
1966 2791 2063 2846 sed
2112 2790 2521 2862 dithyrambica
2569 2792 2605 2845 i.
2646 2807 2696 2845 e.
2750 2791 2875 2846 sub-

1716 2863 1837 2916 limi
1884 2863 2104 2916 ratione
2150 2867 2371 2918 tentata
2404 2863 2651 2936 Augusti
2698 2863 2877 2933 impe·

1714 2935 1921 2990 ratoris
1966 2934 2235 2988 laudatio.
2312 2935 2479 2990 Cuius
2526 2951 2615 2990 res
2664 2941 2875 3005 gestas.

1715 3007 1934 3060 divinas
1982 3005 2161 3076 magis
2212 3023 2381 3075 quam
2428 3006 2719 3074 humanas,
2768 3023 2877 3061 me·

1713 3078 1826 3131 rito
1865 3077 2247 3132 celebraturus
2281 3083 2451 3148 poeta
2492 3083 2657 3132 tanta
2692 3079 2874 3133 admi-

1714 3149 1935 3203 ratione
1985 3166 2051 3203 ac
2095 3166 2273 3220 paene
2313 3150 2504 3205 furore
2542 3155 2875 3220 correptum

1715 3239 1773 3275 se
1806 3221 1994 3289 sensit,
2038 3225 2105 3274 ut
2139 3220 2345 3277 Bacchi
2392 3223 2622 3275 numine
2674 3222 2877 3292 imple·

1714 3296 1806 3347 tus
1862 3310 1930 3347 ex
1982 3293 2203 3376 vulgari
2260 3294 2551 3348 hominum
2596 3299 2773 3348 coetu
2818 3294 2877 3346 in

1715 3381 1900 3490 3333:
1923 3364 2176 3490 ‘5532‘ssss
2205 3364 2875 3491 Beffsshffim‘ffieffissss

1717 3505 1871 3574 Quae
1925 3507 2079 3562 fictio
2132 3509 2353 3577 poetico
2404 3513 2605 3562 ornatu
2658 3509 2877 3563 nudata

1716 3579 1823 3633 hoc
1860 3578 2017 3647 dicit,
2055 3597 2181 3634 cum
2215 3581 2459 3651 Augusti
2496 3581 2757 3650 ingentis.
2796 3581 2874 3634 fa·

1716 3651 1909 3705 cinora
1944 3651 2215 3705 humanas
2265 3650 2564 3706 facultates
2600 3652 2876 3706 excedere

1716 3721 2017 3791 divinaque
2062 3727 2249 3778 mente
2296 3729 2591 3792 procreata
2640 3724 2873 3778 videan-

1716 3799 1829 3862 tur,
1866 3811 1994 3848 eum
2031 3795 2201 3849 etiam
2249 3801 2473 3865 poetam
2519 3795 2618 3864 qui
2665 3797 2875 3850 merito

1717 3865 1817 3920 illa
1876 3883 2071 3920 canere
2116 3867 2256 3921 velit
2300 3866 2493 3921 divina
2540 3883 2649 3936 ope
2703 3883 2875 3936 quam

1718 3937 1959 3992 maxime
1995 3937 2253 3992 adiutum
2288 3943 2347 3992 et
2378 3938 2719 3993 instructum
2760 3955 2877 3994 esse

1718 4008 1945 4078 debere3
2003 4011 2211 4064 etenim
2254 4010 2437 4078 deum,
2486 4009 2587 4077 qui
2632 4009 2877 4065 Baccha·

1718 4097 1844 4135 rum
1879 4080 2027 4136 feros
2079 4082 2293 4136 animos
2340 4081 2581 4150 flectere,
2620 4083 2871 4152 corpori·

1716 4152 1821 4206 bus
1845 4153 2135 4208 insolitum
2158 4152 2335 4207 robur
2366 4154 2501 4208 dare
2532 4155 2733 4222 possit,
2773 4155 2873 4207 im·

1716 4223 1984 4279 becillum
2032 4225 2205 4279 etiam
2250 4225 2535 4279 hominem
2586 4225 2663 4278 ad
2698 4225 2873 4280 caele·

1718 4301 1860 4350 stem
1908 4301 2133 4352 cantum
2182 4296 2466 4352 extollere.
2552 4295 2769 4351 Verum
2806 4323 2871 4336 ——

1718 4368 1799 4422 sic
1834 4367 2120 4424 clauditur
2154 4385 2377 4424 carmen
2406 4397 2470 4408 -—-
2494 4369 2871 4436 periculosum

1719 4439 1885 4494 simul
1939 4445 1993 4496 et
2048 4440 2318 4495 blandum
2373 4444 2457 4495 est
2513 4439 2607 4494 dei
2656 4439 2871 4494 numini

1719 4511 1898 4581 tradi3
1934 4513 2327 4583 periculosum,
2363 4511 2496 4582 quia
2532 4529 2651 4566 non
2696 4511 2869 4567 omni-

1716 4583 1823 4637 bus
1858 4585 2100 4656 contigit
2136 4603 2258 4641 eam
2295 4585 2445 4639 viam
2482 4583 2713 4653 impune
2748 4599 2871 4652 per·
