<?xml version="1.0" encoding="UTF-8"?>
<!DOCTYPE html PUBLIC "-//W3C//DTD XHTML 1.0 Transitional//EN"
    "http://www.w3.org/TR/xhtml1/DTD/xhtml1-transitional.dtd">
<html xmlns="http://www.w3.org/1999/xhtml" xml:lang="en" lang="en">
 <head>
  <title>
</title>
<meta http-equiv="Content-Type" content="text/html;charset=utf-8" />
  <meta name='ocr-system' content='tesseract 3.04.00' />
  <meta name='ocr-capabilities' content='ocr_page ocr_carea ocr_par ocr_line ocrx_word'/>
</head>
<body>
  <div class='ocr_page' id='page_1' title='image "./qhoratiiflaccio05unkngoog/qhoratiiflaccio05unkngoog_0451.png"; bbox 0 0 3092 5059; ppageno 0'>
   <div class='ocr_carea' id='block_1_1' title="bbox 1143 234 1763 303">
    <p class='ocr_par' dir='ltr' id='par_1_1' title="bbox 1143 234 1763 303">
     <span class='ocr_line' id='line_1_1' title="bbox 1143 234 1763 303; baseline -0.003 -1"><span class='ocrx_word' id='word_1_1' title='bbox 1143 236 1300 303; x_wconf 89' lang='lat' dir='ltr'><strong>LIB.</strong></span> <span class='ocrx_word' id='word_1_2' title='bbox 1345 236 1432 301; x_wconf 92' lang='grc' dir='ltr'>ΙΙ.</span> <span class='ocrx_word' id='word_1_3' title='bbox 1481 234 1667 303; x_wconf 81' lang='lat' dir='ltr'><strong>SAT.</strong></span> <span class='ocrx_word' id='word_1_4' title='bbox 1713 236 1763 301; x_wconf 95' lang='grc' dir='ltr'>Ι.</span> 
     </span>
    </p>
   </div>
   <div class='ocr_carea' id='block_1_2' title="bbox 2525 236 2646 303">
    <p class='ocr_par' dir='ltr' id='par_1_2' title="bbox 2525 236 2646 303">
     <span class='ocr_line' id='line_1_2' title="bbox 2525 236 2646 303; baseline -0.017 0"><span class='ocrx_word' id='word_1_5' title='bbox 2525 236 2646 303; x_wconf 86' lang='grc'>421</span> 
     </span>
    </p>
   </div>
   <div class='ocr_carea' id='block_1_3' title="bbox 269 424 2653 1651">
    <p class='ocr_par' dir='ltr' id='par_1_3' title="bbox 269 424 2653 1651">
     <span class='ocr_line' id='line_1_3' title="bbox 355 424 2450 524; baseline -0.002 -21"><span class='ocrx_word' id='word_1_6' title='bbox 355 426 738 503; x_wconf 85' lang='lat' dir='ltr'>Credebat</span> <span class='ocrx_word' id='word_1_7' title='bbox 779 426 1020 521; x_wconf 88' lang='lat' dir='ltr'>libris,</span> <span class='ocrx_word' id='word_1_8' title='bbox 1075 450 1328 524; x_wconf 90' lang='lat' dir='ltr'>neque</span> <span class='ocrx_word' id='word_1_9' title='bbox 1381 425 1444 499; x_wconf 88' lang='lat' dir='ltr'>si</span> <span class='ocrx_word' id='word_1_10' title='bbox 1497 424 1699 499; x_wconf 88' lang='lat' dir='ltr'>male</span> <span class='ocrx_word' id='word_1_11' title='bbox 1756 437 2083 499; x_wconf 79' lang='lat' dir='ltr'>cesserat</span> <span class='ocrx_word' id='word_1_12' title='bbox 2124 450 2450 523; x_wconf 79' lang='lat' dir='ltr'><strong>usquam</strong></span> 
     </span>
     <span class='ocr_line' id='line_1_4' title="bbox 353 549 2528 648; baseline -0.002 -21"><span class='ocrx_word' id='word_1_13' title='bbox 353 552 782 627; x_wconf 86' lang='lat' dir='ltr'>Decurrens</span> <span class='ocrx_word' id='word_1_14' title='bbox 834 549 1012 645; x_wconf 83' lang='lat' dir='ltr'>alio,</span> <span class='ocrx_word' id='word_1_15' title='bbox 1067 574 1316 648; x_wconf 89' lang='lat' dir='ltr'>neque</span> <span class='ocrx_word' id='word_1_16' title='bbox 1369 550 1435 623; x_wconf 86' lang='lat' dir='ltr'>si</span> <span class='ocrx_word' id='word_1_17' title='bbox 1487 550 1722 643; x_wconf 80' lang='lat' dir='ltr'>bene3</span> <span class='ocrx_word' id='word_1_18' title='bbox 1782 574 1935 648; x_wconf 92' lang='lat' dir='ltr'>quo</span> <span class='ocrx_word' id='word_1_19' title='bbox 1986 549 2093 645; x_wconf 89' lang='lat' dir='ltr'>fit,</span> <span class='ocrx_word' id='word_1_20' title='bbox 2148 562 2228 623; x_wconf 88' lang='lat' dir='ltr'>ut</span> <span class='ocrx_word' id='word_1_21' title='bbox 2280 550 2528 624; x_wconf 90' lang='lat' dir='ltr'>omnis</span> 
     </span>
     <span class='ocr_line' id='line_1_5' title="bbox 351 673 1999 777; baseline -0.002 -24"><span class='ocrx_word' id='word_1_22' title='bbox 351 677 634 753; x_wconf 84' lang='lat' dir='ltr'>Votiva</span> <span class='ocrx_word' id='word_1_23' title='bbox 683 688 939 777; x_wconf 89' lang='lat' dir='ltr'>pateat</span> <span class='ocrx_word' id='word_1_24' title='bbox 989 674 1226 751; x_wconf 86' lang='lat' dir='ltr'>veluti</span> <span class='ocrx_word' id='word_1_25' title='bbox 1277 673 1661 775; x_wconf 89' lang='lat' dir='ltr'>descripta</span> <span class='ocrx_word' id='word_1_26' title='bbox 1708 674 1999 751; x_wconf 89' lang='lat' dir='ltr'>tabella</span> 
     </span>
     <span class='ocr_line' id='line_1_6' title="bbox 353 798 2650 901; baseline -0.002 -24"><span class='ocrx_word' id='word_1_27' title='bbox 353 804 532 879; x_wconf 89' lang='lat' dir='ltr'>Vita</span> <span class='ocrx_word' id='word_1_28' title='bbox 581 803 806 879; x_wconf 86' lang='lat' dir='ltr'>senis.</span> <span class='ocrx_word' id='word_1_29' title='bbox 861 799 1164 901; x_wconf 85' lang='lat' dir='ltr'>Sequor</span> <span class='ocrx_word' id='word_1_30' title='bbox 1215 800 1420 875; x_wconf 90' lang='lat' dir='ltr'>hunc</span> <span class='ocrx_word' id='word_1_31' title='bbox 1447 800 1799 875; x_wconf 86' lang='lat' dir='ltr'>Luc-anus</span> <span class='ocrx_word' id='word_1_32' title='bbox 1853 826 1951 875; x_wconf 88' lang='lat' dir='ltr'>an</span> <span class='ocrx_word' id='word_1_33' title='bbox 1979 798 2281 899; x_wconf 84' lang='lat' dir='ltr'>Apulus</span> <span class='ocrx_word' id='word_1_34' title='bbox 2335 824 2650 897; x_wconf 79' lang='lat' dir='ltr'>anceps:</span> 
     </span>
     <span class='ocr_line' id='line_1_7' title="bbox 269 925 2584 1024; baseline -0.003 -19"><span class='ocrx_word' id='word_1_35' title='bbox 269 962 318 1005; x_wconf 72' lang='lat' dir='ltr'>ss</span> <span class='ocrx_word' id='word_1_36' title='bbox 355 930 554 1004; x_wconf 90' lang='lat' dir='ltr'>Nam</span> <span class='ocrx_word' id='word_1_37' title='bbox 605 928 1040 1003; x_wconf 88' lang='lat' dir='ltr'>Venusinus</span> <span class='ocrx_word' id='word_1_38' title='bbox 1083 938 1252 1002; x_wconf 89' lang='lat' dir='ltr'>arat</span> <span class='ocrx_word' id='word_1_39' title='bbox 1299 925 1531 1001; x_wconf 87' lang='lat' dir='ltr'>finem</span> <span class='ocrx_word' id='word_1_40' title='bbox 1582 926 1725 999; x_wconf 87' lang='lat' dir='ltr'>sub</span> <span class='ocrx_word' id='word_1_41' title='bbox 1778 937 2191 1024; x_wconf 88' lang='lat' dir='ltr'>utrumque</span> <span class='ocrx_word' id='word_1_42' title='bbox 2244 925 2584 1020; x_wconf 87' lang='lat' dir='ltr'>colonus,</span> 
     </span>
     <span class='ocr_line' id='line_1_8' title="bbox 353 1042 2531 1151; baseline -0.002 -24"><span class='ocrx_word' id='word_1_43' title='bbox 353 1052 630 1127; x_wconf 86' lang='lat' dir='ltr'>Missus</span> <span class='ocrx_word' id='word_1_44' title='bbox 672 1051 773 1127; x_wconf 89' lang='lat' dir='ltr'>ad</span> <span class='ocrx_word' id='word_1_45' title='bbox 826 1050 975 1126; x_wconf 90' lang='lat' dir='ltr'>hoc</span> <span class='ocrx_word' id='word_1_46' title='bbox 1019 1042 1284 1151; x_wconf 84' lang='lat' dir='ltr'>pulsis,</span> <span class='ocrx_word' id='word_1_47' title='bbox 1333 1064 1550 1128; x_wconf 84' lang='lat' dir='ltr'>vetus</span> <span class='ocrx_word' id='word_1_48' title='bbox 1598 1063 1713 1126; x_wconf 89' lang='lat' dir='ltr'>est</span> <span class='ocrx_word' id='word_1_49' title='bbox 1760 1065 1847 1125; x_wconf 92' lang='lat' dir='ltr'>ut</span> <span class='ocrx_word' id='word_1_50' title='bbox 1898 1050 2126 1145; x_wconf 87' lang='lat' dir='ltr'>fama,</span> <span class='ocrx_word' id='word_1_51' title='bbox 2182 1048 2531 1146; x_wconf 81' lang='lat' dir='ltr'>Sabellis,</span> 
     </span>
     <span class='ocr_line' id='line_1_9' title="bbox 354 1175 2437 1277; baseline -0.002 -24"><span class='ocrx_word' id='word_1_52' title='bbox 354 1176 525 1270; x_wconf 82' lang='lat' dir='ltr'>Quo</span> <span class='ocrx_word' id='word_1_53' title='bbox 579 1202 678 1253; x_wconf 90' lang='lat' dir='ltr'>ne</span> <span class='ocrx_word' id='word_1_54' title='bbox 727 1202 868 1277; x_wconf 89' lang='lat' dir='ltr'>per</span> <span class='ocrx_word' id='word_1_55' title='bbox 917 1201 1243 1253; x_wconf 83' lang='lat' dir='ltr'>vacuum</span> <span class='ocrx_word' id='word_1_56' title='bbox 1296 1179 1641 1252; x_wconf 86' lang='lat' dir='ltr'>Romano</span> <span class='ocrx_word' id='word_1_57' title='bbox 1695 1177 2125 1252; x_wconf 79' lang='lat' dir='ltr'>incurreret</span> <span class='ocrx_word' id='word_1_58' title='bbox 2172 1175 2437 1270; x_wconf 87' lang='lat' dir='ltr'>hostis,</span> 
     </span>
     <span class='ocr_line' id='line_1_10' title="bbox 353 1299 2517 1402; baseline -0.001 -24"><span class='ocrx_word' id='word_1_59' title='bbox 353 1301 536 1379; x_wconf 76' lang='lat' dir='ltr'>Sive</span> <span class='ocrx_word' id='word_1_60' title='bbox 587 1302 797 1402; x_wconf 86' lang='lat' dir='ltr'>quod</span> <span class='ocrx_word' id='word_1_61' title='bbox 840 1300 1102 1397; x_wconf 85' lang='lat' dir='ltr'>Apula</span> <span class='ocrx_word' id='word_1_62' title='bbox 1150 1326 1339 1399; x_wconf 84' lang='lat' dir='ltr'>gens</span> <span class='ocrx_word' id='word_1_63' title='bbox 1390 1327 1524 1378; x_wconf 90' lang='lat' dir='ltr'>seu</span> <span class='ocrx_word' id='word_1_64' title='bbox 1578 1301 1789 1401; x_wconf 91' lang='lat' dir='ltr'>quod</span> <span class='ocrx_word' id='word_1_65' title='bbox 1833 1299 2176 1377; x_wconf 87' lang='lat' dir='ltr'>Lucania</span> <span class='ocrx_word' id='word_1_66' title='bbox 2225 1300 2517 1377; x_wconf 89' lang='lat' dir='ltr'>bellum</span> 
     </span>
     <span class='ocr_line' id='line_1_11' title="bbox 349 1424 2651 1523; baseline -0.001 -21"><span class='ocrx_word' id='word_1_67' title='bbox 349 1426 744 1503; x_wconf 83' lang='lat' dir='ltr'>Incuteret</span> <span class='ocrx_word' id='word_1_68' title='bbox 791 1427 1155 1503; x_wconf 86' lang='lat' dir='ltr'>violenta.</span> <span class='ocrx_word' id='word_1_69' title='bbox 1259 1424 1415 1504; x_wconf 83' lang='lat' dir='ltr'>Sed</span> <span class='ocrx_word' id='word_1_70' title='bbox 1466 1426 1593 1501; x_wconf 91' lang='lat' dir='ltr'>hic</span> <span class='ocrx_word' id='word_1_71' title='bbox 1645 1427 1863 1502; x_wconf 86' lang='lat' dir='ltr'>stilus</span> <span class='ocrx_word' id='word_1_72' title='bbox 1917 1425 2125 1501; x_wconf 87' lang='lat' dir='ltr'>haud</span> <span class='ocrx_word' id='word_1_73' title='bbox 2190 1438 2401 1523; x_wconf 86' lang='lat' dir='ltr'>petet</span> <span class='ocrx_word' id='word_1_74' title='bbox 2448 1426 2651 1501; x_wconf 88' lang='lat' dir='ltr'>ultro</span> 
     </span>
     <span class='ocr_line' id='line_1_12' title="bbox 269 1550 2653 1651; baseline -0.003 -20"><span class='ocrx_word' id='word_1_75' title='bbox 269 1590 321 1631; x_wconf 74' lang='grc' dir='ltr'><strong><em>ω</em></strong></span> <span class='ocrx_word' id='word_1_76' title='bbox 359 1552 844 1651; x_wconf 83' lang='lat' dir='ltr'>Quemquam</span> <span class='ocrx_word' id='word_1_77' title='bbox 895 1553 1366 1629; x_wconf 86' lang='lat' dir='ltr'>animantem</span> <span class='ocrx_word' id='word_1_78' title='bbox 1417 1566 1494 1627; x_wconf 88' lang='lat' dir='ltr'>et</span> <span class='ocrx_word' id='word_1_79' title='bbox 1550 1576 1677 1626; x_wconf 91' lang='lat' dir='ltr'>me</span> <span class='ocrx_word' id='word_1_80' title='bbox 1724 1551 1967 1628; x_wconf 83' lang='lat' dir='ltr'>veluti</span> <span class='ocrx_word' id='word_1_81' title='bbox 2020 1550 2399 1627; x_wconf 87' lang='lat' dir='ltr'>custodiet</span> <span class='ocrx_word' id='word_1_82' title='bbox 2450 1551 2653 1627; x_wconf 90' lang='lat' dir='ltr'>ensis</span> 
     </span>
    </p>
   </div>
   <div class='ocr_carea' id='block_1_4' title="bbox 349 1678 980 1776">
    <p class='ocr_par' dir='ltr' id='par_1_4' title="bbox 349 1678 980 1776">
     <span class='ocr_line' id='line_1_13' title="bbox 349 1678 980 1776; baseline -0.003 -23"><span class='ocrx_word' id='word_1_83' title='bbox 349 1678 664 1776; x_wconf 86' lang='lat' dir='ltr'>Vagina</span> <span class='ocrx_word' id='word_1_84' title='bbox 714 1690 980 1755; x_wconf 75' lang='lat' dir='ltr'>tectus.</span> 
     </span>
    </p>
   </div>
   <div class='ocr_carea' id='block_1_5' title="bbox 1086 1674 2333 1775">
    <p class='ocr_par' dir='ltr' id='par_1_5' title="bbox 1086 1674 2333 1775">
     <span class='ocr_line' id='line_1_14' title="bbox 1086 1674 2333 1775; baseline -0.002 -22"><span class='ocrx_word' id='word_1_85' title='bbox 1086 1676 1334 1770; x_wconf 82' lang='lat' dir='ltr'>Quem</span> <span class='ocrx_word' id='word_1_86' title='bbox 1385 1703 1520 1753; x_wconf 90' lang='lat' dir='ltr'>cur</span> <span class='ocrx_word' id='word_1_87' title='bbox 1574 1674 2051 1775; x_wconf 85' lang='lat' dir='ltr'>destringere</span> <span class='ocrx_word' id='word_1_88' title='bbox 2101 1702 2333 1752; x_wconf 88' lang='lat' dir='ltr'>coner</span> 
     </span>
    </p>
   </div>
   <div class='ocr_carea' id='block_1_6' title="bbox 272 1802 2651 2525">
    <p class='ocr_par' dir='ltr' id='par_1_6' title="bbox 351 1802 2502 2151">
     <span class='ocr_line' id='line_1_15' title="bbox 351 1802 2381 1899; baseline -0.001 -20"><span class='ocrx_word' id='word_1_89' title='bbox 351 1804 594 1879; x_wconf 82' lang='lat' dir='ltr'>Tutus</span> <span class='ocrx_word' id='word_1_90' title='bbox 643 1803 744 1879; x_wconf 92' lang='lat' dir='ltr'>ab</span> <span class='ocrx_word' id='word_1_91' title='bbox 796 1802 1095 1877; x_wconf 86' lang='lat' dir='ltr'>infestis</span> <span class='ocrx_word' id='word_1_92' title='bbox 1144 1802 1624 1879; x_wconf 82' lang='lat' dir='ltr'>latronibus?</span> <span class='ocrx_word' id='word_1_93' title='bbox 1729 1802 1797 1880; x_wconf 92' lang='lat' dir='ltr'>O</span> <span class='ocrx_word' id='word_1_94' title='bbox 1848 1815 2068 1899; x_wconf 88' lang='lat' dir='ltr'>pater</span> <span class='ocrx_word' id='word_1_95' title='bbox 2121 1816 2195 1877; x_wconf 89' lang='lat' dir='ltr'>et</span> <span class='ocrx_word' id='word_1_96' title='bbox 2247 1828 2381 1877; x_wconf 85' lang='lat' dir='ltr'>rex</span> 
     </span>
     <span class='ocr_line' id='line_1_16' title="bbox 351 1926 2253 2029; baseline -0.002 -26"><span class='ocrx_word' id='word_1_97' title='bbox 351 1928 726 2029; x_wconf 82' lang='lat' dir='ltr'>Iuppiter,</span> <span class='ocrx_word' id='word_1_98' title='bbox 783 1939 868 2003; x_wconf 87' lang='lat' dir='ltr'>ut</span> <span class='ocrx_word' id='word_1_99' title='bbox 907 1939 1174 2028; x_wconf 85' lang='lat' dir='ltr'>pereat</span> <span class='ocrx_word' id='word_1_100' title='bbox 1221 1926 1555 2022; x_wconf 86' lang='lat' dir='ltr'>positum</span> <span class='ocrx_word' id='word_1_101' title='bbox 1608 1927 1965 2024; x_wconf 87' lang='lat' dir='ltr'>robigine</span> <span class='ocrx_word' id='word_1_102' title='bbox 2013 1926 2253 2003; x_wconf 89' lang='lat' dir='ltr'>telum</span> 
     </span>
     <span class='ocr_line' id='line_1_17' title="bbox 352 2049 2502 2151; baseline -0 -23"><span class='ocrx_word' id='word_1_103' title='bbox 352 2051 517 2128; x_wconf 92' lang='lat' dir='ltr'>Nec</span> <span class='ocrx_word' id='word_1_104' title='bbox 562 2052 969 2151; x_wconf 87' lang='lat' dir='ltr'>quisquam</span> <span class='ocrx_word' id='word_1_105' title='bbox 1021 2062 1298 2125; x_wconf 81' lang='lat' dir='ltr'>noceat</span> <span class='ocrx_word' id='word_1_106' title='bbox 1345 2049 1627 2149; x_wconf 85' lang='lat' dir='ltr'>cupido</span> <span class='ocrx_word' id='word_1_107' title='bbox 1678 2050 1871 2125; x_wconf 88' lang='lat' dir='ltr'>mihi</span> <span class='ocrx_word' id='word_1_108' title='bbox 1922 2050 2165 2150; x_wconf 84' lang='lat' dir='ltr'>pacisl</span> <span class='ocrx_word' id='word_1_109' title='bbox 2218 2063 2297 2126; x_wconf 89' lang='lat' dir='ltr'>at</span> <span class='ocrx_word' id='word_1_110' title='bbox 2344 2049 2502 2146; x_wconf 89' lang='lat' dir='ltr'>ille,</span> 
     </span>
    </p>

    <p class='ocr_par' dir='ltr' id='par_1_7' title="bbox 272 2176 2651 2525">
     <span class='ocr_line' id='line_1_18' title="bbox 272 2176 2651 2273; baseline -0.001 -20"><span class='ocrx_word' id='word_1_111' title='bbox 272 2214 321 2253; x_wconf 65' lang='lat' dir='ltr'>ns</span> <span class='ocrx_word' id='word_1_112' title='bbox 359 2178 518 2271; x_wconf 81' lang='lat' dir='ltr'>Qui</span> <span class='ocrx_word' id='word_1_113' title='bbox 558 2202 684 2252; x_wconf 90' lang='lat' dir='ltr'>me</span> <span class='ocrx_word' id='word_1_114' title='bbox 721 2176 1150 2272; x_wconf 84' lang='lat' dir='ltr'>commorit,</span> <span class='ocrx_word' id='word_1_115' title='bbox 1197 2216 1290 2229; x_wconf 89' lang='lat'>—-</span> <span class='ocrx_word' id='word_1_116' title='bbox 1333 2176 1609 2252; x_wconf 90' lang='lat' dir='ltr'>melius</span> <span class='ocrx_word' id='word_1_117' title='bbox 1652 2202 1807 2251; x_wconf 90' lang='lat' dir='ltr'>non</span> <span class='ocrx_word' id='word_1_118' title='bbox 1854 2188 2193 2273; x_wconf 87' lang='lat' dir='ltr'>tangere,</span> <span class='ocrx_word' id='word_1_119' title='bbox 2245 2176 2517 2273; x_wconf 88' lang='lat' dir='ltr'>clam0,</span> <span class='ocrx_word' id='word_1_120' title='bbox 2554 2214 2651 2231; x_wconf 85' lang='lat'>——-</span> 
     </span>
     <span class='ocr_line' id='line_1_19' title="bbox 351 2301 2063 2400; baseline -0.002 -21"><span class='ocrx_word' id='word_1_121' title='bbox 351 2303 612 2379; x_wconf 81' lang='lat' dir='ltr'>Flebit</span> <span class='ocrx_word' id='word_1_122' title='bbox 653 2315 730 2379; x_wconf 88' lang='lat' dir='ltr'>et</span> <span class='ocrx_word' id='word_1_123' title='bbox 775 2302 1100 2400; x_wconf 85' lang='lat' dir='ltr'>insignis</span> <span class='ocrx_word' id='word_1_124' title='bbox 1152 2313 1315 2377; x_wconf 81' lang='lat' dir='ltr'>tota</span> <span class='ocrx_word' id='word_1_125' title='bbox 1368 2301 1795 2377; x_wconf 87' lang='lat' dir='ltr'>cantabitur</span> <span class='ocrx_word' id='word_1_126' title='bbox 1845 2302 2063 2377; x_wconf 90' lang='lat' dir='ltr'>urbe.</span> 
     </span>
     <span class='ocr_line' id='line_1_20' title="bbox 357 2424 2140 2525; baseline -0.003 -20"><span class='ocrx_word' id='word_1_127' title='bbox 357 2427 684 2505; x_wconf 77' lang='lat' dir='ltr'>Cervius</span> <span class='ocrx_word' id='word_1_128' title='bbox 727 2428 968 2504; x_wconf 90' lang='lat' dir='ltr'>iratus</span> <span class='ocrx_word' id='word_1_129' title='bbox 1016 2427 1230 2525; x_wconf 83' lang='lat' dir='ltr'>leges</span> <span class='ocrx_word' id='word_1_130' title='bbox 1283 2428 1678 2503; x_wconf 86' lang='lat' dir='ltr'>minitatur</span> <span class='ocrx_word' id='word_1_131' title='bbox 1730 2439 1807 2502; x_wconf 90' lang='lat' dir='ltr'>et</span> <span class='ocrx_word' id='word_1_132' title='bbox 1846 2424 2140 2523; x_wconf 88' lang='lat' dir='ltr'>urnam,</span> 
     </span>
    </p>
   </div>
   <div class='ocr_carea' id='block_1_7' title="bbox 243 2660 1412 4667">
    <p class='ocr_par' dir='ltr' id='par_1_8' title="bbox 243 2660 1412 4667">
     <span class='ocr_line' id='line_1_21' title="bbox 249 2660 1410 2731; baseline 0.002 -16"><span class='ocrx_word' id='word_1_133' title='bbox 249 2664 282 2715; x_wconf 83' lang='lat'>2</span> <span class='ocrx_word' id='word_1_134' title='bbox 304 2661 528 2717; x_wconf 89' lang='lat' dir='ltr'>Lucilio</span> <span class='ocrx_word' id='word_1_135' title='bbox 551 2660 926 2731; x_wconf 78' lang='lat' dir='ltr'>quadraginta</span> <span class='ocrx_word' id='word_1_136' title='bbox 949 2678 1042 2715; x_wconf 83' lang='lat' dir='ltr'>sex</span> <span class='ocrx_word' id='word_1_137' title='bbox 1067 2678 1239 2716; x_wconf 87' lang='lat' dir='ltr'>annos</span> <span class='ocrx_word' id='word_1_138' title='bbox 1257 2663 1410 2717; x_wconf 83' lang='lat' dir='ltr'>vitae</span> 
     </span>
     <span class='ocr_line' id='line_1_22' title="bbox 250 2732 1410 2802; baseline 0.001 -15"><span class='ocrx_word' id='word_1_139' title='bbox 250 2734 420 2801; x_wconf 84' lang='lat' dir='ltr'>dedit,</span> <span class='ocrx_word' id='word_1_140' title='bbox 451 2749 506 2786; x_wconf 81' lang='lat' dir='ltr'>a.</span> <span class='ocrx_word' id='word_1_141' title='bbox 539 2750 592 2785; x_wconf 95' lang='lat' dir='ltr'>u.</span> <span class='ocrx_word' id='word_1_142' title='bbox 621 2748 666 2787; x_wconf 88' lang='lat' dir='ltr'>c.</span> <span class='ocrx_word' id='word_1_143' title='bbox 698 2732 1010 2802; x_wconf 82' lang='lat'><strong>606—6513</strong></span> <span class='ocrx_word' id='word_1_144' title='bbox 1048 2750 1154 2789; x_wconf 87' lang='lat' dir='ltr'>nec</span> <span class='ocrx_word' id='word_1_145' title='bbox 1183 2734 1410 2789; x_wconf 83' lang='lat' dir='ltr'>videtur</span> 
     </span>
     <span class='ocr_line' id='line_1_23' title="bbox 252 2803 1408 2875; baseline -0.001 -15"><span class='ocrx_word' id='word_1_146' title='bbox 252 2804 386 2860; x_wconf 86' lang='lat' dir='ltr'>fides</span> <span class='ocrx_word' id='word_1_147' title='bbox 421 2803 686 2859; x_wconf 84' lang='lat' dir='ltr'>habenda</span> <span class='ocrx_word' id='word_1_148' title='bbox 721 2820 838 2859; x_wconf 86' lang='lat' dir='ltr'>esse</span> <span class='ocrx_word' id='word_1_149' title='bbox 873 2804 1138 2873; x_wconf 86' lang='lat' dir='ltr'>Heusdio,</span> <span class='ocrx_word' id='word_1_150' title='bbox 1177 2806 1274 2875; x_wconf 88' lang='lat' dir='ltr'>qui</span> <span class='ocrx_word' id='word_1_151' title='bbox 1298 2806 1408 2860; x_wconf 89' lang='lat' dir='ltr'>Lu·</span> 
     </span>
     <span class='ocr_line' id='line_1_24' title="bbox 250 2875 1406 2947; baseline -0.002 -15"><span class='ocrx_word' id='word_1_152' title='bbox 250 2877 366 2932; x_wconf 86' lang='lat' dir='ltr'>cilii</span> <span class='ocrx_word' id='word_1_153' title='bbox 385 2877 570 2932; x_wconf 81' lang='lat' dir='ltr'>vitam</span> <span class='ocrx_word' id='word_1_154' title='bbox 610 2875 864 2930; x_wconf 82' lang='lat' dir='ltr'>extendit</span> <span class='ocrx_word' id='word_1_155' title='bbox 901 2892 1076 2947; x_wconf 85' lang='lat' dir='ltr'>usque</span> <span class='ocrx_word' id='word_1_156' title='bbox 1111 2877 1183 2931; x_wconf 86' lang='lat' dir='ltr'>ad</span> <span class='ocrx_word' id='word_1_157' title='bbox 1211 2895 1261 2931; x_wconf 86' lang='lat' dir='ltr'>a.</span> <span class='ocrx_word' id='word_1_158' title='bbox 1283 2880 1406 2931; x_wconf 89' lang='grc'><strong>687.</strong></span> 
     </span>
     <span class='ocr_line' id='line_1_25' title="bbox 251 2947 1409 3019; baseline 0.002 -18"><span class='ocrx_word' id='word_1_159' title='bbox 251 2949 448 3017; x_wconf 84' lang='lat' dir='ltr'>Itaque</span> <span class='ocrx_word' id='word_1_160' title='bbox 489 2962 664 3001; x_wconf 73' lang='lat' dir='ltr'>senem</span> <span class='ocrx_word' id='word_1_161' title='bbox 700 2947 970 3019; x_wconf 79' lang='lat' dir='ltr'>intellego</span> <span class='ocrx_word' id='word_1_162' title='bbox 997 2964 1140 3013; x_wconf 83' lang='lat' dir='ltr'>eum,</span> <span class='ocrx_word' id='word_1_163' title='bbox 1180 2948 1276 3018; x_wconf 92' lang='lat' dir='ltr'>qui</span> <span class='ocrx_word' id='word_1_164' title='bbox 1316 2966 1409 3003; x_wconf 87' lang='lat' dir='ltr'>an·</span> 
     </span>
     <span class='ocr_line' id='line_1_26' title="bbox 249 3018 1408 3089; baseline 0.001 -16"><span class='ocrx_word' id='word_1_165' title='bbox 249 3020 500 3089; x_wconf 87' lang='lat' dir='ltr'>tiquiore</span> <span class='ocrx_word' id='word_1_166' title='bbox 525 3022 779 3088; x_wconf 83' lang='lat' dir='ltr'>tempore</span> <span class='ocrx_word' id='word_1_167' title='bbox 811 3019 976 3089; x_wconf 81' lang='lat' dir='ltr'>vixit,</span> <span class='ocrx_word' id='word_1_168' title='bbox 1016 3018 1086 3073; x_wconf 85' lang='lat' dir='ltr'>cf.</span> <span class='ocrx_word' id='word_1_169' title='bbox 1113 3018 1227 3074; x_wconf 88' lang='lat' dir='ltr'>Sat.</span> <span class='ocrx_word' id='word_1_170' title='bbox 1251 3021 1292 3086; x_wconf 91' lang='grc' dir='ltr'>Ι,</span> <span class='ocrx_word' id='word_1_171' title='bbox 1323 3022 1408 3089; x_wconf 88' lang='grc'>10,</span> 
     </span>
     <span class='ocr_line' id='line_1_27' title="bbox 249 3089 1412 3152; baseline 0.001 -8"><span class='ocrx_word' id='word_1_172' title='bbox 249 3093 332 3144; x_wconf 89' lang='grc'>67.</span> <span class='ocrx_word' id='word_1_173' title='bbox 375 3091 489 3145; x_wconf 87' lang='lat' dir='ltr'>Cic.</span> <span class='ocrx_word' id='word_1_174' title='bbox 510 3089 670 3145; x_wconf 89' lang='lat' dir='ltr'>Brut.</span> <span class='ocrx_word' id='word_1_175' title='bbox 703 3092 786 3152; x_wconf 85' lang='lat'>10.</span> <span class='ocrx_word' id='word_1_176' title='bbox 819 3090 891 3145; x_wconf 81' lang='lat'>39</span> <span class='ocrx_word' id='word_1_177' title='bbox 919 3091 988 3145; x_wconf 88' lang='lat' dir='ltr'>de</span> <span class='ocrx_word' id='word_1_178' title='bbox 1011 3090 1212 3146; x_wconf 87' lang='lat' dir='ltr'>Solone</span> <span class='ocrx_word' id='word_1_179' title='bbox 1240 3097 1298 3146; x_wconf 87' lang='lat' dir='ltr'>et</span> <span class='ocrx_word' id='word_1_180' title='bbox 1319 3092 1412 3145; x_wconf 88' lang='lat' dir='ltr'>Pi-</span> 
     </span>
     <span class='ocr_line' id='line_1_28' title="bbox 249 3160 1409 3233; baseline 0.001 -17"><span class='ocrx_word' id='word_1_181' title='bbox 249 3162 512 3217; x_wconf 77' lang='lat' dir='ltr'>sistratm</span> <span class='ocrx_word' id='word_1_182' title='bbox 592 3165 688 3229; x_wconf 83' lang='lat' dir='ltr'>„at</span> <span class='ocrx_word' id='word_1_183' title='bbox 723 3160 782 3215; x_wconf 85' lang='lat' dir='ltr'>hi</span> <span class='ocrx_word' id='word_1_184' title='bbox 827 3162 1073 3231; x_wconf 88' lang='lat' dir='ltr'>quidem.</span> <span class='ocrx_word' id='word_1_185' title='bbox 1113 3167 1178 3217; x_wconf 88' lang='lat' dir='ltr'>ut</span> <span class='ocrx_word' id='word_1_186' title='bbox 1212 3164 1409 3233; x_wconf 84' lang='lat' dir='ltr'>populi</span> 
     </span>
     <span class='ocr_line' id='line_1_29' title="bbox 243 3232 1410 3301; baseline 0 -12"><span class='ocrx_word' id='word_1_187' title='bbox 243 3232 493 3289; x_wconf 86' lang='lat' dir='ltr'>Romani</span> <span class='ocrx_word' id='word_1_188' title='bbox 535 3238 688 3287; x_wconf 87' lang='lat' dir='ltr'>aetas</span> <span class='ocrx_word' id='word_1_189' title='bbox 725 3237 826 3301; x_wconf 88' lang='lat' dir='ltr'>est,</span> <span class='ocrx_word' id='word_1_190' title='bbox 863 3248 1031 3297; x_wconf 77' lang='lat' dir='ltr'>senes,</span> <span class='ocrx_word' id='word_1_191' title='bbox 1067 3240 1133 3289; x_wconf 92' lang='lat' dir='ltr'>ut</span> <span class='ocrx_word' id='word_1_192' title='bbox 1176 3234 1410 3289; x_wconf 84' lang='lat' dir='ltr'>Atheni-</span> 
     </span>
     <span class='ocr_line' id='line_1_30' title="bbox 250 3304 1410 3373; baseline 0.001 -12"><span class='ocrx_word' id='word_1_193' title='bbox 250 3306 470 3361; x_wconf 77' lang='lat' dir='ltr'>ensium</span> <span class='ocrx_word' id='word_1_194' title='bbox 527 3304 708 3359; x_wconf 85' lang='lat' dir='ltr'>saecla</span> <span class='ocrx_word' id='word_1_195' title='bbox 774 3310 1166 3373; x_wconf 85' lang='lat' dir='ltr'>numerantur,</span> <span class='ocrx_word' id='word_1_196' title='bbox 1224 3305 1410 3362; x_wconf 71' lang='lat' dir='ltr'>adule-</span> 
     </span>
     <span class='ocr_line' id='line_1_31' title="bbox 250 3374 1408 3448; baseline 0 -15"><span class='ocrx_word' id='word_1_197' title='bbox 250 3383 454 3433; x_wconf 75' lang='lat' dir='ltr'>scentes</span> <span class='ocrx_word' id='word_1_198' title='bbox 475 3375 682 3431; x_wconf 86' lang='lat' dir='ltr'>debent</span> <span class='ocrx_word' id='word_1_199' title='bbox 703 3374 935 3445; x_wconf 83' lang='lat' dir='ltr'>videri,“</span> <span class='ocrx_word' id='word_1_200' title='bbox 955 3394 1272 3448; x_wconf 81' lang='lat' dir='ltr'>quanquam</span> <span class='ocrx_word' id='word_1_201' title='bbox 1291 3377 1408 3433; x_wconf 86' lang='lat' dir='ltr'>fue-</span> 
     </span>
     <span class='ocr_line' id='line_1_32' title="bbox 251 3446 1408 3519; baseline 0 -16"><span class='ocrx_word' id='word_1_202' title='bbox 251 3452 405 3519; x_wconf 89' lang='lat' dir='ltr'>runt,</span> <span class='ocrx_word' id='word_1_203' title='bbox 431 3450 532 3519; x_wconf 88' lang='lat' dir='ltr'>qui</span> <span class='ocrx_word' id='word_1_204' title='bbox 557 3446 835 3502; x_wconf 87' lang='lat' dir='ltr'>Lucilium</span> <span class='ocrx_word' id='word_1_205' title='bbox 855 3450 1007 3503; x_wconf 82' lang='lat' dir='ltr'>circa</span> <span class='ocrx_word' id='word_1_206' title='bbox 1034 3468 1083 3504; x_wconf 87' lang='lat' dir='ltr'>a.</span> <span class='ocrx_word' id='word_1_207' title='bbox 1107 3468 1164 3503; x_wconf 85' lang='lat' dir='ltr'>u.</span> <span class='ocrx_word' id='word_1_208' title='bbox 1183 3450 1288 3503; x_wconf 83' lang='lat'>600</span> <span class='ocrx_word' id='word_1_209' title='bbox 1312 3466 1408 3503; x_wconf 89' lang='lat' dir='ltr'>na-</span> 
     </span>
     <span class='ocr_line' id='line_1_33' title="bbox 255 3520 1410 3589; baseline 0 -13"><span class='ocrx_word' id='word_1_210' title='bbox 255 3526 394 3589; x_wconf 85' lang='lat' dir='ltr'>tum,</span> <span class='ocrx_word' id='word_1_211' title='bbox 421 3527 481 3576; x_wconf 88' lang='lat' dir='ltr'>et</span> <span class='ocrx_word' id='word_1_212' title='bbox 511 3538 560 3574; x_wconf 86' lang='lat' dir='ltr'>a.</span> <span class='ocrx_word' id='word_1_213' title='bbox 591 3520 698 3574; x_wconf 75' lang='lat'>659</span> <span class='ocrx_word' id='word_1_214' title='bbox 721 3521 812 3575; x_wconf 81' lang='lat' dir='ltr'>vel</span> <span class='ocrx_word' id='word_1_215' title='bbox 835 3520 946 3575; x_wconf 84' lang='lat'>660</span> <span class='ocrx_word' id='word_1_216' title='bbox 976 3525 1262 3576; x_wconf 85' lang='lat' dir='ltr'>mortuum</span> <span class='ocrx_word' id='word_1_217' title='bbox 1294 3538 1410 3577; x_wconf 85' lang='lat' dir='ltr'>esse</span> 
     </span>
     <span class='ocr_line' id='line_1_34' title="bbox 250 3591 1409 3663; baseline 0.002 -17"><span class='ocrx_word' id='word_1_218' title='bbox 250 3596 538 3663; x_wconf 81' lang='lat' dir='ltr'>putarent.</span> <span class='ocrx_word' id='word_1_219' title='bbox 557 3620 630 3631; x_wconf 90' lang='lat'>—-</span> <span class='ocrx_word' id='word_1_220' title='bbox 649 3591 870 3663; x_wconf 76' lang='lat' dir='ltr'>anceps]</span> <span class='ocrx_word' id='word_1_221' title='bbox 895 3592 1018 3647; x_wconf 81' lang='lat' dir='ltr'>Non</span> <span class='ocrx_word' id='word_1_222' title='bbox 1039 3594 1086 3647; x_wconf 85' lang='lat' dir='ltr'>is</span> <span class='ocrx_word' id='word_1_223' title='bbox 1111 3594 1290 3647; x_wconf 87' lang='lat' dir='ltr'>solum</span> <span class='ocrx_word' id='word_1_224' title='bbox 1315 3610 1409 3648; x_wconf 89' lang='lat' dir='ltr'>an·</span> 
     </span>
     <span class='ocr_line' id='line_1_35' title="bbox 252 3663 1409 3734; baseline 0.001 -15"><span class='ocrx_word' id='word_1_225' title='bbox 252 3682 380 3734; x_wconf 85' lang='lat' dir='ltr'>ceps</span> <span class='ocrx_word' id='word_1_226' title='bbox 417 3668 520 3731; x_wconf 84' lang='lat' dir='ltr'>est,</span> <span class='ocrx_word' id='word_1_227' title='bbox 555 3663 653 3733; x_wconf 88' lang='lat' dir='ltr'>qui</span> <span class='ocrx_word' id='word_1_228' title='bbox 690 3663 892 3718; x_wconf 82' lang='lat' dir='ltr'>dubius</span> <span class='ocrx_word' id='word_1_229' title='bbox 929 3669 1014 3720; x_wconf 82' lang='lat' dir='ltr'>est</span> <span class='ocrx_word' id='word_1_230' title='bbox 1039 3670 1138 3719; x_wconf 88' lang='lat' dir='ltr'>aut</span> <span class='ocrx_word' id='word_1_231' title='bbox 1161 3666 1409 3720; x_wconf 80' lang='lat' dir='ltr'>incertus</span> 
     </span>
     <span class='ocr_line' id='line_1_36' title="bbox 255 3734 1410 3805; baseline 0.002 -16"><span class='ocrx_word' id='word_1_232' title='bbox 255 3736 392 3805; x_wconf 84' lang='lat' dir='ltr'>quid</span> <span class='ocrx_word' id='word_1_233' title='bbox 417 3734 614 3791; x_wconf 80' lang='lat' dir='ltr'>credat</span> <span class='ocrx_word' id='word_1_234' title='bbox 643 3734 901 3803; x_wconf 80' lang='lat' dir='ltr'>faciatve,</span> <span class='ocrx_word' id='word_1_235' title='bbox 927 3736 1024 3790; x_wconf 90' lang='lat' dir='ltr'>sed</span> <span class='ocrx_word' id='word_1_236' title='bbox 1052 3736 1100 3790; x_wconf 89' lang='lat' dir='ltr'>is</span> <span class='ocrx_word' id='word_1_237' title='bbox 1127 3736 1315 3805; x_wconf 87' lang='lat' dir='ltr'>etiam,</span> <span class='ocrx_word' id='word_1_238' title='bbox 1341 3737 1410 3791; x_wconf 88' lang='lat' dir='ltr'>de</span> 
     </span>
     <span class='ocr_line' id='line_1_37' title="bbox 254 3808 1411 3878; baseline 0.001 -17"><span class='ocrx_word' id='word_1_239' title='bbox 254 3824 365 3877; x_wconf 90' lang='lat' dir='ltr'>quo</span> <span class='ocrx_word' id='word_1_240' title='bbox 415 3808 476 3861; x_wconf 89' lang='lat' dir='ltr'>in</span> <span class='ocrx_word' id='word_1_241' title='bbox 521 3811 822 3875; x_wconf 83' lang='lat' dir='ltr'>utramque</span> <span class='ocrx_word' id='word_1_242' title='bbox 866 3812 1086 3876; x_wconf 83' lang='lat' dir='ltr'>partem</span> <span class='ocrx_word' id='word_1_243' title='bbox 1133 3809 1411 3878; x_wconf 80' lang='lat' dir='ltr'>disputari</span> 
     </span>
     <span class='ocr_line' id='line_1_38' title="bbox 254 3876 1410 3949; baseline 0.001 -15"><span class='ocrx_word' id='word_1_244' title='bbox 254 3883 462 3949; x_wconf 87' lang='lat' dir='ltr'>potest,</span> <span class='ocrx_word' id='word_1_245' title='bbox 506 3883 572 3932; x_wconf 87' lang='lat' dir='ltr'>ut</span> <span class='ocrx_word' id='word_1_246' title='bbox 608 3876 722 3932; x_wconf 91' lang='lat' dir='ltr'>Sat.</span> <span class='ocrx_word' id='word_1_247' title='bbox 761 3878 832 3947; x_wconf 89' lang='lat' dir='ltr'>H,</span> <span class='ocrx_word' id='word_1_248' title='bbox 873 3881 922 3939; x_wconf 84' lang='lat'>5.</span> <span class='ocrx_word' id='word_1_249' title='bbox 961 3881 1049 3933; x_wconf 80' lang='lat'>34.</span> <span class='ocrx_word' id='word_1_250' title='bbox 1100 3879 1283 3947; x_wconf 78' lang='lat' dir='ltr'>Quare</span> <span class='ocrx_word' id='word_1_251' title='bbox 1318 3881 1410 3935; x_wconf 86' lang='lat' dir='ltr'>vel</span> 
     </span>
     <span class='ocr_line' id='line_1_39' title="bbox 254 3950 1410 4023; baseline 0.001 -19"><span class='ocrx_word' id='word_1_252' title='bbox 254 3951 379 4021; x_wconf 86' lang='lat' dir='ltr'>ipsa</span> <span class='ocrx_word' id='word_1_253' title='bbox 425 3950 536 4004; x_wconf 88' lang='lat' dir='ltr'>loci</span> <span class='ocrx_word' id='word_1_254' title='bbox 583 3950 930 4005; x_wconf 81' lang='lat' dir='ltr'>concinnitas</span> <span class='ocrx_word' id='word_1_255' title='bbox 975 3950 1292 4023; x_wconf 76' lang='lat' dir='ltr'>efflagitare</span> <span class='ocrx_word' id='word_1_256' title='bbox 1329 3952 1410 4006; x_wconf 84' lang='lat' dir='ltr'>vi·</span> 
     </span>
     <span class='ocr_line' id='line_1_40' title="bbox 253 4022 1409 4091; baseline 0 -14"><span class='ocrx_word' id='word_1_257' title='bbox 253 4022 439 4084; x_wconf 84' lang='lat' dir='ltr'>detur,</span> <span class='ocrx_word' id='word_1_258' title='bbox 476 4025 542 4075; x_wconf 88' lang='lat' dir='ltr'>ut</span> <span class='ocrx_word' id='word_1_259' title='bbox 565 4036 762 4090; x_wconf 74' lang='lat' dir='ltr'>anceps</span> <span class='ocrx_word' id='word_1_260' title='bbox 795 4023 1109 4091; x_wconf 83' lang='lat' dir='ltr'>masculini,</span> <span class='ocrx_word' id='word_1_261' title='bbox 1139 4040 1252 4079; x_wconf 85' lang='lat' dir='ltr'>non</span> <span class='ocrx_word' id='word_1_262' title='bbox 1276 4040 1409 4079; x_wconf 87' lang='lat' dir='ltr'>neu·</span> 
     </span>
     <span class='ocr_line' id='line_1_41' title="bbox 251 4093 1412 4163; baseline 0.002 -16"><span class='ocrx_word' id='word_1_263' title='bbox 251 4095 396 4148; x_wconf 83' lang='lat' dir='ltr'>trius</span> <span class='ocrx_word' id='word_1_264' title='bbox 435 4093 656 4163; x_wconf 81' lang='lat' dir='ltr'>generis</span> <span class='ocrx_word' id='word_1_265' title='bbox 701 4110 820 4148; x_wconf 85' lang='lat' dir='ltr'>esse</span> <span class='ocrx_word' id='word_1_266' title='bbox 866 4094 1170 4149; x_wconf 85' lang='lat' dir='ltr'>credamus.</span> <span class='ocrx_word' id='word_1_267' title='bbox 1223 4124 1290 4134; x_wconf 88' lang='lat'><em>-</em></span> <span class='ocrx_word' id='word_1_268' title='bbox 1337 4094 1412 4149; x_wconf 78' lang='lat' dir='ltr'>ad</span> 
     </span>
     <span class='ocr_line' id='line_1_42' title="bbox 253 4162 1409 4235; baseline 0 -15"><span class='ocrx_word' id='word_1_269' title='bbox 253 4164 376 4235; x_wconf 77' lang='lat' dir='ltr'>hoc]</span> <span class='ocrx_word' id='word_1_270' title='bbox 402 4162 516 4218; x_wconf 82' lang='lat' dir='ltr'>Sat.</span> <span class='ocrx_word' id='word_1_271' title='bbox 535 4163 610 4233; x_wconf 91' lang='grc' dir='ltr'>ΙΙ,</span> <span class='ocrx_word' id='word_1_272' title='bbox 636 4166 688 4233; x_wconf 88' lang='grc'>6,</span> <span class='ocrx_word' id='word_1_273' title='bbox 714 4166 802 4218; x_wconf 80' lang='grc'>42.</span> <span class='ocrx_word' id='word_1_274' title='bbox 841 4165 1002 4234; x_wconf 82' lang='lat' dir='ltr'>„Non</span> <span class='ocrx_word' id='word_1_275' title='bbox 1036 4166 1216 4221; x_wconf 88' lang='lat' dir='ltr'>solum</span> <span class='ocrx_word' id='word_1_276' title='bbox 1251 4184 1311 4221; x_wconf 89' lang='lat' dir='ltr'>se</span> <span class='ocrx_word' id='word_1_277' title='bbox 1350 4166 1409 4220; x_wconf 87' lang='lat' dir='ltr'>in</span> 
     </span>
     <span class='ocr_line' id='line_1_43' title="bbox 253 4236 1409 4307; baseline 0.003 -18"><span class='ocrx_word' id='word_1_278' title='bbox 253 4236 562 4305; x_wconf 88' lang='lat' dir='ltr'>municipio</span> <span class='ocrx_word' id='word_1_279' title='bbox 633 4240 828 4290; x_wconf 91' lang='lat' dir='ltr'>natum</span> <span class='ocrx_word' id='word_1_280' title='bbox 883 4238 1118 4307; x_wconf 85' lang='lat' dir='ltr'>opponit</span> <span class='ocrx_word' id='word_1_281' title='bbox 1171 4236 1409 4305; x_wconf 75' lang='lat' dir='ltr'>Lucilio,</span> 
     </span>
     <span class='ocr_line' id='line_1_44' title="bbox 255 4306 1408 4381; baseline 0.003 -20"><span class='ocrx_word' id='word_1_282' title='bbox 255 4307 434 4376; x_wconf 85' lang='lat' dir='ltr'>equiti</span> <span class='ocrx_word' id='word_1_283' title='bbox 453 4306 724 4375; x_wconf 86' lang='lat' dir='ltr'>Romano,</span> <span class='ocrx_word' id='word_1_284' title='bbox 745 4306 841 4361; x_wconf 87' lang='lat' dir='ltr'>sed</span> <span class='ocrx_word' id='word_1_285' title='bbox 865 4308 975 4363; x_wconf 89' lang='lat' dir='ltr'>hoc</span> <span class='ocrx_word' id='word_1_286' title='bbox 992 4326 1216 4378; x_wconf 90' lang='lat' dir='ltr'>quoque</span> <span class='ocrx_word' id='word_1_287' title='bbox 1239 4309 1408 4381; x_wconf 83' lang='lat' dir='ltr'>signi-</span> 
     </span>
     <span class='ocr_line' id='line_1_45' title="bbox 254 4378 1409 4451; baseline 0.003 -19"><span class='ocrx_word' id='word_1_288' title='bbox 254 4378 411 4433; x_wconf 73' lang='lat' dir='ltr'>ficate</span> <span class='ocrx_word' id='word_1_289' title='bbox 455 4380 499 4433; x_wconf 91' lang='lat' dir='ltr'>si</span> <span class='ocrx_word' id='word_1_290' title='bbox 533 4379 592 4433; x_wconf 89' lang='lat' dir='ltr'>in</span> <span class='ocrx_word' id='word_1_291' title='bbox 633 4378 748 4433; x_wconf 87' lang='lat' dir='ltr'>enii</span> <span class='ocrx_word' id='word_1_292' title='bbox 773 4395 886 4433; x_wconf 87' lang='lat' dir='ltr'>non</span> <span class='ocrx_word' id='word_1_293' title='bbox 910 4380 1077 4434; x_wconf 88' lang='lat' dir='ltr'>nimis</span> <span class='ocrx_word' id='word_1_294' title='bbox 1103 4380 1243 4435; x_wconf 88' lang='lat' dir='ltr'>lenti</span> <span class='ocrx_word' id='word_1_295' title='bbox 1268 4399 1409 4451; x_wconf 85' lang='lat' dir='ltr'>sum,</span> 
     </span>
     <span class='ocr_line' id='line_1_46' title="bbox 255 4450 1410 4521; baseline 0.002 -16"><span class='ocrx_word' id='word_1_296' title='bbox 255 4450 353 4505; x_wconf 88' lang='lat' dir='ltr'>sed</span> <span class='ocrx_word' id='word_1_297' title='bbox 363 4451 500 4504; x_wconf 87' lang='lat' dir='ltr'>satis</span> <span class='ocrx_word' id='word_1_298' title='bbox 513 4450 606 4505; x_wconf 88' lang='lat' dir='ltr'>bel</span> <span class='ocrx_word' id='word_1_299' title='bbox 629 4450 1020 4513; x_wconf 86' lang='lat' dir='ltr'>ioosi,minime</span> <span class='ocrx_word' id='word_1_300' title='bbox 1035 4452 1238 4506; x_wconf 87' lang='lat' dir='ltr'>mirum</span> <span class='ocrx_word' id='word_1_301' title='bbox 1249 4470 1264 4521; x_wconf 91' lang='lat'>;</span> <span class='ocrx_word' id='word_1_302' title='bbox 1277 4470 1410 4507; x_wconf 84' lang='lat' dir='ltr'>nam</span> 
     </span>
     <span class='ocr_line' id='line_1_47' title="bbox 255 4520 1408 4647; baseline 0.003 -71"><span class='ocrx_word' id='word_1_303' title='bbox 255 4527 498 4647; x_wconf 42' lang='lat' dir='ltr'>uti-affixe</span> <span class='ocrx_word' id='word_1_304' title='bbox 532 4539 666 4605; x_wconf 79' lang='lat' dir='ltr'>gens</span> <span class='ocrx_word' id='word_1_305' title='bbox 691 4520 800 4577; x_wconf 88' lang='lat' dir='ltr'>fuit</span> <span class='ocrx_word' id='word_1_306' title='bbox 835 4522 978 4578; x_wconf 85' lang='lat' dir='ltr'>dura</span> <span class='ocrx_word' id='word_1_307' title='bbox 1003 4540 1069 4579; x_wconf 88' lang='lat' dir='ltr'>ac</span> <span class='ocrx_word' id='word_1_308' title='bbox 1091 4524 1408 4579; x_wconf 87' lang='lat' dir='ltr'>bellicosa.“</span> 
     </span>
     <span class='ocr_line' id='line_1_48' title="bbox 257 4592 1410 4667; baseline 0.005 -19"><span class='ocrx_word' id='word_1_309' title='bbox 257 4592 418 4649; x_wconf 80' lang='lat' dir='ltr'>Rauc</span> <span class='ocrx_word' id='word_1_310' title='bbox 459 4598 690 4649; x_wconf 79' lang='lat' dir='ltr'>enstem.</span> <span class='ocrx_word' id='word_1_311' title='bbox 720 4624 786 4634; x_wconf 90' lang='lat'>—</span> <span class='ocrx_word' id='word_1_312' title='bbox 813 4610 918 4664; x_wconf 74' lang='lat' dir='ltr'>quo</span> <span class='ocrx_word' id='word_1_313' title='bbox 952 4594 1044 4667; x_wconf 78' lang='lat' dir='ltr'>ne]</span> <span class='ocrx_word' id='word_1_314' title='bbox 1088 4612 1194 4667; x_wconf 83' lang='lat' dir='ltr'>pro</span> <span class='ocrx_word' id='word_1_315' title='bbox 1229 4602 1292 4653; x_wconf 77' lang='lat' dir='ltr'>ut</span> <span class='ocrx_word' id='word_1_316' title='bbox 1325 4612 1410 4664; x_wconf 76' lang='lat' dir='ltr'>m,</span> 
     </span>
    </p>
   </div>
   <div class='ocr_carea' id='block_1_8' title="bbox 1500 2661 2662 4661">
    <p class='ocr_par' dir='ltr' id='par_1_9' title="bbox 1500 2661 2661 4293">
     <span class='ocr_line' id='line_1_49' title="bbox 1501 2661 2651 2733; baseline 0 -17"><span class='ocrx_word' id='word_1_317' title='bbox 1501 2661 1599 2717; x_wconf 84' lang='lat' dir='ltr'>sed</span> <span class='ocrx_word' id='word_1_318' title='bbox 1627 2678 1754 2716; x_wconf 89' lang='lat' dir='ltr'>cum</span> <span class='ocrx_word' id='word_1_319' title='bbox 1781 2662 2022 2733; x_wconf 89' lang='lat' dir='ltr'>quadam</span> <span class='ocrx_word' id='word_1_320' title='bbox 2048 2661 2395 2715; x_wconf 87' lang='lat' dir='ltr'>abundantia</span> <span class='ocrx_word' id='word_1_321' title='bbox 2420 2662 2651 2727; x_wconf 87' lang='lat' dir='ltr'>dictum,</span> 
     </span>
     <span class='ocr_line' id='line_1_50' title="bbox 1503 2732 2651 2805; baseline 0 -17"><span class='ocrx_word' id='word_1_322' title='bbox 1503 2734 1765 2805; x_wconf 84' lang='lat' dir='ltr'>quoniam</span> <span class='ocrx_word' id='word_1_323' title='bbox 1790 2733 1941 2803; x_wconf 88' lang='lat' dir='ltr'>quod</span> <span class='ocrx_word' id='word_1_324' title='bbox 1964 2734 2025 2787; x_wconf 90' lang='lat' dir='ltr'>in</span> <span class='ocrx_word' id='word_1_325' title='bbox 2058 2733 2245 2787; x_wconf 82' lang='lat' dir='ltr'>verbis</span> <span class='ocrx_word' id='word_1_326' title='bbox 2271 2732 2347 2787; x_wconf 75' lang='lat' dir='ltr'>ad</span> <span class='ocrx_word' id='word_1_327' title='bbox 2371 2734 2466 2788; x_wconf 75' lang='lat' dir='ltr'>hoc</span> <span class='ocrx_word' id='word_1_328' title='bbox 2489 2734 2651 2801; x_wconf 85' lang='lat' dir='ltr'>inest,</span> 
     </span>
     <span class='ocr_line' id='line_1_51' title="bbox 1501 2804 2658 2875; baseline 0 -15"><span class='ocrx_word' id='word_1_329' title='bbox 1501 2807 1705 2861; x_wconf 84' lang='lat' dir='ltr'>iterum</span> <span class='ocrx_word' id='word_1_330' title='bbox 1719 2806 1951 2875; x_wconf 89' lang='lat' dir='ltr'>ponitur</span> <span class='ocrx_word' id='word_1_331' title='bbox 1980 2806 2221 2860; x_wconf 83' lang='lat' dir='ltr'>relativo</span> <span class='ocrx_word' id='word_1_332' title='bbox 2243 2820 2360 2875; x_wconf 69' lang='lat' dir='ltr'>quo.</span> <span class='ocrx_word' id='word_1_333' title='bbox 2382 2804 2658 2860; x_wconf 85' lang='lat' dir='ltr'>Similiter</span> 
     </span>
     <span class='ocr_line' id='line_1_52' title="bbox 1503 2875 2656 2945; baseline 0.001 -14"><span class='ocrx_word' id='word_1_334' title='bbox 1503 2878 1615 2932; x_wconf 86' lang='lat' dir='ltr'>Cic.</span> <span class='ocrx_word' id='word_1_335' title='bbox 1642 2877 1730 2932; x_wconf 85' lang='lat' dir='ltr'>ad.</span> <span class='ocrx_word' id='word_1_336' title='bbox 1755 2876 1910 2932; x_wconf 87' lang='lat' dir='ltr'>Fam.</span> <span class='ocrx_word' id='word_1_337' title='bbox 1934 2877 2060 2939; x_wconf 84' lang='lat' dir='ltr'>VII,</span> <span class='ocrx_word' id='word_1_338' title='bbox 2082 2878 2141 2930; x_wconf 84' lang='lat'>2:</span> <span class='ocrx_word' id='word_1_339' title='bbox 2180 2875 2325 2945; x_wconf 87' lang='lat' dir='ltr'>„Sed</span> <span class='ocrx_word' id='word_1_340' title='bbox 2362 2892 2427 2931; x_wconf 88' lang='lat' dir='ltr'>eo</span> <span class='ocrx_word' id='word_1_341' title='bbox 2462 2876 2656 2933; x_wconf 82' lang='lat' dir='ltr'>vidisti</span> 
     </span>
     <span class='ocr_line' id='line_1_53' title="bbox 1501 2947 2655 3018; baseline -0.001 -15"><span class='ocrx_word' id='word_1_342' title='bbox 1501 2950 1741 3003; x_wconf 86' lang='lat' dir='ltr'>multum</span> <span class='ocrx_word' id='word_1_343' title='bbox 1769 2949 1921 3018; x_wconf 91' lang='lat' dir='ltr'>quod</span> <span class='ocrx_word' id='word_1_344' title='bbox 1946 2947 2278 3018; x_wconf 85' lang='lat' dir='ltr'>praefinisti,</span> <span class='ocrx_word' id='word_1_345' title='bbox 2306 2964 2415 3018; x_wconf 91' lang='lat' dir='ltr'>quo</span> <span class='ocrx_word' id='word_1_346' title='bbox 2440 2965 2512 3003; x_wconf 88' lang='lat' dir='ltr'>ne</span> <span class='ocrx_word' id='word_1_347' title='bbox 2531 2950 2655 3018; x_wconf 88' lang='lat' dir='ltr'>plu·</span> 
     </span>
     <span class='ocr_line' id='line_1_54' title="bbox 1501 3019 2648 3089; baseline 0 -15"><span class='ocrx_word' id='word_1_348' title='bbox 1501 3021 1582 3074; x_wconf 87' lang='lat' dir='ltr'>ris</span> <span class='ocrx_word' id='word_1_349' title='bbox 1621 3020 1915 3075; x_wconf 86' lang='lat' dir='ltr'>emerem.“</span> <span class='ocrx_word' id='word_1_350' title='bbox 1990 3020 2061 3075; x_wconf 85' lang='lat' dir='ltr'>cf.</span> <span class='ocrx_word' id='word_1_351' title='bbox 2100 3019 2216 3073; x_wconf 85' lang='lat' dir='ltr'>Sat.</span> <span class='ocrx_word' id='word_1_352' title='bbox 2254 3020 2325 3089; x_wconf 88' lang='lat' dir='ltr'>H,</span> <span class='ocrx_word' id='word_1_353' title='bbox 2364 3022 2417 3089; x_wconf 89' lang='lat'>8,</span> <span class='ocrx_word' id='word_1_354' title='bbox 2455 3020 2543 3074; x_wconf 86' lang='grc'>25.</span> <span class='ocrx_word' id='word_1_355' title='bbox 2584 3050 2648 3059; x_wconf 87' lang='lat'>--</span> 
     </span>
     <span class='ocr_line' id='line_1_55' title="bbox 1500 3092 2656 3162; baseline -0.001 -15"><span class='ocrx_word' id='word_1_356' title='bbox 1500 3092 1631 3162; x_wconf 74' lang='lat' dir='ltr'>Sed]</span> <span class='ocrx_word' id='word_1_357' title='bbox 1680 3092 1985 3162; x_wconf 86' lang='lat' dir='ltr'>opponitur</span> <span class='ocrx_word' id='word_1_358' title='bbox 2027 3092 2213 3145; x_wconf 84' lang='lat' dir='ltr'>verbis</span> <span class='ocrx_word' id='word_1_359' title='bbox 2253 3106 2445 3161; x_wconf 73' lang='lat' dir='ltr'>sequor</span> <span class='ocrx_word' id='word_1_360' title='bbox 2492 3092 2656 3147; x_wconf 64' lang='lat' dir='ltr'>hunc.</span> 
     </span>
     <span class='ocr_line' id='line_1_56' title="bbox 1503 3164 2654 3233; baseline 0 -15"><span class='ocrx_word' id='word_1_361' title='bbox 1503 3192 1571 3203; x_wconf 89' lang='lat'><em>-</em></span> <span class='ocrx_word' id='word_1_362' title='bbox 1597 3164 1770 3233; x_wconf 70' lang='lat' dir='ltr'>ultro]</span> <span class='ocrx_word' id='word_1_363' title='bbox 1804 3164 1841 3217; x_wconf 88' lang='lat' dir='ltr'>i.</span> <span class='ocrx_word' id='word_1_364' title='bbox 1881 3179 1927 3217; x_wconf 88' lang='lat' dir='ltr'>e.</span> <span class='ocrx_word' id='word_1_365' title='bbox 1968 3164 2075 3217; x_wconf 89' lang='lat' dir='ltr'>nisi</span> <span class='ocrx_word' id='word_1_366' title='bbox 2111 3164 2235 3231; x_wconf 85' lang='lat' dir='ltr'>quis</span> <span class='ocrx_word' id='word_1_367' title='bbox 2269 3180 2359 3217; x_wconf 88' lang='lat' dir='ltr'>me</span> <span class='ocrx_word' id='word_1_368' title='bbox 2386 3180 2654 3232; x_wconf 80' lang='lat' dir='ltr'>provoca·</span> 
     </span>
     <span class='ocr_line' id='line_1_57' title="bbox 1501 3234 2658 3302; baseline 0.002 -15"><span class='ocrx_word' id='word_1_369' title='bbox 1501 3235 1605 3302; x_wconf 83' lang='lat' dir='ltr'>vit,</span> <span class='ocrx_word' id='word_1_370' title='bbox 1642 3252 1756 3289; x_wconf 89' lang='lat' dir='ltr'>non</span> <span class='ocrx_word' id='word_1_371' title='bbox 1794 3235 2015 3289; x_wconf 87' lang='lat' dir='ltr'>iniuriis</span> <span class='ocrx_word' id='word_1_372' title='bbox 2062 3234 2159 3289; x_wconf 90' lang='lat' dir='ltr'>sed</span> <span class='ocrx_word' id='word_1_373' title='bbox 2204 3234 2361 3289; x_wconf 84' lang='lat' dir='ltr'>vitiis</span> <span class='ocrx_word' id='word_1_374' title='bbox 2407 3235 2521 3289; x_wconf 88' lang='lat' dir='ltr'>suis</span> <span class='ocrx_word' id='word_1_375' title='bbox 2558 3239 2658 3289; x_wconf 88' lang='lat' dir='ltr'>aut</span> 
     </span>
     <span class='ocr_line' id='line_1_58' title="bbox 1503 3305 2661 3377; baseline 0.002 -18"><span class='ocrx_word' id='word_1_376' title='bbox 1503 3306 1745 3360; x_wconf 87' lang='lat' dir='ltr'>ridicula</span> <span class='ocrx_word' id='word_1_377' title='bbox 1790 3306 1992 3377; x_wconf 81' lang='lat' dir='ltr'>agendi</span> <span class='ocrx_word' id='word_1_378' title='bbox 2037 3310 2095 3360; x_wconf 87' lang='lat' dir='ltr'>et</span> <span class='ocrx_word' id='word_1_379' title='bbox 2142 3305 2371 3361; x_wconf 82' lang='lat' dir='ltr'>vivendi</span> <span class='ocrx_word' id='word_1_380' title='bbox 2420 3306 2661 3361; x_wconf 85' lang='lat' dir='ltr'>ratione.</span> 
     </span>
     <span class='ocr_line' id='line_1_59' title="bbox 1502 3375 2657 3447; baseline 0 -16"><span class='ocrx_word' id='word_1_381' title='bbox 1502 3378 1684 3447; x_wconf 81' lang='lat' dir='ltr'>Epist.</span> <span class='ocrx_word' id='word_1_382' title='bbox 1710 3377 1781 3441; x_wconf 84' lang='lat'>11,</span> <span class='ocrx_word' id='word_1_383' title='bbox 1806 3380 1859 3447; x_wconf 90' lang='grc'>2,</span> <span class='ocrx_word' id='word_1_384' title='bbox 1882 3379 2001 3431; x_wconf 89' lang='grc'><strong>107.</strong></span> <span class='ocrx_word' id='word_1_385' title='bbox 2028 3378 2099 3445; x_wconf 91' lang='grc' dir='ltr'>Π,</span> <span class='ocrx_word' id='word_1_386' title='bbox 2125 3380 2175 3447; x_wconf 92' lang='grc'>1,</span> <span class='ocrx_word' id='word_1_387' title='bbox 2199 3378 2323 3430; x_wconf 86' lang='grc'><strong>227.</strong></span> <span class='ocrx_word' id='word_1_388' title='bbox 2363 3375 2478 3431; x_wconf 88' lang='lat' dir='ltr'>Sat.</span> <span class='ocrx_word' id='word_1_389' title='bbox 2504 3377 2575 3443; x_wconf 91' lang='lat'>11,</span> <span class='ocrx_word' id='word_1_390' title='bbox 2606 3378 2657 3447; x_wconf 87' lang='grc'>3,</span> 
     </span>
     <span class='ocr_line' id='line_1_60' title="bbox 1505 3448 2657 3504; baseline 0 -1"><span class='ocrx_word' id='word_1_391' title='bbox 1505 3452 1627 3504; x_wconf 87' lang='grc'>262.</span> <span class='ocrx_word' id='word_1_392' title='bbox 1702 3448 1877 3504; x_wconf 78' lang='lat' dir='ltr'>Stilus</span> <span class='ocrx_word' id='word_1_393' title='bbox 1914 3450 2349 3504; x_wconf 81' lang='lat' dir='ltr'>instrumentum</span> <span class='ocrx_word' id='word_1_394' title='bbox 2399 3454 2485 3503; x_wconf 88' lang='lat' dir='ltr'>est</span> <span class='ocrx_word' id='word_1_395' title='bbox 2522 3450 2657 3504; x_wconf 84' lang='lat' dir='ltr'>scri-</span> 
     </span>
     <span class='ocr_line' id='line_1_61' title="bbox 1503 3520 2659 3591; baseline 0 -16"><span class='ocrx_word' id='word_1_396' title='bbox 1503 3522 1773 3591; x_wconf 86' lang='lat' dir='ltr'>ptorium,</span> <span class='ocrx_word' id='word_1_397' title='bbox 1800 3520 2045 3575; x_wconf 84' lang='lat' dir='ltr'>ferreum</span> <span class='ocrx_word' id='word_1_398' title='bbox 2068 3521 2159 3575; x_wconf 81' lang='lat' dir='ltr'>vel</span> <span class='ocrx_word' id='word_1_399' title='bbox 2184 3538 2435 3587; x_wconf 89' lang='lat' dir='ltr'>aeneum,</span> <span class='ocrx_word' id='word_1_400' title='bbox 2461 3538 2570 3590; x_wconf 92' lang='lat' dir='ltr'>quo</span> <span class='ocrx_word' id='word_1_401' title='bbox 2598 3522 2659 3575; x_wconf 91' lang='lat' dir='ltr'>in</span> 
     </span>
     <span class='ocr_line' id='line_1_62' title="bbox 1505 3592 2657 3663; baseline -0.001 -15"><span class='ocrx_word' id='word_1_402' title='bbox 1505 3594 1708 3649; x_wconf 87' lang='lat' dir='ltr'>ceratis</span> <span class='ocrx_word' id='word_1_403' title='bbox 1772 3592 1981 3647; x_wconf 87' lang='lat' dir='ltr'>tabulis</span> <span class='ocrx_word' id='word_1_404' title='bbox 2033 3596 2251 3647; x_wconf 82' lang='lat' dir='ltr'>veteres</span> <span class='ocrx_word' id='word_1_405' title='bbox 2310 3593 2657 3663; x_wconf 79' lang='lat' dir='ltr'>scribebant3</span> 
     </span>
     <span class='ocr_line' id='line_1_63' title="bbox 1505 3664 2657 3735; baseline 0 -16"><span class='ocrx_word' id='word_1_406' title='bbox 1505 3667 1677 3720; x_wconf 84' lang='lat' dir='ltr'>etiam</span> <span class='ocrx_word' id='word_1_407' title='bbox 1701 3664 1991 3735; x_wconf 61' lang='lat' dir='ltr'>melphium</span> <span class='ocrx_word' id='word_1_408' title='bbox 2019 3664 2352 3733; x_wconf 85' lang='lat' dir='ltr'>appellatur.</span> <span class='ocrx_word' id='word_1_409' title='bbox 2386 3664 2505 3719; x_wconf 81' lang='lat' dir='ltr'>Nec</span> <span class='ocrx_word' id='word_1_410' title='bbox 2526 3682 2657 3719; x_wconf 84' lang='lat' dir='ltr'>raro</span> 
     </span>
     <span class='ocr_line' id='line_1_64' title="bbox 1505 3736 2657 3807; baseline -0.001 -16"><span class='ocrx_word' id='word_1_411' title='bbox 1505 3738 1812 3791; x_wconf 84' lang='lat' dir='ltr'>utebantur</span> <span class='ocrx_word' id='word_1_412' title='bbox 1834 3754 1939 3807; x_wconf 83' lang='lat' dir='ltr'>gra</span> <span class='ocrx_word' id='word_1_413' title='bbox 1979 3736 2073 3790; x_wconf 86' lang='lat' dir='ltr'>hio</span> <span class='ocrx_word' id='word_1_414' title='bbox 2110 3736 2197 3791; x_wconf 84' lang='lat' dir='ltr'>vel</span> <span class='ocrx_word' id='word_1_415' title='bbox 2232 3736 2364 3790; x_wconf 84' lang='lat' dir='ltr'>stilo</span> <span class='ocrx_word' id='word_1_416' title='bbox 2398 3752 2501 3805; x_wconf 84' lang='lat' dir='ltr'>pro</span> <span class='ocrx_word' id='word_1_417' title='bbox 2539 3754 2657 3790; x_wconf 90' lang='lat' dir='ltr'>mu·-</span> 
     </span>
     <span class='ocr_line' id='line_1_65' title="bbox 1505 3806 2657 3877; baseline -0.004 -13"><span class='ocrx_word' id='word_1_418' title='bbox 1505 3826 1688 3873; x_wconf 86' lang='lat' dir='ltr'>crone,</span> <span class='ocrx_word' id='word_1_419' title='bbox 1724 3809 1901 3862; x_wconf 87' lang='lat' dir='ltr'>veluti</span> <span class='ocrx_word' id='word_1_420' title='bbox 1976 3822 2137 3862; x_wconf 79' lang='lat' dir='ltr'>aesar</span> <span class='ocrx_word' id='word_1_421' title='bbox 2174 3808 2284 3877; x_wconf 88' lang='lat' dir='ltr'>(ap.</span> <span class='ocrx_word' id='word_1_422' title='bbox 2314 3806 2541 3863; x_wconf 83' lang='lat' dir='ltr'>Sueton.</span> <span class='ocrx_word' id='word_1_423' title='bbox 2568 3808 2657 3873; x_wconf 87' lang='grc'>82)</span> 
     </span>
     <span class='ocr_line' id='line_1_66' title="bbox 1507 3878 2661 3949; baseline -0.003 -14"><span class='ocrx_word' id='word_1_424' title='bbox 1507 3880 1682 3936; x_wconf 85' lang='lat' dir='ltr'>Cassii</span> <span class='ocrx_word' id='word_1_425' title='bbox 1723 3880 2046 3934; x_wconf 85' lang='lat' dir='ltr'>bracchium</span> <span class='ocrx_word' id='word_1_426' title='bbox 2094 3884 2381 3949; x_wconf 85' lang='lat' dir='ltr'>arreptum</span> <span class='ocrx_word' id='word_1_427' title='bbox 2427 3878 2661 3949; x_wconf 64' lang='lat' dir='ltr'>graphio</span> 
     </span>
     <span class='ocr_line' id='line_1_67' title="bbox 1504 3950 2657 4021; baseline -0.003 -14"><span class='ocrx_word' id='word_1_428' title='bbox 1504 3952 1747 4014; x_wconf 85' lang='lat' dir='ltr'>traiecit,</span> <span class='ocrx_word' id='word_1_429' title='bbox 1788 3955 1845 4005; x_wconf 87' lang='lat' dir='ltr'>et</span> <span class='ocrx_word' id='word_1_430' title='bbox 1884 3950 2140 4021; x_wconf 75' lang='lat' dir='ltr'>Caligula</span> <span class='ocrx_word' id='word_1_431' title='bbox 2178 3950 2350 4017; x_wconf 88' lang='lat' dir='ltr'>(Suet.</span> <span class='ocrx_word' id='word_1_432' title='bbox 2388 3950 2481 4020; x_wconf 85' lang='grc'>28)</span> <span class='ocrx_word' id='word_1_433' title='bbox 2532 3951 2657 4004; x_wconf 86' lang='lat' dir='ltr'>sub·</span> 
     </span>
     <span class='ocr_line' id='line_1_68' title="bbox 1506 4021 2654 4091; baseline -0.003 -12"><span class='ocrx_word' id='word_1_434' title='bbox 1506 4024 1747 4091; x_wconf 83' lang='lat' dir='ltr'>ornavit,</span> <span class='ocrx_word' id='word_1_435' title='bbox 1799 4023 1898 4091; x_wconf 91' lang='lat' dir='ltr'>qui</span> <span class='ocrx_word' id='word_1_436' title='bbox 1936 4025 2267 4091; x_wconf 81' lang='lat' dir='ltr'>senatorem,</span> <span class='ocrx_word' id='word_1_437' title='bbox 2324 4039 2488 4091; x_wconf 85' lang='lat' dir='ltr'>quem</span> <span class='ocrx_word' id='word_1_438' title='bbox 2544 4021 2654 4076; x_wconf 83' lang='lat' dir='ltr'>dis·</span> 
     </span>
     <span class='ocr_line' id='line_1_69' title="bbox 1506 4094 2659 4165; baseline -0.004 -14"><span class='ocrx_word' id='word_1_439' title='bbox 1506 4096 1658 4165; x_wconf 83' lang='lat' dir='ltr'>cerpi</span> <span class='ocrx_word' id='word_1_440' title='bbox 1716 4094 2091 4164; x_wconf 84' lang='lat' dir='ltr'>concupisset,</span> <span class='ocrx_word' id='word_1_441' title='bbox 2144 4094 2477 4148; x_wconf 82' lang='lat' dir='ltr'>invaderent</span> <span class='ocrx_word' id='word_1_442' title='bbox 2524 4094 2659 4163; x_wconf 71' lang='lat' dir='ltr'>&#39;yra-</span> 
     </span>
     <span class='ocr_line' id='line_1_70' title="bbox 1501 4164 2659 4237; baseline -0.003 -15"><span class='ocrx_word' id='word_1_443' title='bbox 1501 4166 1763 4237; x_wconf 67' lang='lat' dir='ltr'>pmisque</span> <span class='ocrx_word' id='word_1_444' title='bbox 1806 4166 2122 4221; x_wconf 83' lang='lat' dir='ltr'>confossum</span> <span class='ocrx_word' id='word_1_445' title='bbox 2166 4164 2527 4220; x_wconf 84' lang='lat' dir='ltr'>lacerandum</span> <span class='ocrx_word' id='word_1_446' title='bbox 2575 4181 2659 4219; x_wconf 89' lang='lat' dir='ltr'>ce·</span> 
     </span>
     <span class='ocr_line' id='line_1_71' title="bbox 1505 4238 1983 4293; baseline -0.008 0"><span class='ocrx_word' id='word_1_447' title='bbox 1505 4238 1643 4293; x_wconf 87' lang='lat' dir='ltr'>teris</span> <span class='ocrx_word' id='word_1_448' title='bbox 1676 4238 1983 4293; x_wconf 84' lang='lat' dir='ltr'>traderent.</span> 
     </span>
    </p>

    <p class='ocr_par' dir='ltr' id='par_1_10' title="bbox 1505 4307 2662 4661">
     <span class='ocr_line' id='line_1_72' title="bbox 1576 4307 2661 4378; baseline -0.001 -15"><span class='ocrx_word' id='word_1_449' title='bbox 1576 4311 1643 4366; x_wconf 89' lang='lat' dir='ltr'>V.</span> <span class='ocrx_word' id='word_1_450' title='bbox 1676 4313 1760 4365; x_wconf 88' lang='lat'>40.</span> <span class='ocrx_word' id='word_1_451' title='bbox 1816 4309 1978 4378; x_wconf 74' lang='lat' dir='ltr'>ensis]</span> <span class='ocrx_word' id='word_1_452' title='bbox 2018 4307 2136 4362; x_wconf 83' lang='lat' dir='ltr'>Iuv.</span> <span class='ocrx_word' id='word_1_453' title='bbox 2181 4310 2225 4371; x_wconf 93' lang='lat'>1,</span> <span class='ocrx_word' id='word_1_454' title='bbox 2268 4308 2397 4361; x_wconf 83' lang='lat'>165:</span> <span class='ocrx_word' id='word_1_455' title='bbox 2473 4307 2661 4377; x_wconf 85' lang='lat' dir='ltr'>„Ense</span> 
     </span>
     <span class='ocr_line' id='line_1_73' title="bbox 1507 4378 2658 4450; baseline -0.003 -13"><span class='ocrx_word' id='word_1_456' title='bbox 1507 4382 1663 4437; x_wconf 83' lang='lat' dir='ltr'>velut</span> <span class='ocrx_word' id='word_1_457' title='bbox 1678 4381 1876 4436; x_wconf 86' lang='lat' dir='ltr'>stricto</span> <span class='ocrx_word' id='word_1_458' title='bbox 1899 4380 2156 4450; x_wconf 88' lang='lat' dir='ltr'>quotiens</span> <span class='ocrx_word' id='word_1_459' title='bbox 2181 4378 2431 4433; x_wconf 88' lang='lat' dir='ltr'>Lucilius</span> <span class='ocrx_word' id='word_1_460' title='bbox 2457 4380 2658 4434; x_wconf 87' lang='lat' dir='ltr'>ardens</span> 
     </span>
     <span class='ocr_line' id='line_1_74' title="bbox 1506 4450 2662 4521; baseline -0.002 -14"><span class='ocrx_word' id='word_1_461' title='bbox 1506 4452 1857 4509; x_wconf 74' lang='lat' dir='ltr'>Instemuit.“</span> <span class='ocrx_word' id='word_1_462' title='bbox 1882 4482 1949 4492; x_wconf 89' lang='lat'>—</span> <span class='ocrx_word' id='word_1_463' title='bbox 1963 4450 2229 4521; x_wconf 74' lang='lat' dir='ltr'>positum]</span> <span class='ocrx_word' id='word_1_464' title='bbox 2257 4451 2325 4505; x_wconf 81' lang='lat' dir='ltr'>cf.</span> <span class='ocrx_word' id='word_1_465' title='bbox 2352 4450 2531 4505; x_wconf 85' lang='lat' dir='ltr'>Carm.</span> <span class='ocrx_word' id='word_1_466' title='bbox 2561 4451 2662 4521; x_wconf 91' lang='lat'>111,</span> 
     </span>
     <span class='ocr_line' id='line_1_75' title="bbox 1505 4522 2656 4594; baseline -0.001 -16"><span class='ocrx_word' id='word_1_467' title='bbox 1505 4527 1557 4587; x_wconf 83' lang='lat'>4,</span> <span class='ocrx_word' id='word_1_468' title='bbox 1578 4526 1664 4580; x_wconf 84' lang='lat'>60.</span> <span class='ocrx_word' id='word_1_469' title='bbox 1704 4554 1770 4565; x_wconf 93' lang='lat'>—</span> <span class='ocrx_word' id='word_1_470' title='bbox 1803 4524 1973 4594; x_wconf 71' lang='lat' dir='ltr'>flebit]</span> <span class='ocrx_word' id='word_1_471' title='bbox 2011 4522 2191 4592; x_wconf 87' lang='lat' dir='ltr'>Epod.</span> <span class='ocrx_word' id='word_1_472' title='bbox 2230 4522 2281 4591; x_wconf 81' lang='lat'>6,</span> <span class='ocrx_word' id='word_1_473' title='bbox 2320 4524 2406 4577; x_wconf 90' lang='grc'>16.</span> <span class='ocrx_word' id='word_1_474' title='bbox 2458 4522 2574 4578; x_wconf 86' lang='lat' dir='ltr'>Sat.</span> <span class='ocrx_word' id='word_1_475' title='bbox 2612 4524 2656 4591; x_wconf 91' lang='grc' dir='ltr'>Ι,</span> 
     </span>
     <span class='ocr_line' id='line_1_76' title="bbox 1512 4594 2661 4661; baseline 0.002 -12"><span class='ocrx_word' id='word_1_476' title='bbox 1512 4596 1595 4661; x_wconf 89' lang='lat'>10,</span> <span class='ocrx_word' id='word_1_477' title='bbox 1632 4598 1721 4651; x_wconf 82' lang='lat'>91.</span> <span class='ocrx_word' id='word_1_478' title='bbox 1794 4594 2030 4651; x_wconf 64' lang='lat' dir='ltr'>Camari</span> <span class='ocrx_word' id='word_1_479' title='bbox 2075 4599 2261 4651; x_wconf 82' lang='lat' dir='ltr'>autem</span> <span class='ocrx_word' id='word_1_480' title='bbox 2312 4594 2383 4651; x_wconf 85' lang='lat' dir='ltr'>de</span> <span class='ocrx_word' id='word_1_481' title='bbox 2421 4595 2569 4651; x_wconf 83' lang='lat' dir='ltr'>bona</span> <span class='ocrx_word' id='word_1_482' title='bbox 2603 4599 2661 4651; x_wconf 82' lang='lat' dir='ltr'>et</span> 
     </span>
    </p>
   </div>
  </div>
 </body>
</html>
