3092 5059
343 236 424 306 68
973 220 988 243 ⁸
1309 234 1765 307 CARMINUM

639 424 882 503 Iactes
935 440 1012 503 et
1061 451 1306 525 genus
1359 440 1434 503 et
1479 450 1761 503 nomen
1814 423 2121 519 inutile;

641 550 772 626 Nil
815 553 1040 649 pictis
1092 551 1408 628 timidus
1457 552 1717 627 navita
1768 549 2154 649 puppibus

560 709 610 751 ω
743 675 977 752 Fidit.

1079 677 1197 751 Tu
1249 675 1400 753 nisi
1447 676 1695 751 ventis

837 800 1088 878 Debes
1142 800 1573 877 ludibrium
1625 824 1833 877 eave.

640 950 907 1051 Nuper
953 950 1372 1027 sollicitum
1419 975 1619 1049 quae
1676 948 1871 1027 mihi
1918 948 2287 1043 taedium,

633 1074 705 1149 N
707 1101 854 1151 une
905 1075 1376 1152 desiderium
1429 1099 1766 1174 curaque
1814 1099 1971 1150 non
2019 1072 2237 1169 levis,

739 1200 1125 1277 Interfusa
1173 1203 1502 1277 nitentes

562 1354 616 1401 ω
847 1328 1067 1405 Vites
1118 1354 1458 1429 aequora
1512 1326 1916 1427 Cycladas.

1244 1651 1629 1737 OARMEN
1686 1650 1861 1737 XV.

646 1816 914 1893 Pastor
957 1844 1130 1893 eum
1182 1817 1523 1893 traheret
1576 1843 1715 1914 per
1769 1818 1971 1892 freta
2021 1815 2344 1891 navibus

643 1940 898 2017 Idaeis
944 1942 1296 2017 Helenen
1347 1941 1688 2043 perfidus
1741 1941 2149 2037 hospitam,

344 2174 477 2211 mox
512 2157 721 2212 dieitur
755 2158 899 2213 silva
932 2158 1156 2225 nobaia
1208 2160 1288 2213 sie
1341 2159 1490 2213 enim

344 2229 518 2283 verbs
575 2230 778 2283 coniun
819 2229 962 2284 ends
1021 2234 1167 2295 sunt,
1221 2248 1337 2285 non
1369 2230 1492 2298 filia

342 2300 560 2355 nobilis.
584 2298 754 2355 Mart.
779 2301 826 2353 J
859 2301 926 2365 V,
951 2302 1024 2355 90
1045 2302 1118 2356 de
1143 2320 1335 2357 mensa
1359 2301 1489 2371 „sil-

338 2388 442 2426 vae
459 2370 579 2425 filia
600 2370 880 2426 Maurae.“
902 2400 969 2412 —
991 2373 1186 2442 iactas]
1207 2373 1371 2429 Ovid.
1385 2372 1488 2427 He-

341 2442 484 2496 roid.
511 2444 595 2511 16,
617 2447 712 2498 51:
750 2443 862 2512 „Et
885 2460 1060 2513 genus
1085 2450 1144 2499 et
1169 2462 1406 2513 proavos
1433 2450 1490 2499 et

339 2515 498 2583 regin
531 2515 760 2569 nomina.
789 2515 1016 2569 iaetas.“
1059 2546 1126 2555 —
1157 2517 1327 2585 pictis
1343 2532 1488 2587 pup-

331 2585 523 2655 pibus]
580 2584 760 2641 Naves
797 2586 988 2640 induci
1025 2588 1278 2641 solebant
1316 2588 1490 2643 variis

341 2656 634 2711 coloribus.
674 2657 965 2713 Sententia
990 2658 1170 2727 docet,
1195 2664 1489 2714 externum

340 2727 694 2796 splendorem
751 2730 894 2783 nihil
953 2730 1220 2785 adiuvere
1271 2731 1369 2785 nbi
1405 2731 1488 2784 in-

339 2803 534 2853 ternae
569 2801 718 2855 vires
756 2801 970 2856 fractae
1005 2802 1136 2856 sint.
1165 2830 1226 2841 -——
1263 2804 1346 2857 Τιι
1374 2804 1491 2857 nisi

339 2870 536 2940 ventis]
595 2872 662 2925 In
706 2871 812 2927 hae
865 2874 1146 2928 sententia
1199 2874 1488 2943 interpun-

340 2941 584 3011 gendum
622 2959 736 2997 non
758 2949 867 2998 est:
905 2962 1036 2999 nsm
1073 2944 1366 3000 ludibrium
1391 2962 1487 2999 vo-

342 3013 461 3067 cab.
514 3014 595 3069 ita
649 3015 798 3070 inter
853 3015 964 3069 duo
1009 3016 1186 3071 verbs
1240 3016 1488 3086 positum

343 3090 445 3151 est,
497 3090 562 3139 ut
609 3104 676 3141 ex
725 3086 1182 3156 frequentissima
1237 3094 1486 3143 constru-

342 3156 526 3211 etione
561 3152 676 3211 ἀπὸ
714 3160 898 3213 κοινοῦ
935 3160 1159 3229 utrique
1183 3160 1487 3215 obnoxium

339 3226 445 3297 sit3
469 3229 580 3283 nisi
603 3230 785 3285 ventis
809 3229 1116 3285 ludibrium
1143 3231 1329 3299 debes,
1355 3248 1489 3287 cave

339 3299 666 3355 ludibrium.
713 3302 979 3356 Debemus
1015 3307 1202 3357 sutem
1241 3320 1306 3357 es
1345 3320 1488 3373 quae

340 3370 476 3425 fatis
536 3372 698 3427 nobis
761 3373 1042 3428 destinata
1101 3379 1252 3428 sunt.
1324 3374 1486 3429 Ovid.

342 3442 474 3497 Met.
509 3443 628 3509 XV,
654 3446 779 3499 444.
809 3474 878 3485 -
915 3444 1177 3514 taedium]
1215 3445 1488 3501 Similiter

344 3514 506 3569 ovid.
541 3515 677 3569 Met.
714 3516 759 3582 Ι,
783 3518 914 3570 654:
956 3516 1073 3586 „Tu
1111 3534 1224 3571 non
1261 3519 1490 3573 invente

343 3590 566 3725 {3323
597 3586 998 3715 Quini&
1007 3589 1028 3642 ¹
1031 3589 1346 3730 maz...]
1387 3588 1487 3715 Ξὲ·

341 3728 646 3794 minantur,
680 3730 812 3800 quis.
847 3749 1004 3787 mere
1036 3734 1324 3803 Aegaeum
1361 3749 1488 3802 pro-

343 3799 606 3855 cellosum
644 3806 728 3856 est
764 3807 822 3856 et
847 3803 1250 3873 periculosum3
1286 3804 1490 3859 deinde

343 3871 450 3925 hoe
468 3889 688 3941 quoque
719 3872 956 3929 fortasse
976 3876 1208 3937 aceedit.
1231 3876 1380 3945 quod
1405 3877 1487 3929 in-

343 3948 432 3997 ter
459 3944 860 4000 occidentalem
898 3951 957 4001 et
993 3948 1323 4002 orientalem
1358 3965 1488 4017 par·

342 4018 458 4070 tem
477 4016 698 4086 imperii
723 4018 892 4071 situm
911 4024 1050 4087 erat,
1078 4019 1176 4072 ubi
1197 4020 1489 4088 utriusque

343 4088 520 4156 partis
561 4088 748 4157 oopiss
799 4089 945 4143 inter
991 4107 1049 4143 se
1095 4107 1488 4160 congressuras

344 4176 461 4213 esse
509 4160 721 4229 sperari
767 4162 971 4230 potuit.
1009 4190 1075 4201 -
1123 4160 1374 4231 nitentes]
1415 4162 1488 4215 ob

343 4230 580 4286 eandida
650 4231 926 4302 longeque
991 4234 1288 4301 eonspieus
1344 4250 1487 4289 mar·

343 4318 531 4371 mors3
573 4302 643 4356 cf.
682 4302 862 4357 Csrm.
897 4302 1000 4371 111,
1036 4304 1124 4370 28,
1165 4306 1248 4357 14.

699 4374 979 4429 Carmen
1015 4374 1134 4429 XV.

415 4446 828 4514 Argumentum
861 4445 1024 4500 huius
1049 4446 1310 4501 carminis
1339 4464 1484 4501 sum-

384 4518 504 4568 tum
541 4520 626 4569 est
661 4534 730 4571 ex
767 4516 976 4571 fabulis
999 4516 1225 4572 Graecis
1243 4516 1314 4571 de
1336 4516 1487 4573 bello

395 4586 605 4641 roiano.
653 4586 798 4641 Nem
818 4586 1103 4657 Horatius,
1129 4606 1292 4658 quem
1319 4588 1486 4645 Grae—

1592 2158 1671 2213 eis
1706 2157 1915 2213 litteris
1958 2158 2197 2211 multem
2232 2174 2463 2226 operam
2506 2174 2755 2212 navasse

1592 2226 2751 2355 332⁸21222330333ff..nemnem

1592 2371 1807 2441 (Odyss.
1829 2372 1925 2441 IV,
1944 2372 2222 2443 ssorum),
2258 2372 2403 2425 illud
2424 2372 2751 2440 exemplum

1590 2445 1731 2499 bene
1768 2462 1826 2499 se
1872 2444 2226 2498 imitaturum
2268 2443 2509 2498 fortasse
2553 2460 2749 2511 spera.-

1591 2516 1693 2582 vit,
1722 2534 1848 2570 eum
1868 2514 2145 2580 Paridem,
2162 2514 2411 2570 Helenae
2432 2518 2748 2585 raptorem,

1590 2592 1645 2642 et
1692 2586 1952 2656 Nerenm,
2002 2588 2169 2642 deum
2213 2587 2510 2654 marinum,
2566 2586 2750 2640 simili

1592 2659 1825 2713 consilio
1860 2662 2235 2729 componeret.
2289 2658 2551 2713 Fortasse
2588 2664 2751 2713 reete

1590 2730 1873 2799 viderunt,
1929 2732 2027 2800 qui
2076 2730 2404 2801 allegoriam
2458 2728 2751 2800 quandem

1590 2802 1659 2857 de
1697 2802 1947 2856 Antonio
1984 2806 2043 2857 et
2064 2802 2360 2871 Cleopatra.
2394 2802 2457 2855 in
2492 2800 2751 2855 carmine

1590 2874 1770 2928 inesse
1806 2878 2092 2943 putarent.
2168 2872 2355 2928 Media
2402 2872 2565 2927 huius
2603 2888 2749 2942 quo-

1591 2962 1699 3015 que
1747 2945 2012 3000 carminis
2058 2945 2291 3015 stropha
2336 2960 2609 2999 summam
2656 2944 2751 2997 rei

1592 3016 1855 3071 ostendit.
1928 3017 2073 3072 Nam
2136 3016 2331 3086 „nihil,
2395 3016 2581 3085 inquit
2633 3014 2749 3069 Ne-

1590 3106 1718 3143 reus
1734 3128 1747 3155 ,
1806 3088 1867 3141 in
1927 3106 2117 3159 pugne
2182 3087 2335 3144 valet
2400 3086 2581 3141 forma
2640 3092 2751 3141 sut

1592 3164 1807 3227 cantus,
1854 3160 2057 3229 quibus
2102 3160 2163 3213 in
2208 3159 2477 3213 thalamis
2514 3158 2750 3212 mulier-

1592 3232 1767 3299 culae,
1822 3246 1935 3285 non
1986 3234 2048 3286 in
2091 3230 2301 3300 eampis
2338 3230 2460 3285 -viri
2512 3231 2748 3284 vineun-

1590 3308 1702 3358 tur.
1773 3300 2009 3372 Peribis,
2062 3307 2121 3357 et
2177 3307 2365 3357 tamen
2414 3318 2539 3356 sero
2594 3302 2746 3370 peri-

1590 3375 1729 3429 bis.“
1806 3373 1899 3428 Sic
1946 3376 2289 3429 vaticinatur
2332 3380 2518 3443 poeta,
2575 3389 2749 3441 quem

1592 3446 1805 3501 exitum
1821 3446 2101 3501 Antonius
2136 3446 2431 3501 habiturus
2468 3445 2559 3499 sit.
2596 3443 2749 3498 Seri-

1589 3522 1753 3587 ptum
1808 3517 1985 3587 igitur
2032 3534 2259 3573 esrmen
2308 3516 2532 3571 videtur
2576 3514 2749 3570 initio

1592 3590 1723 3643 anni
1748 3590 1873 3656 723,
1910 3606 2038 3644 cum
2060 3590 2337 3644 Antonius
2375 3588 2589 3643 bellum
2624 3604 2748 3642 mo-

1590 3661 1809 3717 liretur.
1858 3660 2118 3726 Ceterum
2155 3660 2470 3731 Porphyrio
2506 3658 2747 3714 scholis.-

1590 3738 1703 3787 stes
1742 3732 2059 3793 adnotavit.
2094 3733 2383 3787 imitatum
2418 3748 2536 3786 esse
2559 3730 2753 3785 Hora.-

1589 3805 1732 3859 tium
1772 3804 2124 3873 Bseohylidis
2150 3804 2348 3859 Graeci
2386 3807 2588 3873 poetae
2622 3818 2751 3857 esr-

1590 3894 1738 4001 iFen,
1779 3876 1837 3959 in
1873 3892 1984 4001 quto
2005 3875 2315 4001 §neganda
2352 3876 2567 3931 exitum
2602 3874 2747 3929 belli

1638 3965 1821 4002 roiam
1858 3964 1931 4003 vs
1958 3965 2107 4002 loma
2146 3966 2179 4002 a
2208 3964 2291 4001 ur.

1663 4018 1727 4073 V.
1770 4022 1818 4071 1.
1865 4019 2124 4087 traheret]
2178 4018 2425 4091 Egregie
2478 4017 2585 4072 hoe
2622 4034 2749 4071 ver-

1590 4091 1725 4145 bum
1774 4090 2023 4160 positum
2068 4094 2155 4145 est
2198 4094 2263 4145 ut
2302 4106 2502 4160 graece
2538 4088 2747 4158 ἓλκεινς

1590 4180 1724 4216 nam
1758 4163 1980 4217 etiamsi
2021 4160 2239 4217 Helena
2276 4164 2475 4230 sponte
2512 4178 2611 4214 sus
2636 4158 2747 4214 Pa-

1592 4234 1773 4288 ridem
1810 4238 1999 4288 secuta
2036 4251 2153 4288 esse
2186 4231 2413 4301 dieitur,
2449 4231 2749 4286 blanditiis

1593 4311 1780 4360 tamen
1818 4308 1877 4359 et
1910 4304 2059 4359 mals
2088 4308 2213 4359 arte
2249 4308 2415 4373 rapta
2451 4307 2566 4371 est3
2606 4319 2749 4373 qua-

1588 4382 1823 4446 propter
1884 4376 1945 4430 in
2004 4377 2114 4431 hoc
2172 4376 2345 4430 verbo
2405 4378 2463 4429 et
2523 4374 2583 4428 in
2652 4373 2749 4429 his

1582 4446 1829 4517 perfidus
1864 4444 2137 4517 hospitam
2187 4446 2439 4503 eonsulto
2480 4447 2563 4501 sio
2595 4447 2751 4515 posi-

1588 4518 1663 4574 tis
1724 4523 1782 4574 et
1840 4518 1990 4573 inter
2048 4536 2106 4574 se
2169 4519 2327 4589 qussi
2390 4516 2747 4573 eertsntibus

1590 4589 1805 4645 crimen
1842 4591 1983 4645 latet
2020 4596 2077 4645 et
2115 4592 2275 4661 origo
2314 4590 2564 4645 omnium
2602 4587 2749 4644 Tro-
