3092 5059
1048 263 1210 330 LIB.
1256 263 1337 330 ΙΙ.
1380 262 1651 330 EPIST.
1693 265 1746 328 Ι.
1789 264 1875 331 ΙΙ.

2535 261 2660 328 595

366 451 559 529 Cum
615 453 987 549 scriptore
1040 479 1211 529 meo
1270 479 1499 553 capsa
1551 465 1946 548 porrectus
2001 464 2266 550 aperta

366 578 697 654 Deferar
748 579 827 653 in
872 579 1128 654 vicum
1181 577 1642 654 vendentem
1695 591 1814 654 tus
1867 591 1946 654 et
1993 577 2268 652 odores

366 702 461 775 Et
510 704 739 799 piper
792 716 867 780 et
920 703 1288 803 quicquid
1341 703 1621 778 chartis
1674 704 2032 779 amicitur
2081 703 2382 802 ineptis.

1142 1043 1598 1128 Epls'rULA
1671 1043 1776 1127 ΙΙ.

366 1204 620 1322 Flore,
678 1207 883 1280 bono
938 1206 1303 1306 claroque
1350 1207 1605 1284 fidelis
1659 1209 1904 1286 amice
1955 1208 2266 1305 Neroni,

368 1330 449 1407 Si
504 1333 675 1430 quis
728 1333 930 1407 forte
985 1332 1173 1407 velit
1222 1359 1544 1431 puerum
1602 1334 1742 1408 tibi
1797 1333 2130 1409 vendere
2182 1347 2445 1409 natum

367 1456 653 1530 Tibure
703 1457 828 1532 vel
875 1458 1152 1535 Gabiis
1204 1472 1281 1534 et
1330 1472 1586 1547 tecum
1632 1461 1740 1535 sic
1789 1472 1996 1558 agat:
2054 1459 2255 1556 „Hic
2307 1473 2384 1536 et

264 1679 597 1734 turarium.“
670 1681 834 1735 Acro,
894 1711 959 1721 -
1016 1681 1233 1753 aperta]
1290 1687 1415 1738 tan-

266 1767 433 1818 quam
470 1751 709 1807 cadaver
744 1753 1010 1823 ignobile,
1044 1753 1196 1822 quod
1227 1771 1298 1808 ne
1334 1759 1415 1809 te-

264 1822 423 1892 gitur
480 1824 721 1892 quidem.
794 1824 861 1878 In
910 1825 1103 1879 multis
1150 1830 1207 1879 et
1253 1826 1417 1880 bonis

264 1893 425 1947 libris
459 1911 528 1948 ex
556 1894 837 1964 frequenti
862 1895 1187 1951 confusione
1209 1902 1416 1966 operta,

270 1965 420 2034 quod
472 1967 675 2035 quibus
726 1969 929 2037 placet,
988 1969 1057 2022 iis
1112 1968 1417 2023 videndum

266 2043 351 2090 est
386 2039 531 2092 male
566 2040 869 2094 laceratum
902 2057 968 2095 ac
1002 2039 1290 2095 foedatum
1328 2057 1415 2095 ca-

265 2108 453 2174 daver,
503 2109 653 2178 quod
698 2127 769 2164 ne
824 2113 1011 2165 oculos
1056 2116 1415 2180 praetereun-

262 2179 409 2234 tium
456 2180 643 2236 laedat
686 2182 905 2236 iniectis
957 2183 1223 2253 stragulis
1273 2185 1415 2254 tegi-

264 2256 375 2305 tur.
450 2251 651 2308 Altera
695 2258 883 2307 tamen
922 2255 1087 2308 lectio
1126 2256 1307 2324 magis
1345 2255 1415 2308 ad

265 2322 441 2376 libros
478 2325 897 2380 accommodata
932 2330 1035 2393 est,
1072 2327 1169 2395 qui
1200 2327 1247 2380 si
1279 2327 1415 2381 boni

266 2398 451 2448 essent
488 2400 649 2450 caute
685 2401 847 2450 conte
888 2396 1142 2463 ebantur,
1180 2398 1228 2450 si
1258 2398 1417 2466 viles,

266 2466 448 2534 aperti
486 2466 761 2523 iacebant.
877 2474 1037 2537 perta
1073 2469 1417 2538 scripserunt

264 2538 431 2590 etiam
459 2537 697 2594 Meinek.
724 2541 1042 2594 Doederlin.
1075 2539 1263 2595 Orelli.
1301 2541 1416 2594 Fea

265 2607 546 2663 Eckstein.
584 2617 775 2679 operta
811 2611 1001 2666 Lebrs.
1028 2611 1235 2666 Keller.
1271 2610 1415 2665 Mul-

266 2680 363 2734 ler.
410 2680 649 2753 Kriiger.
698 2684 1076 2738 consentiente
1124 2683 1415 2752 Mewesi03

264 2753 437 2806 etiam
458 2752 751 2822 Cruquius,
786 2773 820 2808 a
857 2771 967 2823 quo
998 2755 1067 2809 de
1104 2756 1216 2808 suis
1256 2755 1415 2809 codd.

263 2822 409 2876 nihil
444 2827 529 2877 est
564 2824 910 2880 adnotatum.
987 2826 1151 2896 Apud
1188 2825 1415 2880 Lambi-

262 2910 397 2947 num
436 2899 522 2948 est
557 2902 751 2964 aperta
790 2897 987 2952 addita
1027 2897 1132 2953 hac
1177 2897 1416 2967 explica-

264 2967 446 3019 tione:
488 2983 591 3034 „ex
630 2985 695 3022 eo
731 2969 882 3037 quod
906 2986 1071 3039 capsa
1096 2969 1171 3023 sit
1201 2974 1416 3038 aperta,

264 3037 386 3091 vult
433 3038 706 3110 intellegi,
757 3041 995 3108 chartas,
1048 3058 1192 3110 quae
1242 3041 1299 3094 in
1351 3059 1417 3095 ea

264 3109 455 3175 insint,
493 3113 999 3180 contemptissimae
1036 3113 1208 3167 esse.“
1248 3112 1318 3167 cf.
1346 3111 1416 3167 ad

264 3179 378 3235 Sat.
420 3180 464 3244 Ι,
502 3182 555 3250 8,
593 3184 642 3236 8.
718 3181 973 3238 Kellerus
1016 3189 1205 3252 operta
1248 3200 1418 3252 capsa

266 3253 354 3306 vel
392 3269 524 3306 arca
560 3255 849 3323 exsequias
877 3255 1149 3310 tenuioris
1176 3255 1417 3309 hominis

262 3323 499 3378 indicari
537 3324 693 3393 dicit,
731 3331 924 3396 aperta
948 3331 1143 3381 contra
1174 3327 1409 3380 nobilio-

263 3395 343 3450 ris
394 3397 681 3452 cuiusdam
728 3398 817 3450 vel
854 3397 1078 3450 ditioris
1124 3401 1179 3452 et
1222 3397 1417 3452 laudat

263 3466 640 3522 Becker-Rein
678 3467 871 3522 Gallus
906 3468 1006 3535 ΙΙΙ,
1044 3469 1179 3522 364:
1244 3471 1416 3537 „Aer-

266 3555 417 3592 mere
464 3539 579 3592 und
615 3539 847 3594 Sclaven
885 3540 1116 3594 wurden
1156 3557 1268 3594 von
1307 3541 1416 3594 den

266 3609 624 3678 Vespillonen
656 3611 715 3664 in
752 3613 907 3666 einer
940 3611 1215 3666 beaoekten
1234 3611 1417 3666 Bahre

265 3680 403 3735 oder
456 3683 639 3738 einem
700 3683 873 3754 Sarge
926 3681 1261 3753 (sandapila)
1319 3683 1421 3738 auf

265 3752 374 3805 den
394 3751 885 3824 Begriibnissplatz
909 3755 1233 3826 getragen.“
1275 3754 1415 3809 Con·

262 3828 357 3877 tra
394 3823 509 3879 Fea
543 3826 618 3880 ad
656 3827 711 3880 h.
751 3828 785 3881 l.
825 3826 963 3880 haec
998 3826 1248 3896 scripsit:
1300 3829 1417 3895 „At

262 3895 451 3964 potius
491 3896 560 3951 de
597 3903 795 3967 apa-ta
840 3898 1183 3952 intellexisse
1218 3898 1415 3968 (Acro-

264 3969 433 4034 nem),
482 3969 633 4023 credi
677 3975 884 4038 potest,
938 3987 1007 4023 ex
1055 3970 1265 4024 feretro
1318 3987 1415 4025 seu

264 4038 574 4108 sandapila,
637 4058 779 4109 quae
834 4040 1235 4111 ignobiliorum
1292 4045 1418 4096 erat

289 4112 573 4238 &pria-(⁴3⁴9
634 4113 869 4237 ξιξοιῆιιε
918 4113 1415 4252 αῙίἑΞιὲ)Ῑ)ῑιθιιικθι-.

362 4223 375 4236 .
576 4223 589 4236 .
699 4220 713 4234 .
820 4225 831 4236 .
889 4200 943 4252 p.
1126 4205 1138 4236 :
1217 4201 1417 4252 „capsa

270 4254 422 4308 kann
458 4254 615 4310 nicht
679 4254 782 4308 auf
837 4255 931 4308 die
991 4253 1173 4309 Baare
1235 4254 1416 4325 gehen

264 4325 440 4393 (daun
496 4329 705 4380 miisste
761 4325 975 4394 sponda
1022 4325 1157 4379 oder
1205 4324 1417 4380 feretro

264 4397 499 4462 stehen),
547 4396 786 4452 sondern
822 4396 1145 4451 bezeichnet
1180 4397 1271 4450 die
1310 4397 1415 4450 Bu-

266 4468 605 4524 cherbiichse
650 4469 788 4538 (Sat.
826 4469 870 4532 1,
904 4470 956 4534 4,
995 4469 1106 4538 22),
1152 4468 1242 4521 die
1279 4468 1419 4522 dies·

266 4539 382 4594 mal
418 4541 575 4595 nicht
607 4539 985 4594 verschlossen
1010 4539 1102 4606 ist,
1140 4539 1266 4593 weil
1286 4555 1417 4594 man

266 4611 433 4666 darin
443 4611 764 4666 Maculatur
780 4629 905 4664 zum
916 4611 1155 4665 Krssmer
1166 4611 1380 4682 bringt.
1388 4611 1415 4640 ‘⁴

1510 1685 1664 1738 Idem
1713 1684 1995 1754 reperitur
2036 1683 2186 1752 apud
2223 1683 2461 1739 Forcell.
2499 1703 2542 1740 s.
2580 1703 2662 1754 v.;

1510 1759 1576 1810 ut
1623 1755 2112 1825 simplicissimum,
2161 1755 2244 1810 ita
2273 1755 2530 1822 ,fortasse
2575 1775 2665 1811 ve·

1509 1827 1805 1881 rissimum.
1860 1855 1925 1866 —-
1973 1826 2170 1896 vicum]
2209 1827 2340 1881 vide
2377 1829 2450 1882 ad
2485 1829 2666 1898 Epist.

1510 1899 1555 1964 Ι,
1597 1902 1682 1966 10,
1718 1901 1804 1952 20.
1843 1897 1957 1953 Sat.
1999 1898 2072 1967 11,
2110 1900 2163 1966 3,
2201 1899 2324 1953 227.
2353 1928 2420 1939 -
2455 1900 2666 1970 odores]

1507 1987 1598 2024 res
1621 1969 1949 2037 odoriferas,
1969 1975 2274 2040 unguenta.
2294 2000 2363 2011 —
2383 1971 2664 2042 quicquid]

1509 2041 1754 2097 Martial.
1781 2041 1876 2104 VI,
1899 2045 1996 2097 60:
2038 2040 2254 2109 „Quam
2279 2043 2443 2096 multi
2483 2043 2664 2097 tineas

1507 2117 1744 2184 pascunt
1782 2113 2103 2182 blattasque
2139 2114 2362 2168 diserti!
2407 2113 2486 2169 Et
2520 2115 2666 2169 redi-

1510 2191 1672 2240 munt
1715 2185 1820 2240 soli
1856 2185 2106 2240 carmina
2142 2184 2310 2240 docta
2344 2187 2562 2255 coqui.“

1877 2299 2202 2369 Epistula
2237 2299 2308 2354 11.

1584 2395 1758 2449 Iulius
1809 2395 2014 2451 Florus
2063 2395 2292 2451 Tiberio
2339 2395 2548 2449 Neroni
2605 2401 2670 2449 ut

1514 2467 1576 2520 in
1613 2467 1940 2522 Armeniam
1975 2467 2350 2538 proficiscenti
2388 2465 2590 2536 (Epist.
2623 2467 2668 2535 Ι,

1513 2539 1568 2605 3)
1605 2538 1688 2594 ita
1729 2539 2145 2608 expeditionem
2190 2540 2250 2593 in
2287 2539 2573 2592 Dalmatas
2611 2543 2669 2592 et

1512 2609 1830 2665 Pannonios
1901 2629 1950 2666 a.
2013 2613 2118 2664 743
2193 2609 2423 2664 facienti
2487 2627 2667 2664 comes

1511 2680 1684 2736 fuisse
1730 2682 1972 2736 videtur.
2049 2681 2330 2737 Nimirum
2384 2681 2668 2735 diversum

1511 2753 1677 2807 huius
1700 2754 1972 2822 epistulae
2001 2757 2224 2823 tempus
2250 2757 2336 2807 est
2360 2771 2393 2806 a
2415 2757 2669 2821 tempore

1511 2826 1718 2879 tertiae
1754 2824 1888 2878 libri
1935 2825 2140 2894 primi3
2185 2842 2318 2878 nam
2355 2825 2524 2878 aliter
2568 2841 2669 2877 cur

1510 2903 1680 2965 poeta
1717 2897 2003 2966 egregiam
2039 2897 2184 2951 hanc
2219 2895 2518 2966 epistulam
2552 2913 2665 2948 non

1510 2969 1696 3037 primo
1745 2969 1938 3022 statim
1984 2968 2132 3022 libro
2187 2967 2486 3035 addiderit,
2545 2967 2670 3035 quis

1514 3044 1727 3094 rectam
1806 3057 2027 3094 causam
2107 3040 2287 3110 possit
2379 3039 2670 3093 invenire?

1513 3110 1862 3180 Conquestus
1899 3110 2079 3181 igitur
2115 3115 2240 3166 erat
2261 3109 2480 3178 Florus,
2517 3109 2669 3178 quod

1511 3183 1584 3236 ab
1635 3181 1872 3237 Horatio
1920 3199 2100 3252 neque
2149 3183 2448 3251 epistulam
2495 3181 2670 3236 ullam

1511 3271 1692 3322 neque
1743 3255 1992 3310 carmina
2038 3255 2138 3308 diu
2192 3255 2304 3308 iam
2355 3253 2672 3308 desiderata

1511 3326 1834 3395 accepisset.
1930 3325 2029 3379 Cui
2093 3326 2316 3396 quidem
2381 3329 2670 3379 excusatu·

1511 3414 1608 3450 rus
1653 3415 1712 3452 se
1759 3402 1928 3466 poeta
1977 3397 2059 3452 ita
2103 3397 2210 3451 hac
2260 3396 2504 3466 epistula
2555 3396 2670 3449 ani-

1512 3467 2674 3594 augustas*azusssstzfizussffsszaffl

1959 3579 1973 3607 2

1512 3611 1694 3676 nibus,
1741 3611 1810 3666 de
1854 3611 2078 3680 poetica
2113 3610 2400 3679 facultate,
2441 3609 2511 3663 de
2546 3609 2669 3679 phi—

1511 3683 1766 3752 losophia
1819 3683 2054 3738 sentiret
2113 3682 2348 3736 liberius
2403 3686 2500 3735 aut
2551 3680 2668 3750 ple-

1512 3755 1641 3808 nius
1710 3754 1972 3809 videatur
2058 3751 2480 3822 exprompsisse.
2589 3755 2674 3806 Ac

1513 3827 1760 3894 primum
1799 3825 2026 3895 quidem
2063 3825 2212 3894 quod
2251 3824 2392 3878 nihil
2433 3824 2507 3877 ad
2543 3823 2669 3876 Flo-

1515 3915 1642 3951 rum
1707 3897 1995 3967 scripserit
2065 3897 2400 3964 litterarum,
2483 3893 2670 3964 lepido

1514 3970 1808 4040 mangonis
1846 3969 2102 4038 exemplo
2139 3968 2216 4038 (v.
2249 3968 2361 4037 22),
2399 3967 2550 4036 quod
2587 3966 2664 4018 ni·

1514 4040 1596 4093 hil
1631 4041 1850 4094 miserit
1887 4041 2213 4108 carminum,
2274 4039 2566 4109 proposita
2602 4037 2672 4092 de

1514 4111 1848 4166 Luculliano
1909 4113 2088 4166 milite
2132 4111 2457 4167 narratione
2508 4127 2668 4164 excu-

1514 4189 1602 4238 sat
1638 4185 1708 4252 (v.
1747 4184 1863 4252 4o);
1909 4183 2040 4238 dein
2087 4183 2246 4238 addit
2297 4182 2456 4251 quasi
2499 4197 2671 4250 quan·

1513 4255 1642 4309 dam
1681 4254 1934 4310 tabulam
1973 4256 2122 4309 vitae
2154 4271 2284 4310 suae
2324 4271 2388 4308 ac
2423 4253 2668 4323 poetico·

1512 4344 1642 4380 rum
1688 4325 2033 4396 studiorum3
2072 4327 2429 4394 ostenditque
2466 4323 2668 4393 quibus

1514 4399 1692 4452 causis
1737 4399 1874 4452 olim
1927 4403 1990 4452 ut
2038 4399 2252 4468 poesim
2309 4396 2666 4466 amplectere·

1514 4473 1610 4522 tur
1662 4469 1963 4538 perductus
2017 4469 2094 4524 sit
2148 4469 2460 4538 quibusque
2519 4483 2670 4521 nunc

1514 4545 1580 4594 ut
1617 4557 1739 4594 eam
1781 4541 2068 4610 relinquat
2102 4545 2417 4610 permotum
2453 4557 2512 4593 se
2547 4556 2666 4592 sen·

1514 4612 1640 4665 tiat.
1715 4612 1962 4667 Excusat
2010 4613 2159 4667 enim
2209 4629 2365 4666 suam
2413 4615 2674 4677 aetatem,
