3092 5059
395 254 519 318 338

1142 251 1490 318 CARMEN
1534 247 2061 318 SAECULARE.

797 438 1046 514 Roma
1099 438 1164 512 si
1224 450 1559 513 vestrum
1616 449 1732 510 est
1782 461 1975 532 opus
2026 433 2375 533 Iliaeque

792 562 1007 637 Litus
1058 562 1463 638 Etruscum
1491 575 1824 638 tenuere
1870 575 2191 658 turmae,

796 687 1013 763 Iussa
1057 715 1235 785 pars
1287 700 1587 763 mutare
1638 687 1873 764 Lares
1926 699 2005 762 et
2051 685 2322 762 urbem

713 846 764 885 40
998 812 1300 912 Sospite
1353 838 1599 908 cumn,

797 964 942 1042 Cui
971 989 1113 1059 per
1144 963 1542 1040 ardentem
1578 963 1741 1038 sine
1778 961 2055 1038 fraude
2086 959 2397 1036 Troiam

799 1087 1066 1167 Castus
1114 1089 1415 1164 Aeneas
1468 1088 1764 1184 patriae
1814 1097 2199 1182 superstes

793 1213 1160 1289 Liberum
1216 1213 1540 1288 munivit
1592 1214 1739 1288 iter
1791 1210 2105 1286 daturus

993 1338 1226 1414 Plura
1275 1338 1605 1414 relictis:

712 1521 764 1562 ιι
800 1489 919 1586 Di,
976 1491 1264 1590 probos
1317 1513 1571 1563 mores
1625 1485 1862 1562 docili
1902 1487 2282 1582 iuventae,

683 1685 688 1690 .
795 1612 913 1707 Di,
969 1614 1338 1688 senectuti
1389 1611 1739 1709 placidae
1792 1612 2127 1710 quietem

795 1737 1166 1813 Romulae
1218 1737 1429 1835 genti
1483 1737 1659 1812 date
1709 1759 2028 1835 remque
2080 1735 2534 1836 prolemque

994 1863 1090 1936 Et
1140 1861 1370 1937 decus
1416 1887 1669 1937 omne.

801 2011 1174 2110 Quaeque
1227 2037 1362 2086 vos
1408 2010 1657 2085 bubus
1709 2023 2120 2086 veneratur
2169 2009 2365 2086 albis

713 2169 765 2210 ιο
801 2136 1070 2214 Clarus
1125 2135 1511 2212 Anchisae
1559 2137 2035 2236 Venerisque
2084 2136 2420 2234 sanguis,

805 2263 1177 2358 impetret
1227 2260 1566 2336 bellante
1618 2261 1854 2360 prior,
1907 2261 2285 2338 iacentem

991 2385 1216 2462 Lenis
1269 2387 1348 2461 in
1395 2388 1715 2461 hostem.

399 2604 435 2658 i.
475 2621 520 2658 e.
561 2604 694 2657 luna
741 2603 973 2656 alternis
1020 2619 1288 2656 cornuum
1334 2602 1549 2656 vicibus

401 2675 474 2730 ad
497 2681 682 2729 terrae
707 2674 1060 2728 fertilitatem
1086 2675 1394 2743 plurimum
1420 2691 1549 2728 con-

401 2747 550 2801 ferre
587 2745 936 2800 credebatur.
1011 2744 1103 2800 Sic
1145 2745 1283 2800 haec
1317 2746 1551 2815 stropha

401 2818 612 2942 optiilne
659 2835 795 2942 οιΙιῖιι
815 2818 1223 2958 ngzeeedente
1271 2817 1549 2943 οοὶέζιθιθίι.

401 2905 432 2941 e
562 2906 653 2942 om
989 2907 1013 2941 s
1138 2917 1200 2928 ——-
1229 2903 1280 2942 ιι
1313 2905 1348 2943 v
1425 2904 1549 2942 rum

401 2959 500 3029 est]
548 2930 858 3014 Particula
893 2961 944 3014 si
991 2906 1318 3014 xssgdestiam
1367 2960 1550 3029 expri-

399 3031 504 3084 mit
552 3031 611 3084 in
657 3031 940 3100 precibus3
1001 3036 1086 3086 est
1139 3032 1314 3085 enim.
1373 3032 1424 3085 si
1467 3047 1550 3086 vc-

400 3108 576 3156 strum
609 3108 703 3164 est,
743 3108 807 3156 ut
845 3109 940 3158 est.
1016 3102 1328 3158 cohaerent
1365 3107 1551 3157 autem

401 3173 506 3228 hae
530 3173 795 3242 strophae
829 3192 877 3228 a.
903 3193 954 3229 v.
982 3177 1049 3228 33
1091 3191 1266 3243 usque
1293 3174 1363 3228 ad
1399 3192 1452 3229 v.
1481 3176 1551 3228 48

401 3246 592 3300 eadem
631 3246 848 3302 ratione
887 3263 996 3315 qua
1041 3246 1264 3314 Chrysis
1301 3245 1552 3300 sacerdo·

399 3317 474 3370 tis
515 3333 707 3386 preces
754 3317 814 3370 in
857 3317 1019 3372 Iliad.
1057 3317 1100 3377 Ι,
1139 3321 1290 3372 37-
1309 3320 1394 3372 41.
1467 3317 1553 3372 De

401 3405 464 3442 re
508 3405 769 3456 compara
822 3388 988 3460 Verg.
1033 3392 1172 3443 Aen.
1223 3389 1322 3458 111,
1367 3392 1436 3444 93
1467 3407 1547 3458 sq.

400 3459 496 3523 IV,
545 3461 666 3514 345.
713 3460 848 3514 Hor.
901 3461 1081 3515 Carm.
1125 3461 1220 3526 IV,
1269 3463 1320 3529 6,
1357 3463 1443 3514 21.
1483 3490 1551 3510 .--

398 3531 554 3584 iussa
603 3531 766 3601 pars]
825 3549 927 3600 per
989 3502 1412 3602 appositionem.
1484 3563 1551 3572 —-

400 3603 518 3657 sim
561 3603 786 3672 fraude]
833 3604 1012 3657 Carm.
1063 3604 1134 3670 11,
1189 3606 1270 3672 19,
1307 3606 1394 3657 20.
1469 3604 1554 3658 De

399 3679 550 3729 casto
580 3677 770 3728 Aenea
794 3675 923 3730 vide
958 3676 1031 3729 ad
1068 3677 1251 3730 Carm.
1272 3675 1371 3742 111,
1393 3678 1443 3744 2,
1465 3677 1553 3729 30.

401 3745 522 3799 Hac
557 3745 724 3800 laude
749 3749 972 3801 Aeneae
1009 3749 1282 3802 transitus
1318 3751 1555 3816 paratur

403 3816 475 3870 ad
499 3817 812 3886 proximam
844 3819 1132 3887 stropham
1157 3836 1459 3888 precesque
1485 3819 1555 3872 de

402 3886 660 3943 castitate
697 3907 914 3942 morum
944 3919 1006 3930 ——-
1030 3890 1310 3961 placidae]
1338 3890 1446 3944 Cic.
1483 3889 1554 3944 de

403 3960 528 4014 Sen.
551 3963 598 4014 5.
619 3959 878 4015 Placidus
899 3967 982 4015 est
1008 3963 1105 4030 qui
1129 3961 1555 4032 perturbatione

402 4033 576 4086 animi
601 4037 769 4092 caret,
791 4034 888 4102 qui
913 4035 1222 4102 tranquillo
1245 4035 1430 4088 animo
1452 4037 1557 4086 est.

403 4102 570 4158 Senes
607 4108 814 4172 autem,
850 4121 1088 4173 quorum
1125 4110 1329 4159 natura
1363 4105 1555 4172 quieta

405 4179 505 4242 est,
564 4176 861 4244 requirunt
917 4181 974 4231 et
1031 4181 1232 4246 optant
1285 4176 1550 4245 quietem.

403 4215 522 4300 Ali’i
557 4265 588 4301 e
621 4247 782 4301 codd.
817 4252 916 4302 aut
952 4249 1243 4302 senectutis
1286 4252 1385 4301 aut
1427 4249 1553 4317 pla-

402 4318 600 4372 cidam.
686 4319 892 4374 Verum
941 4322 1254 4390 congruant
1295 4319 1446 4372 inter
1495 4337 1553 4373 se

403 4394 626 4458 oportet
663 4390 828 4445 docili
849 4391 1112 4459 iuventae,
1145 4391 1408 4446 senectuti
1425 4391 1553 4460 pla-

403 4459 572 4528 oldae,
615 4462 877 4517 Romulae
920 4463 1090 4531 genti.
1175 4460 1400 4516 Tertius
1450 4463 1551 4516 hu-

403 4531 490 4584 ius
533 4533 798 4602 strophae
843 4549 1036 4587 versus
1089 4550 1204 4587 non
1258 4533 1376 4588 sine
1429 4539 1553 4589 arte

403 4602 646 4671 primum
686 4609 744 4657 et
787 4603 1088 4658 secundum
1141 4605 1551 4674 complectitur.

1644 2632 1709 2644 -
1752 2602 2043 2670 Romulae]
2078 2601 2205 2656 vide
2241 2602 2314 2656 ad
2340 2602 2523 2656 Carm.
2548 2601 2643 2671 IV,
2672 2603 2723 2664 5,
2756 2605 2808 2657 1.

1648 2703 1713 2713 -
1754 2689 1994 2744 quaeque
2038 2675 2349 2742 veneratur]
2385 2675 2421 2727 i.
2458 2691 2505 2728 e.
2545 2690 2809 2742 quaeque

1646 2747 1962 2800 venerando
2019 2751 2301 2814 precatur,
2348 2750 2415 2799 ut
2463 2745 2578 2800 Sat.
2624 2744 2698 2814 11,
2747 2747 2804 2816 2,

1650 2819 1769 2869 124.
1808 2819 1859 2882 6,
1896 2819 1945 2872 8.
1988 2815 2142 2871 Vers.
2177 2816 2371 2885 Sibyll.
2406 2817 2557 2886 apud
2594 2786 2806 2871 Zosim.

1646 2857 1895 2941 1.1.ιέ.
1974 2883 2271 2956 ηΖᾶλευκοι
2317 2889 2504 2958 ταῦροι
2552 2888 2615 2941 δὲ
2666 2886 2810 2948 Διὸς

1646 2955 1795 3100 ζζῗςίῗ
1827 2957 2051 3116 ςέἕὲἔὲ
2068 2955 2393 3087 5355&
2375 2960 2654 3087 ὁπῗῶ·
2682 2962 2807 3085 1332

1646 3073 1759 3162 :icoc
1811 3097 2178 3171 κικλήσκεται,
2240 3103 2335 3156 ἶσα
2386 3102 2645 3173 aedilem
2699 3097 2805 3156 Θυ-

1646 3195 1795 3240 μαια
1859 3174 2187 3241 ,Λητοιδης“
2249 3203 2313 3214 -
2376 3173 2650 3245 impetret]
2712 3173 2809 3229 Sic

1646 3251 1799 3301 recte
1852 3263 1921 3300 ex
1982 3246 2213 3316 optimis
2275 3245 2578 3300 codicibus.
2684 3246 2807 3300 Alii

1648 3322 1714 3373 ut
1750 3317 1974 3373 Gesner.
2012 3324 2070 3372 et
2105 3316 2453 3387 Peerlkamp.
2490 3317 2804 3442 ριιὶθιιι-

1646 3391 1886 3459 imperet.
1958 3388 2043 3443 De
2096 3390 2376 3444 sententia
2430 3388 2532 3444 cfr,
2641 3390 2807 3460 ergil.

1648 3463 1786 3516 Aen.
1824 3460 1919 3529 VI,
1956 3463 2081 3514 853.

1721 3534 1785 3587 V.
1810 3534 1898 3586 58.
1939 3531 2221 3603 „Singulis
2264 3530 2681 3600 precationibus
2727 3531 2804 3585 ad

1647 3604 1780 3658 deos
1828 3605 2071 3673 peractis
2126 3604 2418 3673 praeclara
2468 3601 2805 3686 adiungitur

1648 3675 1898 3730 laudatio
1945 3675 2195 3730 Caesaris
2234 3673 2501 3745 Augusti,
2540 3673 2805 3728 ludorum

1648 3748 2017 3801 saecularium
2062 3747 2336 3814 auctoris,
2382 3763 2547 3829 quem
2600 3744 2806 3800 callide

1648 3824 1815 3888 poeta
1851 3819 2065 3902 stroph.
2124 3821 2185 3872 13
2232 3816 2571 3872 monstravit
2614 3818 2803 3886 potius

1648 3907 1815 3959 quam
1850 3891 2179 3945 nominavit.
2237 3888 2391 3957 Quae
2428 3889 2607 3960 igitur
2644 3889 2805 3943 chori

1648 3967 1814 4016 antea
1864 3980 1896 4014 a
1953 3960 2060 4016 diis
2116 3961 2528 4016 immortalibus
2586 3960 2805 4028 precati

1648 4035 1785 4087 sint:
1824 4033 2029 4102 probos
2066 4050 2265 4101 mores,
2300 4033 2566 4116 quietem,
2610 4049 2801 4086 rerum

1648 4104 2075 4174 amplitudinem
2124 4109 2182 4158 et
2232 4105 2468 4174 copiam,
2516 4121 2581 4158 ea
2626 4119 2803 4186 popu-

1648 4176 1763 4230 lum
1790 4175 2104 4230 Romanum
2132 4177 2389 4246 Augusto
2414 4175 2669 4245 principe
2688 4175 2803 4229 iam

1649 4249 1839 4316 aliqua
1898 4265 1963 4302 ex
2030 4251 2193 4317 parte
2257 4252 2616 4302 consecutum
2685 4261 2803 4300 esse

1647 4318 2001 4390 profitentur.
2077 4319 2249 4374 Caute
2286 4325 2475 4374 autem
2512 4318 2803 4386 Horatius,

1649 4407 1720 4446 ne
1754 4390 1900 4444 nihil
1934 4409 1967 4444 a
2002 4391 2110 4445 diis
2147 4390 2491 4461 precandum
2516 4405 2803 4460 superesse

1648 4461 1963 4530 videretur,
2017 4479 2150 4517 usus
2205 4465 2290 4516 est
2344 4462 2569 4517 verbis.
2628 4459 2806 4516 redire

1650 4533 1817 4590 audet
1839 4502 1965 4588 Pac}
1990 4539 2110 4599 cet„
2134 4539 2503 4618 apparetque3
2539 4533 2627 4587 his
2650 4532 2802 4586 enim

1648 4605 1835 4661 verbis
1882 4606 2144 4661 incohata
2190 4605 2373 4676 magis
2421 4623 2589 4708 quam
2642 4603 2802 4659 abso-
