3092 5059
1031 273 1191 340 LIB.
1235 273 1355 342 ΠΙ.
1401 273 1651 342 ΟΑΒΜ.
1694 275 1805 340 IV.

2503 275 2626 341 179

625 459 782 534 Vos
831 458 1006 536 lene
1057 461 1458 536 eonsilium
1512 474 1588 538 et
1639 462 1833 537 datis
1886 473 1961 538 et
2012 461 2189 536 dato

630 583 1026 679 Gaudetis,
1071 584 1346 662 almae.

1452 584 1747 662 Scimus
1794 599 1883 662 ut
1928 586 2209 684 impios

731 709 1041 786 Titanas
1093 710 1663 811 immanemque
1712 725 2045 787 turmam

819 833 1175 916 Fulmine
1227 835 1619 912 sustulerit
1671 836 1984 933 oadu00,

539 1015 592 1054 ⁴5
628 979 781 1073 Qui
833 995 1118 1062 terram
1168 985 1512 1079 inertem,
1570 987 1705 1084 qui
1758 1012 1969 1062 mare
2020 999 2428 1086 temperat,

629 1107 1051 1188 Ventosum
1105 1123 1184 1186 et
1229 1109 1458 1184 urbes
1511 1134 1909 1210 regnaque
1960 1111 2207 1187 tristia

724 1232 1116 1333 Divosque
1167 1233 1681 1333 mortalesque
1725 1236 1989 1310 turbas

823 1357 1163 1457 Imperio
1216 1358 1414 1458 regit
1463 1385 1660 1434 unus
1712 1383 1983 1459 aequo.

617 1507 984 1606 Magnum
1029 1507 1168 1584 illa
1217 1519 1591 1584 terrorem
1642 1507 2007 1584 intulerat
2056 1509 2227 1584 Iovi

540 1661 594 1703 ω
627 1631 912 1707 Fidens
963 1634 1314 1709 iuventus
1365 1632 1687 1709 horrida
1738 1633 2117 1709 bracehiis

727 1755 1188 1856 Fratresque
1238 1756 1637 1832 tendentes
1692 1783 1934 1858 opaco

831 1881 1102 1958 Pelion
1152 1883 1605 1981 imposuisse
1657 1882 2020 1984 Olympo.

628 2031 782 2110 Sed
838 2031 1027 2132 quid
1080 2033 1490 2131 Typhoeus
1543 2045 1619 2108 et
1668 2032 1969 2110 validus
2020 2035 2323 2132 MimaS,

633 2157 796 2233 Aut
846 2157 1033 2257 quid
1087 2158 1368 2234 minaei
1419 2157 1904 2257 Porphyrion
1956 2171 2176 2256 statu,

545 2316 598 2358 ss
733 2282 941 2374 Quid
991 2283 1330 2358 Rhoetus
1385 2281 1823 2382 evulsisque
1873 2286 2159 2360 truncis

826 2406 1254 2485 Enceladus
1304 2407 1685 2484 iaculator
1736 2408 1987 2485 audax

634 2559 922 2636 Contra
971 2569 1362 2632 sonantem
1419 2557 1755 2633 Palladis
1798 2562 2077 2658 aegida

213 2758 508 2828 syllabam
525 2773 628 2826 per
655 2749 1086 2827 συνεκφώνησιν,
1113 2759 1178 2808 ut
1198 2755 1378 2810 Carm-

215 2827 1378 2898 111,‚..„.„.,6682t18431122111

215 2904 328 2966 8,1
379 2901 512 2955 ooll.
542 2901 628 2954 75.
663 2899 828 2968 Verg.
864 2900 1004 2952 Aen.
1042 2897 1114 2960 11,
1152 2898 1274 2952 442.
1311 2928 1377 2937 —

211 2971 438 3027 &imus
479 2971 565 3042 ut]
613 2987 724 3040 qus.
771 2971 1018 3038 ratione5
1072 2941 1180 3024 lioe
1232 2969 1382 3024 enim

211 3043 423 3098 differt
479 3047 542 3096 ut
595 3045 740 3111 part.
793 3041 864 3095 ab
917 3039 1197 3094 infinitivo
1255 3058 1382 3096 oum

211 3119 488 3180 moueat„
528 3113 681 3182 quod
717 3130 830 3166 non
855 3117 972 3166 tam
997 3112 1204 3166 dicitur
1239 3113 1382 3167 scire

212 3187 472 3256 aliquem
517 3185 730 3240 factum
777 3201 894 3239 esse
941 3183 1172 3252 aliquid,
1212 3201 1380 3252 quam

211 3277 354 3384 ἓιιΐῃ
375 3257 516 3327 quid
551 3256 772 3382 {atione
787 3255 1161 3396 szotguggsitl
1179 3255 1380 3310 deseri-

259 3349 280 3384 1
355 3347 406 3384 r.
442 3358 516 3368 —
575 3343 788 3382 armam
1163 3345 1199 3380 n
1236 3343 1381 3382 oom-

217 3401 492 3471 pluribus
539 3399 824 3454 codicibus
869 3399 1106 3466 tuo-baem
1154 3397 1384 3453 eenfuss.

212 3473 424 3528 eedem
469 3471 748 3527 voeabula
792 3473 923 3524 sunt
967 3488 1017 3524 v.
1055 3438 1144 3538 4'7,
1180 3470 1277 3526 ubi
1323 3471 1383 3523 in

213 3543 512 3598 nonnullis
565 3542 728 3597 libris
778 3542 926 3596 male
977 3547 1200 3596 turmas.
1293 3540 1383 3596 Sio

213 3616 406 3671 etiam
441 3614 686 3680 Mffller„
710 3613 1023 3681 Eekstein.;
1059 3613 1286 3668 Kellero
1325 3617 1382 3667 et

211 3685 488 3742 Schiitzio
532 3685 750 3755 placuit
797 3683 1142 3738 eontrarium
1185 3685 1258 3750 (v.

211 3757 474 3825 tiu-bam,
522 3775 573 3811 v.
612 3759 680 3810 47
737 3755 995 3824 turmas).
1036 3785 1102 3794 -
1154 3755 1378 3824 caduco]

211 3830 402 3899 Prop.
439 3797 534 3897 1’V,
571 3831 625 3895 2,
661 3829 730 3882 53
772 3828 920 3897 „tela
959 3826 1216 3882 caduca.“
1275 3827 1380 3882 Ae-

209 3900 404 3968 schyl.
436 3900 624 3955 Prom·
667 3899 797 3953 358:
851 3937 878 3968 „
883 3895 1038 3954 Ἀλλ’
1075 3890 1244 3966 ἦλθεν
1289 3918 1380 3952 αυ-

211 3973 296 4042 τῷ
349 3971 630 4055 (Τυφωνι)
665 3967 842 4036 Ζηνὸς
883 3965 1166 4040 ἄγρυπνον
1210 3972 1381 4052 βέλος,

209 4037 552 4110 καταιβάτης
575 4039 834 4125 κεραιινὸς
859 4041 1108 4096 ἐκπνέων
1142 4036 1378 4112 φλόγαέι

209 4115 438 4184 Magna
469 4116 556 4170 vis
591 4117 678 4169 est
713 4112 774 4168 in
807 4114 912 4168 hoo
946 4113 1253 4182 adiectiv03
1290 4112 1380 4167 Τι-

207 4193 394 4242 tanes
424 4187 550 4241 telis
655 4186 746 4240 avi
769 4203 940 4240 manu
975 4185 1118 4240 Iovis
1155 4154 1384 4240 for’titer

213 4256 488 4313 demissis
679 4261 908 4318 terram.
967 4257 1114 4311 unde
1167 4257 1382 4312 eaelum

212 4334 432 4400 petere
462 4328 778 4397 studebant,
813 4329 1085 4398 prostrati
1121 4333 1266 4382 sunt.

295 4398 380 4453 Ὺ.
431 4400 512 4454 45.
566 4399 812 4470 immam]
875 4399 1054 4454 Germ.
1101 4399 1148 4460 1,
1195 4401 1283 4469 34,
1331 4402 1384 4454 9.

217 4473 420 4527 Grato
447 4472 751 4527 certamine
773 4472 922 4526 inter
939 4489 1000 4526 se
1025 4476 1384 4541 opponuntur

215 4541 538 4598 immobilis
581 4547 738 4598 terra.
771 4547 832 4598 et
873 4543 1163 4598 turbidum
1207 4561 1381 4609 mare,

213 4612 440 4670 deinde
501 4619 652 4670 terra
724 4614 796 4669 ab
861 4615 1178 4668 hominibus
1233 4615 1385 4670 culta

1472 2753 1675 2826 (urbes)
1726 2760 1785 2810 et
1834 2757 2015 2811 inanis
2064 2757 2258 2825 Oreus,
2308 2762 2428 2810 tum
2474 2756 2626 2812 beati

1475 2828 1763 2896 quietique
1823 2828 1903 2882 dii
1958 2832 2016 2883 et
2072 2829 2355 2883 discordes
2410 2843 2627 2896 semper

1473 2899 1752 2966 homines;
1789 2900 1985 2954 iisdem
2010 2905 2197 2955 autem
2231 2900 2487 2970 partibus
2528 2899 2627 2953 tri·

1471 2972 1605 3039 plex
1639 2971 1942 3040 imperium
1978 2972 2124 3026 Iovis
2164 2971 2519 3026 describitur.
2559 2999 2627 3011 —-

1469 3041 1646 3108 fidens
1686 3041 1969 3112 bracchiis]
1992 3043 2316 3098 Necessario
2336 3043 2475 3096 haee
2502 3059 2627 3096 oon·

1474 3113 1785 3183 iunguntur
1812 3118 1877 3166 ut
1908 3115 2057 3198 apud
2088 3115 2252 3169 Hom.
2282 3114 2499 3181 11.x11‚
2527 3116 2625 3169 135

1477 3190 1756 3254 „leto-eom
1810 3181 2173 3245 πεποιθότες-ε
2228 3188 2289 3239 ιιι
2350 3185 2627 3240 bracchiis

1475 3273 1673 3382 ἓξὲξ-ει
1690 3258 2434 3411 qqzffrsstgntggbtagffiff
2448 3273 2627 3381 auqlueq

1473 3399 1630 3453 bant.
1683 3399 1996 3454 Potuerunt
2033 3400 2073 3453 ii
2114 3401 2340 3468 quidem
2378 3399 2627 3468 aliquan-

1475 3470 1573 3524 diu
1610 3474 1887 3525 terrorem
1924 3471 2177 3526 incutere
2214 3469 2504 3541 (horrida),
2533 3470 2629 3524 sed

1474 3541 1619 3596 nihil
1674 3541 1897 3597 efficere
1965 3542 2115 3610 quod
2176 3547 2443 3596 maneret.
2539 3541 2631 3596 Sio

1476 3613 1777 3668 cohaerent
1810 3631 1901 3667 vv.
1928 3615 2155 3668 49—68.
2196 3643 2263 3654 -—
2298 3613 2626 3684 fratresque]

1475 3683 1607 3738 vide
1642 3685 1715 3738 ad
1750 3685 1933 3738 Germ.
1961 3685 2005 3750 Ι,
2036 3687 2088 3753 3,
2135 3687 2217 3740 19.
2262 3685 2629 3755 Intellegendi

1475 3761 1609 3810 sunt
1642 3756 1849 3811 fratres
1875 3757 2126 3820 Aloidae,
2157 3756 2298 3811 Otus
2320 3761 2378 3810 et
2398 3757 2489 3826 Ep
2490 3757 2629 3810 hial-

1474 3831 1577 3882 tes.
1620 3827 1693 3882 of.
1746 3827 1911 3898 Verg.
1958 3797 2159 3899 Gom-Eg.
2204 3829 2249 3896 Ι,
2296 3829 2419 3882 280.
2467 3827 2629 3882 Ovid.

1475 3899 1609 3954 Met.
1646 3900 1690 3968 Ι,
1728 3902 1826 3952 151
1880 3917 2001 3968 sqq.
2052 3929 2117 3940 -·—
2172 3899 2477 3970 Typhoeus]
2530 3906 2630 3952 Τυ-

1527 3964 1677 4030 ωεύς.
1749 3971 1917 4042 Verg.
1964 3973 2102 4026 Aen.
2138 3971 2237 4038 IX,
2274 3973 2396 4024 713.
2471 3971 2632 4025 Ovid.

1475 3991 1611 4097 fiet.
1643 4042 1707 4109 V,
1742 4043 1843 4096 321
1868 4059 1949 4110 sq.
1987 4043 2087 4110 111,
2123 4043 2245 4098 303.
2288 4071 2356 4082 -
2394 4042 2630 4110 Mimas]

1477 4132 1512 4168 a
1509 4113 1627 4185 pud
1652 4115 1959 4169 Hesiodum
1998 4083 2087 4168 est,
2116 4115 2440 4174 Centaurus,
2480 4113 2629 4182 apud

1475 4133 1809 4273 Eliiripidem
1882 4185 2065 4270 Gigas.
2127 4215 2198 4225 —
2256 4183 2625 4254 Porphyrion]

1474 4255 1727 4325 βασιλεις
1786 4252 2083 4326 Γιγάντων.
2140 4287 2207 4297 —-
2262 4255 2434 4325 statu]
2489 4256 2525 4308 i.
2582 4273 2631 4309 e.

1476 4328 1667 4384 stabili
1702 4329 1901 4399 gradu,
1938 4334 2004 4383 ut
2030 4329 2182 4398 apud
2213 4328 2337 4381 Liv.
2365 4326 2539 4394 XXX,
2567 4329 2631 4381 18

1477 4403 1663 4468 „statu
1703 4417 1927 4455 movere
1975 4400 2245 4454 hostemf‘
2270 4427 2339 4439 -
2370 4397 2629 4468 Rhoetus]

1476 4471 1546 4526 ef.
1584 4472 1767 4526 Carm.
1806 4471 1879 4540 II,
1922 4474 2003 4540 19,
2054 4474 2141 4525 23.
2184 4499 2251 4510 -—-
2298 4469 2632 4539 Enceladus]

1477 4543 1546 4598 ef.
1584 4542 1747 4614 Verg.
1789 4546 1928 4598 Aen.
1966 4511 2067 4607 1'11,
2092 4543 2211 4598 578.
2234 4571 2300 4581 -
2321 4543 2631 4610 sonantem]

1477 4614 1699 4684 Clipeus
1744 4616 1907 4670 hasta
1949 4630 2242 4683 percussus
2288 4630 2485 4668 sonum
2532 4612 2631 4666 ho·
