3092 5059
381 224 463 289 38
1355 225 1813 293 ΟΑΒΜΙΝΠΜ

680 408 1104 486 Grandinis
1159 408 1366 486 misit
1415 423 1634 509 pater
1678 424 1755 487 et
1798 412 2123 489 rubente

677 533 1016 611 Dextera
1065 560 1318 613 sacras
1370 536 1739 613 iaculatus
1792 562 2006 613 arces

882 661 1194 737 Terruit
1244 663 1538 757 urbem,

627 842 652 882 5
688 808 995 886 Terruit
1045 822 1334 908 gentes,
1378 836 1616 909 grave
1666 837 1764 887 ne
1814 812 2103 890 rediret

683 934 1090 1009 Saeculum
1139 936 1482 1035 Pyrrhae
1535 962 1738 1011 nova
1788 950 2129 1014 monstra
2176 951 2508 1039 questas,

685 1058 937 1137 Omne
987 1086 1162 1135 cum
1215 1060 1537 1136 Proteus
1591 1087 1825 1159 pecus
1875 1063 2037 1160 egit
2085 1063 2279 1139 altos

887 1190 1154 1265 Visere
1203 1200 1527 1285 montes,

693 1339 1024 1415 Piscium
1079 1350 1153 1414 et
1203 1364 1500 1413 summa
1553 1363 1790 1435 genus
1842 1338 2088 1414 haesit
2137 1336 2371 1433 ulm0,

386 1563 685 1627 sufficiant,
724 1562 860 1616 deus
899 1560 1101 1630 aliquis
1141 1564 1366 1615 nostrae
1393 1532 1550 1615 cala-⁰

355 1634 360 1639 ’
388 1636 602 1692 mitatis
640 1634 902 1688 misertus
942 1650 1012 1687 ex
1037 1633 1188 1687 caelo
1211 1648 1434 1687 necesse
1455 1636 1540 1685 est

387 1706 700 1763 descendat.
722 1706 870 1759 Num
887 1705 1090 1774 Apollo
1110 1704 1301 1758 veniet
1322 1704 1541 1773 augur?

390 1779 667 1835 anVenus
703 1778 825 1847 ipsa
863 1782 1044 1831 mater
1067 1775 1262 1846 populi
1283 1775 1540 1841 Romani,

387 1868 462 1906 an
497 1849 650 1905 Mars
705 1852 867 1919 pater
882 1848 911 1901 ’ἓ
983 1847 1159 1901 Immo
1215 1848 1327 1901 iam
1383 1846 1542 1901 adest

389 1920 697 1977 Mercurius
739 1918 988 1975 Caesaris
1044 1919 1198 1974 ultor
1235 1918 1337 1973 sub
1377 1918 1539 1973 Octa·

389 1994 543 2049 viani
579 1992 760 2047 latens
801 2008 1056 2061 persona.
1128 1990 1182 2044 Is
1228 1990 1405 2061 igitur
1443 1990 1541 2045 diu

390 2066 538 2121 inter
574 2082 674 2119 nos
710 2063 927 2118 utinam
967 2066 1357 2130 commoretur,
1406 2080 1540 2132 quo·

388 2138 540 2191 niam
578 2136 726 2192 solus
769 2140 854 2189 est
892 2152 925 2189 a
961 2151 1072 2203 quo
1111 2134 1333 2204 imperii
1357 2134 1540 2205 digni-

389 2214 476 2265 tas
526 2212 584 2263 et
629 2206 870 2262 nominis
916 2206 1158 2261 Romani
1195 2205 1380 2277 gloria
1417 2223 1542 2261 cum

389 2296 612 2336 morum
647 2278 934 2349 probitate
976 2283 1030 2333 et
1077 2277 1290 2347 pietate
1323 2278 1544 2347 possint

389 2350 630 2413 restitui.
669 2349 936 2404 Videmus
973 2348 1055 2403 ita
1093 2348 1272 2403 dividi
1301 2366 1542 2417 carmen,

391 2428 456 2478 ut
497 2420 750 2492 superior
786 2438 916 2491 pars
943 2419 1322 2475 calamitatem
1343 2420 1543 2475 descri-

391 2495 492 2549 bat
531 2492 766 2563 (1-24),
827 2491 1063 2547 inferior
1100 2492 1448 2561 expiatorem
1485 2496 1544 2547 et

393 2569 628 2637 quaerat
653 2570 712 2619 et
735 2564 984 2619 inveniat
1008 2564 1276 2633 (25-52).
1315 2563 1381 2617 In
1407 2564 1542 2633 ipsis

393 2643 583 2693 autem
655 2636 910 2707 partibus
983 2634 1172 2689 omnia
1245 2634 1544 2691 artificiose

392 2728 515 2835 {⁰¹³3
515 2708 700 2835 12⁰⁸&
727 2711 885 2833 Ἣ
948 2707 1068 2832 ’ήοῖ
1091 2724 1222 2830 Ρῗῗ
1242 2708 1543 2843 ι’ἰέωῗὲῗ

431 2800 466 2837 a
505 2797 536 2836 e
599 2798 624 2834 s
650 2796 756 2849 rop
937 2795 987 2831 v.
1062 2807 1127 2817 —
1203 2818 1219 2844 ,
1349 2808 1415 2817 —
1527 2800 1541 2831 :

391 2853 576 2924 prima
621 2850 856 2920 stropha
907 2850 1020 2905 tria
1071 2849 1316 2904 ostendit
1351 2850 1542 2919 prodi-

392 2925 488 2997 gia
515 2923 740 2993 (nivem,
757 2921 1109 2993 grandinem,
1128 2921 1212 2975 ful
1253 2926 1398 2989 ura),
1421 2926 1546 2975 tum

395 3000 704 3066 sequuntur
739 2994 854 3049 tria
887 2997 1140 3048 monstra
1224 2993 1436 3062 phocae
1483 2994 1543 3047 in

394 3067 624 3123 summis
660 3066 942 3120 montibus
980 3065 1313 3135 apricantes,
1367 3064 1545 3133 pisces

395 3140 454 3194 in
492 3137 788 3193 arboribus
825 3137 1135 3201 haerentes,
1194 3136 1448 3191 dammae
1485 3136 1546 3189 in

394 3210 538 3266 mari
574 3209 875 3279 natantes).
947 3208 1014 3263 In
1052 3208 1232 3262 altera
1267 3211 1431 3277 parte
1469 3206 1544 3277 (v.

396 3283 629 3349 25—52)
667 3282 912 3351 primum
937 3280 1182 3349 reperies
1219 3283 1333 3334 tres
1372 3279 1544 3335 inter-

396 3354 732 3426 rogationes,
775 3357 894 3406 tum
929 3352 1043 3406 tria
1079 3350 1409 3405 invocantur
1445 3369 1543 3405 nu·

397 3427 548 3481 mina
604 3422 852 3493 (Apollo,
889 3422 1093 3489 Venus,
1131 3420 1334 3491 Mars);
1397 3422 1549 3477 Mars

437 3502 558 3553 ater
621 3498 740 3566 ipse
796 3494 1012 3564 triplici
1062 3494 1229 3548 modo
1286 3500 1547 3563 ornatur;

395 3516 600 3625 {sindo
641 3572 894 3622 extrema
929 3582 1150 3635 quoque
1202 3571 1364 3621 terna
1401 3571 1549 3635 sunt,

397 3641 530 3695 bina
584 3638 946 3703 affirmantia,
1005 3637 1228 3709 singula
1283 3639 1550 3709 negantia

396 3713 572 3781 (serus
620 3708 830 3779 redeas,
886 3708 985 3764 aiu
1033 3708 1273 3778 intersis,
1332 3727 1454 3765 neve
1499 3716 1551 3765 te

395 3782 575 3850 tolla&
611 3780 703 3837 hic
739 3796 883 3837 ames
918 3780 1240 3851 triumphos,
1278 3781 1365 3835 hic
1401 3796 1549 3837 ames

398 3854 526 3915 dici.
561 3870 668 3908 neu
700 3852 893 3919 sinas).
931 3851 1016 3907 De
1051 3856 1167 3907 tem
1241 3870 1302 3908 re
1326 3871 1435 3922 quo
1474 3852 1551 3907 sit

397 3942 622 3981 carmen
659 3924 934 3992 scriptum
958 3924 1143 3979 discor
1183 3941 1240 3979 es
1277 3928 1408 3979 sunt
1436 3924 1549 3979 viri

400 3998 580 4064 docti;
616 3996 675 4050 id
700 4000 888 4050 tamen
917 4001 1130 4051 certum
1157 3996 1396 4065 videtur,
1435 4013 1547 4050 non

397 4069 511 4125 alia
561 4067 822 4139 prodigia
879 4066 1182 4138 significari
1237 4068 1344 4121 nisi
1405 4085 1549 4137 quae

399 4140 624 4197 caedem
648 4140 900 4195 Caesaris
921 4144 1216 4194 consecuta
1234 4139 1372 4207 sint;
1399 4139 1551 4194 bella

399 4212 592 4269 civilia
611 4210 886 4281 siquidem
900 4211 1207 4281 composita
1227 4216 1415 4265 tamen
1433 4228 1546 4264 non

403 4284 630 4340 omnino
655 4284 892 4352 sepulta,
928 4300 1048 4338 rem
1075 4282 1359 4353 publicam
1385 4298 1545 4350 paca-

401 4362 518 4413 tam
557 4355 781 4425 quidem
818 4354 914 4409 sed
959 4354 1208 4409 nondum
1257 4352 1546 4409 confirma·

401 4434 518 4484 tam
573 4426 768 4495 videri,
827 4431 1009 4482 totum
1047 4426 1288 4494 denique
1325 4442 1549 4479 carmen

401 4498 473 4555 ad
498 4498 886 4567 Octavianum,
925 4496 1174 4553 Caesaris
1197 4496 1378 4566 patris
1404 4496 1545 4551 ulto-

401 4588 539 4641 rem,
577 4571 710 4642 (quo
749 4589 807 4627 se
850 4570 1012 4625 illum
1048 4567 1270 4623 nomine
1305 4568 1546 4624 libenter

1642 1577 1866 1614 ornasse
1926 1558 2152 1631 scimus)
2221 1560 2615 1616 celebrandum
2677 1579 2795 1616 esse

1642 1632 1931 1702 scriptum.
2006 1632 2364 1702 Quapropter
2400 1637 2528 1687 ante
2562 1651 2615 1687 a.
2652 1650 2707 1687 u.
2746 1650 2792 1688 c.

1644 1704 1749 1757 727
1790 1704 2158 1773 compositum
2197 1709 2310 1771 est3
2357 1722 2421 1759 eo
2460 1704 2611 1758 enim
2648 1722 2794 1759 anno

1644 1776 1913 1845 expiandi
1966 1775 2215 1829 criminis
2272 1776 2383 1830 iam
2438 1793 2549 1829 non
2606 1777 2798 1846 potuit

1644 1848 1856 1902 mentio
1910 1846 2052 1915 fieri,
2110 1847 2365 1902 omnibus
2411 1847 2625 1903 scilicet
2662 1848 2795 1903 Cae·

1644 1919 1786 1974 saris
1825 1918 2283 1973 interfectoribus
2320 1920 2644 1987 exstinctis3
2682 1919 2795 1975 for·

1643 1995 1789 2045 tasse
1826 1991 1939 2045 iam
1977 2007 2028 2044 a.
2066 1991 2190 2059 725,
2230 2008 2358 2045 cum
2379 1990 2674 2047 Octaviani
2714 1992 2795 2045 vi-

1644 2062 1814 2118 ctoris
1852 2062 2067 2117 reditus
2105 2062 2165 2116 in
2201 2063 2397 2117 urbem
2432 2064 2682 2117 omnium
2705 2063 2797 2119 de·

1644 2134 1850 2189 siderio
1890 2138 2325 2204 exspectaretur.

1714 2204 1779 2259 V.
1822 2208 1866 2260 1.
1924 2206 2061 2260 Cum
2096 2205 2202 2259 hac
2238 2204 2666 2261 inundationum
2706 2206 2801 2261 de-

1644 2278 1946 2347 scriptione
1961 2278 2327 2347 comparandi
2342 2281 2473 2331 sunt
2484 2278 2799 2349 Vergiliani

1646 2366 1837 2403 versus
1864 2348 2064 2431 Georg.
2102 2348 2148 2416 Ι,
2186 2350 2490 2405 466—489.
2530 2351 2637 2404 498
2656 2366 2799 2421 sqq.,

1648 2420 1707 2474 in
1733 2421 1936 2489 quibus
1961 2436 2167 2475 mirum
2193 2424 2250 2475 et
2274 2420 2575 2476 verborum
2599 2425 2658 2477 et
2676 2438 2799 2477 sen·

1646 2492 1952 2547 tentiarum
1972 2509 2097 2547 cum
2116 2492 2205 2547 his
2222 2492 2550 2548 Horatianis
2571 2510 2799 2549 consen·

1646 2580 1768 2616 sum
1790 2562 2184 2633 deprehendes.
2204 2592 2277 2605 --
2295 2563 2477 2633 dirae]
2500 2563 2591 2619 Sic
2609 2566 2800 2635 appel·

1647 2635 1836 2689 lantur
1863 2636 2051 2689 omnia
2076 2652 2219 2704 quae
2243 2636 2443 2707 gravia
2467 2636 2567 2690 eti
2646 2638 2803 2691 entia

1646 2706 1795 2762 mala
1814 2706 2173 2776 portendunt.
2194 2706 2361 2777 Verg.
2385 2707 2587 2779 Georg.
2636 2748 2651 2775 ,
2674 2710 2801 2765 488.

1648 2776 1781 2832 Hor.
1818 2778 1999 2847 Epod.
2027 2780 2078 2845 5,
2097 2779 2184 2832 89.
2222 2779 2803 2835 Animadvertendum

1647 2854 1852 2919 tamen,
1890 2850 1997 2905 hoc
2020 2848 2298 2905 adiectivo
2322 2850 2417 2905 hic
2440 2868 2553 2905 non
2571 2852 2799 2923 grandi-

1648 2939 1776 2975 nem
1804 2921 1981 2975 solum
2015 2921 2113 2975 sed
2137 2922 2323 2977 nivem
2345 2940 2567 2991 quoque
2592 2924 2801 2979 ornari.
2872 2936 2880 2943 ·

1650 2993 1769 3060 Quo
1793 2992 1989 3047 ordine
2006 3011 2041 3049 a
2058 3010 2261 3063 prosae
2278 2994 2552 3049 orationis
2576 3012 2805 3050 consue·

1650 3064 1843 3119 tudine
1882 3064 2067 3119 alieno
2104 3070 2272 3134 poeta
2322 3082 2486 3135 saepe
2522 3064 2805 3136 disposuit

1650 3134 1840 3204 verba,
1896 3141 1960 3191 ut
2000 3136 2180 3191 Carm.
2220 3136 2264 3205 1,
2302 3138 2353 3201 5,
2396 3139 2445 3192 6.
2502 3137 2547 3203 1,
2586 3138 2673 3207 31,
2718 3141 2803 3193 16.

1649 3208 1694 3275 Ι,
1734 3209 1818 3273 34,
1856 3210 1906 3263 8.
1945 3208 2017 3276 11,
2058 3210 2141 3276 19,
2180 3211 2265 3263 24.
2304 3208 2405 3277 ΙΙΙ,
2446 3208 2529 3277 11,
2568 3210 2654 3264 39.
2704 3210 2805 3277 IV,

1654 3281 1738 3346 14,
1773 3282 1825 3335 4.
1863 3280 1933 3343 ΙΙ,
1972 3282 2025 3347 8,
2065 3280 2115 3332 3.
2152 3278 2253 3344 111,
2294 3282 2344 3343 2,
2391 3281 2471 3335 16.
2510 3310 2583 3321 -
2611 3280 2801 3352 pater]

1649 3350 1918 3421 Iuppiter.
1940 3380 2006 3390 —-
2031 3351 2269 3420 rubente]
2296 3350 2404 3419 Sic,
2430 3370 2542 3407 non
2567 3352 2801 3415 rubenti,

1650 3440 1842 3477 omnes
1897 3422 2053 3477 codd.
2116 3426 2173 3477 et
2204 3424 2575 3493 grammatici.
2617 3422 2687 3479 cf.
2729 3425 2804 3480 ad

1650 3494 1830 3565 Epod.
1870 3496 1921 3563 5,
1964 3496 2045 3547 14.
2083 3523 2147 3532 —
2190 3494 2490 3565 iaculatus]
2541 3513 2669 3551 cum
2714 3514 2803 3552 ac-

1654 3566 1904 3621 cusativo
1940 3566 2023 3619 rei
2066 3582 2206 3634 quae
2242 3565 2467 3631 feritur.
2515 3572 2580 3621 ut
2622 3566 2805 3623 Carm.

1651 3638 1752 3706 ΙΙΙ,
1796 3640 1876 3706 12,
1915 3640 1999 3691 11.
2040 3668 2105 3676 -
2145 3636 2320 3707 arces]
2369 3637 2711 3707 Capitolium
2746 3644 2807 3695 et

1652 3708 1863 3778 templa
1920 3708 1998 3762 ibi
2054 3709 2253 3779 posita.
2314 3738 2379 3749 -
2452 3710 2651 3765 terruit
2710 3712 2799 3781 ne]

1653 3778 1923 3835 Terrendi
1954 3780 2191 3834 verbum
2226 3797 2352 3834 cum
2389 3779 2597 3836 habeat
2624 3788 2801 3837 metu·

1653 3850 1781 3905 endi
1824 3852 2109 3907 notionem
2144 3852 2374 3919 (terruit
2400 3856 2465 3907 ut
2487 3858 2806 3909 metuerent

1652 3924 1740 3991 ne)
1764 3924 1965 3977 coniun
2009 3924 2028 3976 i
2052 3922 2238 3993 potuit
2264 3940 2385 3979 cum
2415 3940 2482 3980 ne
2504 3925 2803 3993 particula.

1654 4024 1718 4035 -
1738 3995 1946 4065 qentes]
2020 4011 2221 4049 omano
2238 3994 2473 4063 imperio
2496 3996 2802 4053 subiectas:

1652 4066 1807 4121 urbis
1864 4066 2012 4120 enim
2072 4066 2283 4121 Romae
2340 4066 2685 4123 calamitates
2731 4070 2805 4125 ab

1653 4138 1919 4193 extremis
1934 4138 2104 4193 etiam
2119 4137 2443 4193 nationibus
2456 4140 2779 4196 sentiuntur
2789 4162 2805 4195 ι

1652 4209 1780 4265 vide
1821 4208 1999 4264 Carm.
2036 4210 2109 4277 ΙΙ,
2150 4212 2198 4273 1,
2232 4210 2297 4265 31
2340 4227 2420 4279 sq.
2445 4212 2787 4281 —Pyrrhae

1652 4281 1764 4336 vid.
1806 4279 1967 4335 Ovid.
2010 4281 2143 4336 Met.
2184 4280 2227 4349 Ι,
2266 4283 2391 4335 260.
2431 4310 2498 4321 -
2552 4212 2805 4355 Proteus}

1652 4352 1737 4407 De
1774 4352 1881 4407 hoc
1916 4352 2019 4407 deo
2058 4353 2274 4408 marino
2312 4352 2561 4422 Neptuni
2598 4372 2803 4427 greges

1650 4429 1911 4493 pascente
1952 4425 2077 4479 vide
2101 4425 2264 4480 Hom.
2292 4423 2393 4479 Od.
2420 4424 2515 4495 IV,
2553 4426 2659 4481 386
2684 4444 2807 4497 sqq.

1651 4494 1819 4567 Verg.
1860 4496 2060 4566 Georg.
2097 4496 2191 4564 IV,
2233 4497 2337 4550 395
2374 4514 2493 4565 sqq.
2530 4528 2601 4537 —
2638 4498 2801 4569 altos]

1652 4586 1721 4623 ex
1758 4567 1915 4639 aquis
1954 4568 2243 4625 cacumina
2280 4572 2503 4625 tantum
2526 4570 2805 4627 montium
