3092 5059
999 234 1162 300 LIB.
1206 234 1257 301 I.
1301 234 1570 302 EPIST.
1617 233 1725 301 VI.
1771 235 1916 300 VII.

2547 229 2672 296 523

376 423 743 523 Emptum
796 423 1045 499 mulus
1098 449 1399 521 aprum.
1497 421 1744 500 Crudi
1797 421 2229 520 tumidique
2279 418 2645 513 lavemur,

381 547 590 640 Quid
646 548 914 626 deceat
965 549 1152 647 quid
1207 574 1362 623 non
1410 547 1656 640 obliti,
1714 548 2018 627 Caerite
2071 571 2248 623 cera

377 673 634 772 Digni,
686 672 1099 771 remigium
1153 671 1511 749 vitiosum
1567 671 1985 748 Ithacensis
2035 670 2274 767 Ulixi,

383 798 527 878 Oui
580 799 836 894 potior
880 798 1135 895 patria
1184 799 1331 872 fuit
1382 795 1792 872 interdicta
1841 794 2227 892 voluptas.

278 955 333 995 ω
384 923 486 1018 Si,
544 917 1055 999 Mimnermus
1104 921 1217 997 uti
1270 936 1546 1015 censet,
1604 921 1769 996 sine
1821 946 2082 996 amore
2135 920 2480 1019 iocisque

379 1046 507 1122 Nil
562 1060 675 1122 est
726 1045 1167 1140 iucundum,
1222 1045 1434 1120 vivas
1493 1045 1578 1120 in
1627 1069 1892 1121 amore
1944 1044 2312 1145 iocisque.

380 1171 605 1265 Vive,
658 1170 869 1246 valel
976 1169 1059 1247 Si
1110 1169 1299 1268 quid
1352 1170 1637 1246 novisti
1686 1170 1966 1246 rectius
2017 1169 2202 1266 istis,
2291 1257 2302 1272 ·

384 1293 783 1374 Candidus
833 1293 1181 1390 imperti3
1236 1293 1297 1366 si
1352 1319 1531 1388 non,
1584 1292 1702 1368 his
1759 1306 1978 1370 utere
2028 1319 2358 1370 mecum.

1136 1630 1588 1716 EPISTULA
1658 1630 1826 1715 VII.

385 1794 747 1893 Quinque
800 1795 961 1872 dies
1014 1795 1153 1870 tibi
1204 1794 1593 1892 pollicitus
1643 1821 1768 1871 me
1821 1821 1996 1870 rure
2042 1795 2378 1870 futurum

384 1919 756 1996 Sextilem
808 1934 1051 1996 totum
1108 1921 1443 1998 mendax
1495 1920 1916 1997 desideror.

284 2152 436 2207 credi
473 2152 721 2220 volebat,
764 2153 862 2208 sed
901 2154 1206 2223 emptum.“
1244 2154 1441 2223 Neque

284 2241 421 2278 vero
484 2223 819 2280 Bentleiana
876 2226 1199 2282 coniectura
1254 2226 1439 2293 formu

280 2299 1289 2452 {affimatttuzosstttusssstt
1292 2297 1439 2438 ⁸333

286 2439 507 2494 vanitas
544 2438 783 2522 Gai-gilii
832 2440 1013 2510 magis
1072 2440 1440 2509 describetur,

288 2511 499 2594 quippe
548 2510 647 2580 qui
685 2527 719 2564 a
753 2512 962 2581 populo
1004 2512 1175 2567 vellet
1219 2511 1438 2582 praedi-

290 2583 409 2637 cari
444 2582 520 2636 ob
556 2581 741 2636 lautae
783 2600 911 2637 suas
936 2585 1271 2638 cottidianas
1309 2601 1441 2653 epu-

287 2654 387 2708 las.
442 2653 595 2708 Illud
634 2671 855 2722 quoque
890 2654 1022 2709 vani
1058 2655 1299 2710 hominis
1336 2660 1441 2724 est,

290 2725 443 2794 quod
464 2742 727 2808 magnam
748 2725 972 2780 turbam
996 2744 1285 2782 servorum
1314 2744 1441 2782 cum

285 2797 506 2866 ingenti
544 2803 821 2866 apparatu
865 2798 1099 2854 cottidie
1144 2799 1339 2882 mittit,
1378 2802 1442 2853 ut

286 2885 465 2922 unum
499 2867 609 2922 sibi
653 2873 959 2953 apportent
994 2887 1219 2939 aprum3
1276 2871 1442 2925 nimi-

290 2957 419 2994 rum
452 2939 709 3010 pluribus
762 2941 914 3010 apris
958 2941 1196 3012 singulis
1245 2942 1441 2997 diebus

290 3011 379 3066 uti
418 3027 533 3066 non
568 3011 770 3080 potuit.
827 3011 935 3066 Vix
973 3031 1113 3083 opus
1148 3018 1234 3068 est
1259 3014 1441 3070 conie-

288 3088 453 3138 ctura
488 3081 711 3137 Lehrsii
750 3099 945 3137 rin-eus
1032 3103 1097 3139 ro
1132 3101 1276 3140 unus
1303 3103 1439 3169 ..pro-

288 3154 566 3224 ponentis.
628 3183 692 3192 —-
753 3103 1029 3224 lavemur?
1074 3156 1147 3210 ad
1198 3157 1440 3211 exciten-

290 3226 425 3281 dum
500 3225 705 3280 iterum
783 3226 1037 3281 ciborum
1110 3229 1441 3298 appetitum.

292 3327 361 3338 --
402 3295 613 3354 Caerite
648 3298 803 3366 cera]
849 3297 1167 3382 Caeritibus
1204 3300 1442 3370 tabulis3

292 3369 540 3425 Caerites
574 3369 725 3424 enim
774 3369 945 3439 primi
986 3370 1125 3426 facti
1154 3375 1284 3425 sunt
1322 3390 1441 3427 ιιιιι-

291 3457 447 3579 {3²1⁹
448 3458 537 3565 ⁰53
549 3440 1035 3579 ‘ffffinzut‘ssffft
1061 3443 1443 3585 3¹23&ss

290 3585 534 3653 pellstse
570 3601 733 3638 versa
767 3583 907 3651 vice,
942 3585 1003 3638 in
1028 3603 1165 3654 quas
1190 3603 1443 3642 censores

288 3655 492 3710 referri
550 3655 835 3723 iubebant,
887 3673 1025 3724 quos
1072 3663 1243 3712 notae
1280 3675 1446 3714 eausa.

292 3726 577 3796 suffragiis
612 3727 969 3796 privabant.“
1021 3756 1087 3767 —
1132 3728 1265 3784 remi
1264 3730 1443 3799 pium]

293 3799 385 3868 Ep
388 3799 478 3852 ist.
514 3797 559 3866 1,
600 3799 673 3938 2q
690 3799 760 3851 22
797 3815 917 3868 sqq.
1002 3798 1073 3853 cf.
1125 3799 1292 3855 Hom.
1340 3800 1444 3857 od.

292 3869 391 3938 XI,
429 3871 533 3923 104
568 3887 633 3938 sq
742 3869 870 3936 XII,
904 3872 1010 3924 297
1036 3888 1156 3941 sqq.
1211 3872 1255 3940 1,
1292 3874 1326 3927 8
1362 3890 1443 3943 sq.

296 3972 365 3982 -—
416 3887 751 4010 Ulixi1quic
788 3942 895 3996 hoc
932 3942 1053 3996 loco
1092 3947 1149 3998 et
1184 3943 1364 4014 Epist.
1400 3944 1446 4005 1.

296 4014 459 4077 ‘1340
511 4011 901 4082 seribendum3
962 4014 1143 4070 altera
1196 4015 1445 4086 genetivi

290 4087 477 4141 forma
513 4083 567 4138 U
570 4084 701 4138 lucet
732 4085 791 4138 in
830 4086 1169 4140 carminibus
1204 4105 1333 4142 usus
1360 4093 1448 4142 est

290 4160 478 4227 poeta..
517 4185 584 4196 —
612 4156 1009 4226 Mimnermus]
1052 4157 1443 4229 Colophonius,

292 4233 467 4300 poeta
540 4227 837 4298 elegiacus,
912 4226 1106 4283 Soloni
1180 4231 1443 4300 aequalis.

296 4299 620 4356 Mimnermi
677 4299 831 4352 locus
887 4305 973 4353 est
1020 4249 1445 4368 (Schneidewin.

294 4372 405 4427 del.
441 4389 493 4441 Ρ.
500 4371 643 4454 12)·
704 4374 841 4438 ,,Τίς
876 4370 939 4424 δὲ
977 4376 1111 4437 βίος,
1146 4378 1201 4426 τί
1236 4375 1297 4427 δὲ
1333 4391 1445 4443 τερ-

300 4440 448 4498 πνὸν
492 4435 619 4530 ἄτερ
662 4445 907 4511 χρυσέης
943 4437 1297 4514 ᾍφροδίτηςς
1350 4451 1446 4500 Τε-

298 4518 520 4580 walum
564 4509 655 4566 ὅτε
702 4532 805 4582 μοι
847 4518 1043 4583 μηκέτι
1085 4516 1250 4570 ταῦτα
1286 4519 1449 4586 μέλοι

294 4585 445 4640 κτλ.“
490 4613 551 4624 —-
592 4583 891 4654 candidus]
930 4585 1112 4656 Epist.
1135 4587 1181 4652 1,
1207 4590 1259 4658 4,
1286 4567 1336 4642 Ι1.
1378 4589 1447 4644 cf.

2022 1918 2266 2019 Atqui

1534 2154 1644 2209 Cic.
1693 2153 1854 2208 Tusc.
1892 2153 1960 2216 V,
2011 2153 2098 2219 28,
2147 2151 2234 2206 82.
2325 2151 2555 2206 Ιεοοηι.
2611 2150 2684 2204 sd

1531 2225 1742 2282 Nicocl.
1787 2229 1833 2290 ξ.
1862 2225 1964 2278 38:
2024 2224 2197 2308 ,,Χρῶ
2233 2229 2346 2281 τοῖς
2375 2225 2687 2292 εἰρημένας

1530 2291 1564 2364 ἢ
1601 2293 1738 2364 ζήτει
1774 2298 1964 2363 βελτίω
1990 2265 2226 2350 τούτων.ι
2271 2323 2340 2332 -
2366 2291 2516 2362 istie]
2543 2311 2685 2362 qnae

1530 2386 1682 2424 nunc
1717 2367 1942 2423 audisti.
1994 2397 2064 2408 —
2111 2367 2165 2422 si
2200 2366 2328 2434 non]
2367 2365 2576 2419 Keller.
2615 2383 2684 2422 ex

1530 2440 1694 2495 bonis
1755 2439 1914 2494 codd.
1985 2439 2037 2493 si
2101 2437 2198 2500 nil,
2259 2437 2410 2506 quod
2470 2436 2686 2506 recepit

1531 2513 1818 2568 Eckstein.

1833 2629 2222 2700 Epistula
2261 2626 2386 2682 VII.

1606 2727 1934 2794 „Maecenas
1972 2743 2097 2781 cum
2135 2742 2301 2796 segre
2347 2729 2563 2780 careret
2600 2724 2685 2779 fe·-

1532 2767 1866 2854 miliaritete
1917 2797 2139 2852 Horatii
2201 2797 2346 2852 vetis
2404 2801 2462 2851 et
2517 2795 2686 2851 amici

1532 2871 1612 2925 ob
1648 2887 1880 2938 eamque
1922 2887 2060 2938 rem,
2102 2868 2343 2924 fortasse
2386 2867 2560 2923 variis
2603 2868 2685 2922 vi-

1534 2947 1629 2998 tae
1667 2941 2030 2997 incommodis
2065 2940 2178 2995 iam
2212 2945 2415 3008 tactus,
2445 2940 2686 2994 amicum

1535 3014 1806 3069 dilectum
1845 3012 2054 3066 invitus
2113 3012 2446 3094 dimitteret,
2498 3011 2686 3066 Flacci

1534 3086 1849 3169 longiorem
1891 3101 2058 3152 quam
2095 3101 2262 3152 quem
2313 3084 2362 3137 is
2399 3083 2523 3137 fore
2558 3099 2686 3152 pro·

1534 3157 1768 3211 miserat
1809 3155 1869 3209 in
1905 3154 2042 3209 ville
2075 3173 2174 3210 sue
2210 3172 2482 3210 secessum
2519 3171 2688 3225 aegre

1536 3229 1731 3284 tulisse
1789 3227 2026 3282 videtur.
2138 3227 2314 3281 Poeta
2385 3226 2564 3298 igitur
2623 3229 2690 3280 ut

1536 3317 1695 3354 suem
1728 3299 2040 3355 absentiam
2075 3298 2138 3352 in
2182 3315 2278 3352 sex
2336 3315 2554 3352 menses
2603 3297 2688 3352 di·

1536 3373 1756 3427 laturus
1792 3379 2084 3425 excusaret
2141 3369 2462 3438 crimenque
2514 3369 2690 3423 enimi

1540 3442 1770 3514 ingrati,
1809 3441 1960 3511 quod
2005 3441 2113 3496 sibi
2168 3444 2402 3511 propter
2453 3441 2691 3510 promis-

1538 3531 1660 3570 sum
1697 3531 1812 3568 non
1863 3517 2146 3568 servatum
2201 3511 2325 3567 fieri
2383 3511 2690 3580 videretur,

1538 3583 1871 3640 dissolveret
1908 3589 2078 3654 atque
2123 3584 2350 3639 omnino
2391 3601 2548 3638 suam
2589 3600 2689 3637 suo

1538 3674 1697 3713 more
1731 3657 1959 3712 vivendi
2012 3657 2290 3712 rationem
2335 3659 2574 3737 petrono
2625 3653 2690 3707 li-

1538 3729 1673 3785 bere
1709 3733 2030 3798 exponeret‚
2056 3728 2202 3782 hanc
2232 3727 2458 3795 scripsit
2481 3724 2689 3795 epistu-

1539 3803 1654 3857 lam
1704 3799 1958 3855 Romano
2013 3799 2238 3853 homine
2287 3797 2690 3868 dignissimam.

1538 3873 1594 3928 Is
1655 3872 1804 3926 enim
1866 3871 2189 3926 valetudine
2248 3874 2371 3924 tum
2425 3869 2691 3923 utebatur

1539 3945 1724 3998 minus
1779 3943 2086 4011 commoda,
2138 3941 2228 3996 cui
2283 3941 2365 3996 ite
2403 3940 2690 3996 consulen-

1542 4015 1676 4070 dum
1715 4020 1854 4080 eret,
1893 4019 1958 4068 ut
1993 4031 2118 4069 cum
2157 4012 2370 4068 diutius
2405 4029 2536 4066 rure
2573 4027 2689 4065 mo-

1539 4092 1783 4154 reretur,
1820 4091 1943 4141 tum
1985 4103 2087 4155 per
2132 4084 2370 4139 hiemem
2419 4083 2492 4138 ad
2535 4099 2692 4137 mere

1539 4160 1578 4213 i.
1599 4177 1645 4214 e.
1679 4159 1738 4212 in
1771 4159 2060 4228 regionem
2095 4156 2429 4240 tepidior-em
2469 4155 2691 4209 deseen-

1536 4231 1714 4286 deret.
1790 4232 1942 4284 Ante
1978 4229 2166 4282 omnia
2203 4228 2222 4281 i
2269 4227 2381 4281 tur
2418 4230 2692 4310 quantum

1538 4301 1742 4358 debeat
1777 4305 2018 4371 petrono
2055 4299 2234 4355 libera
2225 4245 2446 4353 Iussimo
2472 4297 2692 4368 quanti-

1539 4391 1649 4444 que
1685 4373 1745 4426 ιιι
1777 4318 2064 4428 beneficiis
2098 4369 2298 4425 dandis
2335 4369 2592 4424 facienda
2617 4370 2694 4424 sit

1540 4446 1659 4501 eius
1681 4444 2000 4498 humanitas
2036 4447 2202 4514 grato
2239 4441 2540 4512 profitetur
2575 4441 2692 4496 ani-

1540 4535 1652 4580 mo.
1701 4517 1784 4570 ite
1845 4520 2034 4570 tamen
2097 4519 2164 4568 ut
2207 4531 2365 4568 suem
2412 4513 2586 4583 ipsius
2628 4513 2693 4568 li·

1542 4589 1824 4644 bei-tutem
1880 4585 2138 4642 omnibus
2192 4585 2359 4641 amici
2419 4585 2580 4641 donis
2635 4590 2694 4640 et
