3092 5059
1045 253 1210 320 LIB.
1255 254 1340 321 ΙΙ.
1383 254 1657 322 EPIST.
1702 255 1788 320 11.
2515 259 2639 324 605

239 474 315 513 ιω
336 441 430 516 In
486 467 728 518 vacuo
778 441 1026 519 laetus
1079 468 1328 518 sessor
1375 441 1841 542 plausorque
1890 443 2227 542 theatr03

338 565 620 644 Cetera
674 567 804 666 qui
855 567 1062 644 vitae
1111 579 1454 642 servaret
1501 568 1766 643 munia
1818 583 2022 645 rect-o

335 693 580 788 More,
633 693 882 767 bonus
929 717 1114 768 sane
1165 690 1481 787 vicinus,
1538 693 1888 768 amabilis
1940 695 2245 795 hospes,

336 816 600 894 Comis
655 819 736 894 in
787 843 1133 913 uxorem,
1190 829 1452 915 posset
1496 818 1633 916 qui
1684 818 2085 916 ignoscere
2136 825 2373 898 servis

333 944 430 1018 Et
481 945 701 1040 signo
755 942 966 1020 laeso
1019 968 1180 1017 non
1231 943 1567 1019 insanire
1618 942 2017 1042 lagoenae,

235 1099 314 1140 ωε
337 1068 606 1145 Posset
659 1069 794 1168 qui
838 1094 1106 1168 rupem
1159 1080 1234 1143 et
1282 1079 1601 1164 puteum
1657 1069 1902 1146 vitare
1952 1083 2365 1170 patentem.

336 1195 494 1270 Hic
544 1194 676 1270 ubi
731 1206 1240 1293 cognatorum
1292 1195 1572 1292 opibus
1621 1195 1979 1294 curisque
2024 1197 2361 1274 refectus

333 1318 650 1417 Expulit
701 1318 1044 1396 elleboro
1090 1321 1446 1396 morbum
1499 1320 1896 1419 bilemque
1946 1345 2253 1396 meraco

336 1443 436 1518 Et
479 1442 684 1519 redit
735 1443 834 1519 ad
890 1471 1094 1520 sese:
1145 1444 1334 1542 „Pol
1379 1470 1504 1521 me
1558 1444 1967 1541 occidistis,
2019 1445 2270 1542 amici,

336 1568 511 1642 Non
565 1565 1006 1664 servastis,“
1059 1571 1190 1667 ait,
1239 1570 1410 1667 „cui
1461 1570 1573 1646 sic
1625 1583 1917 1646 extorta
1957 1569 2311 1668 voluptas

237 1727 314 1766 140
335 1694 435 1770 Et
486 1693 842 1793 demptus
896 1721 1038 1793 per
1087 1695 1242 1770 vim
1295 1697 1572 1772 mentis
1625 1695 2102 1795 gratissimus
2154 1695 2445 1773 error.“

315 1820 718 1896 'Nimirum
771 1847 1043 1922 sapere
1094 1835 1210 1897 est
1256 1823 1575 1898 abiectis
1622 1822 1813 1899 utile
1864 1821 2111 1920 nugis,

342 1943 438 2017 Et
489 1947 1024 2046 tempestivum
1075 1947 1336 2047 pueris
1391 1946 1818 2022 concedere
1868 1947 2159 2043 ludum,

336 2069 455 2145 Ac
509 2097 664 2146 non
719 2073 952 2148 verba
996 2074 1216 2172 sequi
1265 2071 1547 2146 fidibus
1599 2071 2078 2149 modulanda
2125 2073 2443 2171 Latinis,

340 2192 493 2269 Sed
540 2221 770 2272 verae
821 2223 1337 2296 numerosque
1385 2197 1815 2296 modosque
1874 2198 2213 2275 ediscere
2266 2200 2488 2276 vitae.

243 2351 318 2390 με.
348 2319 728 2412 Quocirca
777 2347 1082 2398 mecum
1133 2322 1414 2421 loquor
1465 2322 1658 2397 haec
1706 2323 2135 2424 tacitusque
2186 2323 2597 2400 recordor:

342 2446 475 2542 „Si
525 2447 668 2522 tibi
721 2449 937 2525 nulla
985 2448 1190 2525 sitim
1239 2447 1496 2525 finiret
1547 2449 1773 2550 copia
1813 2450 2201 2550 lymphae,

338 2570 710 2649 Narrares
765 2574 1124 2651 medicis:
1181 2575 1389 2674 quod
1449 2588 1737 2673 quanto
1790 2575 2017 2676 plura
2066 2576 2375 2674 parasti,

341 2694 585 2771 Tanto
638 2697 866 2795 plura
917 2700 1155 2796 cupis,
1211 2699 1506 2775 nulline
1560 2699 1875 2776 faterier
1924 2697 2217 2775 audes?

231 2961 412 3030 Lycas
450 2963 634 3046 dictus
673 2963 811 3018 est.“
851 2964 1060 3020 Comm.
1101 2966 1268 3035 Cruq.
1317 2993 1386 3004 -
1480 2964 1585 3019 bus
1598 2965 1679 3032 ¹?“‚
1734 2967 1800 3017 ut
1850 2963 2152 3034 cogitando
2202 2963 2375 3018 addas
2422 2979 2503 3017 me
2548 2961 2641 3018 vel

229 3041 414 3104 posset
440 3035 733 3106 tyno-scere]
768 3036 804 3088 i.
828 3053 874 3091 e.
909 3037 1075 3092 facile
1105 3038 1175 3091 ab
1201 3039 1387 3093 animo
1481 3052 1750 3106 quemque.
1823 3035 1949 3090 Non
1992 3039 2160 3096 recte.
2202 3053 2331 3090 nam
2368 3035 2639 3104 tempesti-

233 3107 572 3174 impetraret
616 3111 720 3161 cet.
777 3137 838 3147 --
903 3109 1061 3178 siquo
1099 3109 1264 3178 laeso]
1311 3109 1386 3164 cf.
1479 3124 1605 3162 vum
1650 3107 1836 3161 ludum
1881 3106 1994 3161 dici
2052 3107 2171 3177 ipse
2218 3123 2410 3161 versus
2459 3105 2639 3160 docet.

234 3176 482 3232 Martial.
539 3177 636 3246 IX,
694 3180 781 3246 88,
832 3179 894 3232 7:
953 3179 1150 3246 „Nunc
1202 3182 1390 3250 signat
1483 3209 1551 3218 —
1606 3195 1673 3234 ae
1715 3177 1905 3246 ποιῇ,
1909 3177 2037 3246 ,Ubi
2074 3177 2243 3232 alicui
2279 3177 2497 3233 notioni
2528 3176 2642 3231 alia

233 3265 388 3304 meus
439 3250 636 3304 anulus
681 3218 998 3321 lagoenas.“
1052 3282 1119 3291 -
1176 3253 1388 3320 rupem]
1482 3267 1627 3320 quae
1675 3255 1917 3320 negatur
1958 3249 2299 3304 definitionis
2344 3267 2510 3304 causa
2547 3248 2643 3302 ad·

235 3320 306 3375 cf.
341 3319 456 3375 Sat.
493 3321 566 3389 11,
602 3324 654 3389 3,
692 3326 778 3375 59.
816 3324 885 3376 A.
922 3321 984 3376 P
1023 3324 1128 3376 457
1164 3340 1282 3392 sqq.
1323 3351 1386 3362 -
1481 3321 1765 3393 iungenda
1799 3321 2037 3389 ideoque
2075 3321 2136 3374 in
2172 3338 2347 3390 aequo
2383 3320 2641 3390 ponenda

234 3392 450 3462 opibus]
487 3393 714 3454 auxilio,
753 3411 884 3464 ope;
923 3399 986 3448 ut
1017 3395 1199 3464 Epist.
1238 3393 1283 3463 1,
1309 3397 1390 3462 10,
1484 3403 1589 3456 est,
1624 3411 1749 3448 eam
1769 3392 1961 3447 Latini
1998 3410 2111 3446 non
2148 3409 2251 3462 per
2284 3409 2379 3447 nec
2416 3393 2513 3446 sed
2536 3407 2640 3461 per

237 3466 323 3517 36.
381 3494 451 3503 —
505 3465 748 3534 elleboro]
805 3465 918 3520 Sat.
972 3465 1044 3532 11,
1084 3469 1136 3534 3,
1175 3467 1260 3520 82.
1324 3495 1384 3506 -—-
1482 3481 1547 3520 ac
1568 3481 1677 3519 mm
1696 3469 1817 3518 tum
1837 3469 2087 3528 nectunt,
2108 3481 2235 3518 cum
2257 3464 2406 3518 inter
2428 3469 2638 3518 utram·

234 3535 807 3690 b-ff‘ssffrfflfflro‘d
820 3537 1062 3677 p‘gssffi,
1085 3538 1255 3676 ¹i⁶¹.⁵‚
1260 3539 1390 3676 ἒξ
1483 3553 1596 3678 ‘¹32
1640 3535 2637 3662 ffiffzoeffl²01zff⁰3issssoess⁰}?0..¹2

234 3677 442 3748 ticyrss
477 3679 678 3735 melior
719 3681 947 3735 sorbere
983 3683 1266 3736 meracas!
1323 3709 1390 3721 —-
1481 3679 1665 3734 Hand.
1704 3677 1863 3732 Turs-
1954 3721 1967 3733 .
1994 3679 2036 3733 Ι.
2073 3697 2127 3748 p.
2152 3681 2274 3732 473.
2314 3677 2384 3732 cf.
2420 3677 2535 3732 Sat.
2562 3677 2635 3744 11,

236 3750 546 3822 occidistis]
587 3751 678 3807 Sic
705 3751 929 3808 Terent.
963 3752 1187 3808 Phorm.
1214 3687 1308 3817 IV,
1339 3755 1390 3818 2,
1482 3753 1533 3818 3,
1589 3753 1705 3804 135.
1778 3750 1961 3820 Epist.
2013 3751 2057 3818 Ι,
2100 3753 2181 3808 10
2226 3752 2310 3804 46.
2359 3777 2425 3788 —-
2474 3749 2635 3804 verba

233 3823 330 3876 67.
363 3822 558 3892 ‚,Geta,
578 3824 832 3879 occidisti
854 3842 944 3880 me
959 3826 1072 3879 tuis
1093 3795 1388 3879 fallaciisf‘
1481 3822 1659 3892 sequi]
1700 3822 1945 3876 Coi-mini
1983 3822 2365 3892 componendo
2409 3837 2637 3890 operam

311 3894 378 3948 V.
402 3896 521 3948 141.
561 3895 776 3967 sapere]
802 3895 873 3951 ed
898 3897 1206 3965 sapientiae
1229 3913 1390 3965 prae-
1482 3893 1646 3962 dare3
1701 3893 1805 3948 cfr.
1855 3896 1923 3947 A.
1964 3895 2022 3948 P.
2070 3896 2192 3948 240.
2249 3924 2311 3932 -
2368 3891 2638 3960 recordor]

235 3971 401 4036 cepta
437 3967 614 4021 vitam
649 3985 999 4038 componere.
1034 3968 1216 4039 Epist.
1253 3967 1296 4031 1,
1335 3967 1390 4036 2,
1482 3966 1669 4035 prima
1704 3965 2144 4037 significatione.
2197 3965 2257 4019 in
2296 3969 2482 4018 mente
2520 3963 2637 4034 agi-

234 4039 327 4091 40.
352 4067 422 4077 -
459 4039 645 4109 nemis]
673 4039 918 4094 ludicris.
955 4039 1135 4110 Epist.
1161 4039 1206 4108 Ι,
1231 4041 1278 4107 1,
1307 4039 1390 4092 10.
1483 4043 1625 4104 tare,
1662 4043 2036 4107 reputare—
2058 4037 2306 4107 lymphae
2353 4035 2423 4090 cf.
2454 4035 2635 4090 Carm.

235 4139 312 4150 —-
347 4110 737 4180 tempestivum]
775 4111 1046 4166 Dativum
1075 4112 1268 4182 pueris
1303 4127 1388 4164 re-
1483 4109 1555 4177 11,
1579 4111 1629 4172 2,
1654 4110 1720 4162 13
1740 4127 1859 4178 sqq.
1887 4109 2165 4196 Diogenes
2186 4125 2275 4178 ap.
2332 4107 2449 4192 tob.
2470 4105 2541 4174 X,
2550 4107 2635 4160 46.

235 4181 325 4236 fer
363 4185 420 4234 et
455 4181 528 4235 ad
563 4187 721 4251 temp.
762 4187 820 4236 et
853 4183 926 4236 ad
961 4183 1252 4238 concedere.
1314 4181 1387 4236 of.
1480 4199 1549 4261 p.
1563 4179 1693 4234 131:
1732 4185 2039 4269 „Aeoye‘vnc
2062 4179 2273 4252 ὡμοίου
2296 4175 2419 4238 τοὺς
2442 4179 2637 4250 φιλαρ-

237 4254 351 4308 Cio.
391 4251 550 4308 Tusc.
589 4253 756 4318 Ι,45,
796 4255 912 4308 109.
952 4253 1282 4308 Ovid.Met.
1321 4253 1390 4321 V,
1480 4245 1679 4322 γὺρυυς
1710 4271 1863 4334 Jotc·
1853 4251 2217 4337 ωδρωπικοῖς·
2258 4251 2494 4308 ἐκείνους
2527 4249 2641 4320 μὲν

235 4326 346 4378 500
381 4341 448 4380 ac
493 4329 786 4394 praeterea
831 4323 965 4380 Hor.
1003 4325 1183 4394 Epist.
1225 4324 1269 4392 1,
1307 4327 1389 4392 14,
1480 4323 1590 4394 γὰρ
1617 4317 1888 4406 πλήρεις”
1857 4341 2019 4383 omae
2158 4327 2317 4410 υρίου
2340 4323 2640 4392 ἐπιθυμεῖν

237 4396 327 4451 36.
387 4395 777 4450 Doederlinius
813 4397 1184 4463 tmnpoetivum
1219 4393 1388 4450 collo·
1481 4397 1750 4482 πλείονος,
1762 4413 1981 4454 τουτους
1993 4320 2274 4462 δ’ἷῧγατος,
2287 4391 2640 4478 ἀμφοτέρους

234 4473 426 4523 catum
481 4472 648 4537 putat
701 4471 768 4521 ut
811 4465 960 4536 apud
1009 4465 1184 4521 Tacit.
1240 4465 1388 4520 Dial.
1484 4468 1546 4520 δὲ
1572 4463 1711 4538 πρὸς
1729 4467 1917 4519 κακοῦ.
1922 4473 1951 4500 ·
1971 4465 2637 4521 Estoonclusioaminori

241 4539 335 4593 14:
384 4538 567 4607 „Num
600 4555 800 4609 parum
837 4539 1180 4607 tempestivus
1215 4538 1388 4592 inter·
1481 4538 1554 4592 ad
1583 4539 1777 4604 maius,
1814 4543 1881 4592 ut
1910 4537 2093 4608 Epist.
2125 4537 2168 4604 1,
2196 4539 2249 4605 2,
2278 4539 2363 4591 37.
2399 4537 2493 4591 Ad
2516 4555 2635 4592 rem

233 4611 366 4667 veni
421 4615 698 4666 secretum
743 4609 1038 4666 consilium
1091 4610 1385 4664 tractanti·
1481 4625 1745 4681 compara
1762 4578 2273 4680 carm.111,16,1’7
2294 4627 2415 4679 sqq.
2450 4608 2635 4679 Epist.
