3092 5059
997 212 1158 278 LIB.
1203 213 1322 280 111.
1366 213 1617 284 GARM.
1658 217 1767 284 IV.
1812 219 1887 284 V.

2522 227 2639 293 181

649 399 986 499 Reliquit
1034 399 1190 476 ales
1243 404 1629 502 nequitiae
1673 405 1980 482 additus

745 528 1058 625 Custos3
1110 541 1532 605 amatorem
1587 543 1969 607 trecentae

564 686 618 727 ao
849 653 1276 730 Pirithoum
1335 653 1695 733 cohibent
1746 669 2077 735 catenae.

1181 939 1561 1030 OARMEN
1626 945 1717 1031 V.

643 1091 878 1169 Caelo
931 1105 1321 1171 tonantem
1376 1092 1843 1170 credidimus
1894 1093 2167 1172 Iovem·

644 1219 1034 1316 Regnar03
1083 1244 1444 1316 praesens
1492 1217 1713 1294 divus
1765 1217 2171 1296 habebitur

741 1342 1129 1441 Augustus
1181 1344 1498 1421 adiectis
1550 1345 1938 1420 Britannis

837 1467 1175 1567 Imperio
1229 1468 1747 1568 gravibusque
1798 1467 2072 1545 Persis.

585 1641 612 1683 s
645 1609 968 1686 Milesne
1015 1611 1270 1690 Crassi
1322 1611 1653 1708 coniuge
1704 1611 2036 1688 barbara

639 1736 914 1834 Turpis
965 1737 1282 1813 maritus
1333 1736 1524 1812 vixit
1578 1747 1653 1811 et
1700 1735 2059 1834 hostium,

229 1917 534 2045 m‘⁹¹b''{⁸2a{3
549 1917 1384 2046 Ροῗέωέὠῗῖἓῗίἒῖῗὲᾓῗ

231 2063 432 2132 ignem
477 2005 704 2124 evodii,
749 2061 846 2116 sed
875 2007 992 2116 pneg
1004 2062 1123 2116 eius
1160 2033 1384 2131 quideui

227 2133 528 2188 celeritate
554 2133 852 2202 quicquam
873 2132 1097 2187 efficiet.
1119 2163 1183 2173 —
1207 2133 1358 2204 Tityz

229 2204 404 2260 Hom.
441 2203 546 2258 od.
583 2203 680 2272 XI,
712 2205 1009 2258 575—580.
1043 2235 1102 2244 —
1137 2135 1382 2276 reliquit]

227 2277 300 2331 In
341 2275 508 2330 bonis
544 2277 714 2330 etiam
751 2275 912 2330 libris
929 2275 1083 2330 MSS.
1108 2277 1382 2345 relinquit.

229 2349 560 2416 Utrumque
595 2347 788 2402 eodem
824 2347 988 2403 redit.
1063 2347 1380 2403 Perfectum

225 2425 526 2490 praestare
543 2418 768 2474 videtur
796 2416 1030 2490 propter
1045 2419 1382 2489 praecedens

227 2491 386 2546 idem
435 2496 656 2560 tempus
699 2491 925 2560 peredit.
1001 2490 1382 2560 supplendum

227 2563 418 2618 adhuc
443 2591 510 2601 —
539 2560 851 2631 Hrithous]
876 2561 1245 2632 Lapitharum
1284 2579 1384 2618 rex

229 2651 364 2689 cum
403 2633 618 2688 Theseo
661 2633 840 2688 amico
875 2632 1266 2704 Proserpinam
1315 2653 1383 2690 ex

229 2705 386 2761 Orco
420 2721 624 2774 rapere
658 2711 888 2760 conatus
939 2724 974 2759 a
1013 2705 1250 2760 Plutone
1297 2723 1380 2761 sa·

225 2779 318 2832 xis
367 2777 636 2848 alligatus
685 2781 784 2830 est.
863 2776 932 2832 cf.
969 2777 1065 2845 IV,
1103 2778 1156 2844 7,
1195 2779 1263 2830 27
1301 2795 1381 2848 sq.

231 2879 296 2890 -
319 2853 598 2906 trecentae
813 2849 995 2916 ultae3
1030 2853 1096 2903 ut
1130 2849 1190 2902 in
1219 2867 1384 2918 prosa

231 2921 491 2977 sescenti.
613 2919 722 2988 .H,
749 2921 835 2988 14,
865 2921 918 2974 ὅ.
990 2917 1102 2975 Sat.
1137 2919 1181 2989 1,
1213 2923 1264 2990 ὅ,
1299 2923 1383 2976 12.

622 3032 910 3088 Carmen
943 3033 1011 3086 V.

301 3130 468 3200 Quod
503 3129 566 3184 in
601 3129 969 3198 praecedente
1001 3130 1246 3186 carmine
1280 3149 1382 3200 pu-

232 3219 346 3274 gna
369 3201 640 3256 Titanum
669 3205 728 3255 et
751 3199 1054 3272 Gigantum
1073 3201 1382 3257 indicatum

233 3279 334 3340 est,
379 3274 440 3327 id
493 3273 660 3327 huius
702 3273 966 3328 carminis
1023 3274 1382 3344 stropharum

235 3346 396 3414 quasi
453 3361 658 3416 agmen
709 3344 884 3398 ducit.
966 3345 1044 3401 Ut
1098 3345 1352 3415 Iuppiter
1364 3386 1380 3414 ,

235 3417 408 3471 totius
464 3415 664 3470 mundi
718 3415 1079 3488 gubernator,
1123 3418 1182 3470 in
1231 3418 1382 3472 caelo

235 3493 454 3559 regnat.
491 3489 576 3542 sic
609 3489 928 3558 Augustum
973 3505 1162 3542 rerum
1197 3493 1379 3560 gesta·

237 3577 363 3614 rum
399 3578 458 3614 m
578 3559 732 3613 'tudo
779 3563 1058 3614 terrarum
1094 3559 1382 3614 dominum

237 3629 388 3686 fecit.
460 3633 512 3686 A
592 3647 658 3686 eo
703 3629 881 3701 igitur
925 3631 1262 3700 sperandum
1298 3637 1384 3686 est

239 3701 358 3756 fore
419 3707 488 3755 ut
543 3701 799 3756 Romana
859 3702 1104 3773 dignitas
1161 3703 1384 3774 integra

237 3773 590 3842 restituatur,
625 3779 691 3827 ut
737 3791 876 3842 quas
918 3791 1140 3828 morum
1185 3775 1382 3844 depra-

241 3845 396 3899 vatio
429 3845 681 3900 Romano
721 3846 936 3900 nomini
969 3847 1233 3900 inusserit
1267 3843 1400 3900 mass-

243 3915 395 3969 cuias
429 3916 630 3982 deleat,
665 3921 732 3971 ut
767 3933 836 3971 ea
868 3917 1208 3972 reducantur
1243 3922 1382 3972 tem-

240 4003 384 4110 pora
417 3988 615 4056 quibus
653 3988 932 4044 bonorum
978 3990 1100 4043 laus
1144 3993 1202 4043 et
1234 3989 1384 4044 bona

271 4075 396 4112 ama
423 4060 600 4128 pluris
647 4059 998 4114 habebantur
1043 4077 1211 4128 quam
1259 4077 1382 4116 cor·

243 4131 398 4198 poris
432 4131 576 4185 salus
611 4135 671 4184 et
705 4132 842 4186 vita.
919 4131 1008 4186 En
1051 4131 1222 4187 habes
1261 4149 1379 4187 sen-

241 4201 492 4269 tentiam,
515 4219 683 4271 quam
721 4203 938 4258 duobus
963 4204 1230 4273 exemplis
1255 4205 1380 4258 illu-

245 4271 525 4327 strandam
549 4274 819 4330 Horatius
855 4274 964 4328 sibi
999 4277 1263 4346 sumpsit3
1303 4276 1380 4330 al-

247 4347 426 4397 terum
449 4349 532 4399 est
559 4363 752 4400 eorum
777 4345 1042 4415 militum,
1068 4347 1165 4415 qui
1187 4347 1380 4402 Crasso

247 4413 500 4484 primum,
553 4417 754 4472 deinde
790 4418 1038 4472 Antonio
1075 4435 1110 4472 a
1156 4418 1382 4474 Parthis

249 4483 396 4539 victo
431 4489 576 4558 capti
611 4489 753 4544 adeo
787 4493 1096 4559 potuerunt
1128 4490 1381 4546 oblivisci

251 4553 482 4613 Romani
535 4561 778 4617 nominis
833 4577 902 4616 ac
953 4561 1266 4634 dignitatis,
1320 4567 1384 4618 ut

1487 1919 1637 1974 inter
1676 1917 1915 1973 Parthos
1951 1917 2236 1986 habitare,
2272 1918 2632 1974 matrimonia

1487 1990 1649 2058 inire,
1708 2007 1863 2044 arma
1919 1990 2089 2044 etiam
2145 1993 2341 2044 contra
2388 1991 2632 2060 patriam

1487 2061 1637 2116 ferre
1683 2079 1797 2115 nou
1841 2059 1969 2115 dedi
2050 2064 2295 2115 arentur.
2369 2061 2631 2116 Alterum

1487 2133 1803 2202 exemplum
1829 2131 1987 2201 Regu
2012 2132 2032 2185 i
2068 2137 2182 2200 est;
2222 2131 2319 2201 qui
2358 2149 2485 2186 cum
2510 2133 2632 2187 istis

1455 2235 1460 2242 -
1487 2205 1827 2288 compositus
1852 2209 2093 2272 quantus
2118 2207 2439 2272 quantaque
2468 2202 2631 2258 laude

1485 2275 1690 2346 dignus
1755 2276 1988 2329 eminet!
2054 2273 2163 2342 Qui
2216 2292 2343 2329 cum
2400 2275 2633 2330 adversa

1485 2347 1717 2402 fortuna
1763 2365 1797 2402 a
1844 2345 2045 2400 Poenis
2100 2351 2294 2416 captus
2341 2351 2503 2414 esset,
2549 2347 2630 2400 in·
2744 2371 2765 2394 ο

1486 2419 1719 2488 dignum
1756 2435 1814 2472 se
1850 2417 2049 2472 habuit
2087 2417 2183 2486 qui
2216 2415 2454 2472 Romani
2492 2418 2631 2472 civis

1483 2491 1711 2544 nomine
1760 2494 2074 2556 ornaretur,
2128 2505 2230 2544 nec
2282 2489 2630 2544 honestatem

1485 2562 1655 2616 semel
1712 2561 1969 2616 amissam
2021 2559 2153 2616 ullis
2206 2577 2368 2631 posse
2406 2561 2631 2616 restitui

1487 2633 1703 2688 artibus
1757 2632 2033 2703 singulari
2087 2632 2293 2688 iudicio
2344 2632 2630 2688 iudicavit.

1483 2705 1664 2760 Huius
1720 2705 1899 2774 igitur
1958 2704 2106 2759 tanti
2160 2705 2270 2758 viri
2314 2704 2631 2774 exemplum

1482 2792 1613 2831 cum
1648 2777 1859 2830 maiore
1892 2776 2151 2830 ubertate
2176 2781 2489 2842 exornaret,
2517 2777 2629 2831 Ho-

1483 2848 1665 2902 ratius
1700 2852 1918 2902 rectum
1954 2864 2065 2916 quo
2103 2853 2221 2902 tam
2256 2848 2497 2902 multum
2534 2848 2630 2902 ille

1481 2919 1710 2974 valebat
1746 2935 1967 2973 sensum
1990 2919 2195 2973 eximie
2228 2919 2630 2988 comprobavit.

1484 2990 1722 3046 Carmen
1746 2991 1917 3044 habet
1949 2993 2011 3043 14
2038 2989 2312 3059 strophas,
2336 3007 2401 3044 ex
2427 2990 2631 3059 quibus

1481 3063 1664 3118 oratio
1678 3061 1881 3132 Reguli
1897 3063 1931 3115 6
1949 3061 2161 3116 medias
2180 3062 2391 3130 explet3
2407 3079 2629 3130 praece-

1482 3135 1625 3188 dunt
1648 3138 1917 3204 quattuor
1938 3133 2285 3202 totidemque
2303 3137 2627 3202 sequuntur.

1554 3206 1620 3260 V.
1695 3209 1741 3258 1.
1812 3205 2115 3272 tonantem]
2198 3207 2629 3272 τερπικέραυνος.

1484 3275 1647 3332 Ovid.
1696 3276 1846 3331 Fast.
1908 3276 1981 3342 11,
2044 3277 2168 3328 130:
2216 3275 2375 3344 „Hoc
2416 3280 2482 3330 tu
2525 3292 2629 3345 per

1481 3353 1689 3412 terras,
1762 3347 1913 3416 quod
1976 3348 2037 3400 iu
2090 3346 2317 3402 aethere
2374 3347 2631 3417 Iuppiter

1481 3420 1617 3488 alto,
1655 3419 1871 3474 Nomen
1890 3419 2083 3473 habes:
2122 3418 2409 3474 hominum
2446 3423 2509 3473 tu
2532 3436 2628 3488 pa·

1480 3496 1587 3558 ter,
1642 3491 1740 3545 ille
1798 3490 2017 3545 deum.“
2088 3489 2295 3544 Lucan.
2340 3490 2442 3553 ΙΙΙ,
2494 3491 2629 3546 319:

1483 3579 1618 3632 „per
1640 3561 1881 3616 fulmina
1914 3565 2135 3616 tantum
2161 3560 2343 3616 Sciret
2368 3561 2629 3631 (mortale

1481 3637 1674 3705 genus)
1726 3633 1911 3688 adhuc
1958 3633 2111 3687 caelo
2156 3633 2335 3688 solum
2391 3650 2630 3704 regnare

1480 3705 1827 3760 tonantem.“
1848 3732 1916 3744 —-
1938 3702 2288 3772 credidimus]
2328 3722 2549 3774 semper
2573 3711 2631 3760 et

1482 3777 1821 3832 credidimus
1847 3779 1905 3830 et
1928 3775 2230 3831 credemus.
2262 3805 2327 3814 —
2342 3777 2627 3847 praesens]

1483 3848 1553 3903 cf.
1591 3851 1801 3904 Auson.
1840 3847 1991 3901 Caes.
2027 3847 2063 3899 2
2098 3847 2169 3900 de
2204 3849 2485 3918 Augusto:
2526 3849 2628 3916 „In

1481 3921 1649 3974 terris
1683 3919 1931 3988 positum
1978 3917 2220 3974 credidit
2254 3936 2373 3974 esse
2408 3920 2629 3974 deum.“

1483 4021 1546 4031 --
1588 3991 1835 4058 adiectis]
1872 4007 1999 4044 cum
2039 3989 2333 4058 adiecerit3
2374 3991 2627 4059 loquitur

1481 4063 1631 4117 enim
1666 4066 1835 4132 poeta
1858 4061 1929 4116 de
1950 4060 2147 4116 futura
2172 4063 2395 4131 imperii
2424 4079 2535 4131 spe.
2556 4091 2625 4101 —

1481 4136 1708 4204 coniuyc
1732 4133 1993 4203 barbara]
2020 4133 2195 4204 Iunge
2220 4132 2455 4188 maa-itus
2482 4132 2625 4186 coni.

1478 4207 1645 4267 barb„
1690 4210 1756 4260 ut
1794 4202 1954 4259 Ovid.
1994 4205 2125 4259 Her.
2154 4209 2206 4272 4,
2242 4206 2365 4258 134:
2414 4201 2627 4272 „fratre

1481 4278 1687 4331 marita
1704 4277 1914 4331 soror.“
1960 4275 2167 4346 Turpis
2186 4281 2287 4344 est,
2308 4275 2441 4343 quia
2462 4274 2627 4329 dede-

1480 4349 1601 4402 cuit
1622 4349 1769 4402 cives
1796 4348 2150 4417 peregrinam
2172 4351 2231 4401 et
2254 4347 2429 4401 hostis
2452 4345 2627 4400 filiam

1479 4421 1542 4473 in
1578 4419 1999 4474 matrimonium
2024 4419 2245 4472 ducere.
2282 4418 2352 4472 cf.
2384 4417 2535 4472 Caes.
2562 4417 2625 4472 B.

1481 4509 1526 4546 c.
1545 4490 1649 4556 111,
1676 4492 1791 4544 110.
1808 4490 2051 4557 -vioet'fl
2074 4489 2256 4544 Locus
2282 4507 2447 4559 quem
2467 4505 2625 4545 occu-

1482 4563 1643 4633 pavit
1698 4561 1933 4618 verbum
1996 4577 2261 4630 magnam
2324 4563 2376 4618 ei
2424 4561 2627 4617 tribuit
