3092 5059
397 236 482 301 90
1368 237 1824 308 CARMINUM

898 424 1170 503 Lenite
1223 424 1666 523 clamorem,
1720 426 2047 524 sodales,

997 552 1094 627 Et
1145 551 1407 627 cubito
1459 564 1853 629 remanete
1900 576 2193 653 presso.

798 698 1054 777 Vultis
1099 702 1348 777 severi
1400 727 1524 777 me
1582 726 1891 801 quoque
1944 726 2244 777 sumere

721 861 772 900 ιο
805 824 1115 902 Partem
1158 826 1516 903 Falerni?

1618 827 1840 903 Dicat
1887 826 2273 926 Opuntiae

901 950 1173 1027 Frater
1222 950 1613 1051 Megillae,
1672 977 1823 1052 quo
1879 952 2141 1029 beatus

997 1075 1358 1172 Vulnere,
1421 1102 1577 1175 qua
1624 1090 1893 1177 pereat
1943 1078 2243 1175 sagitta.

805 1226 1071 1303 Cessat
1109 1224 1510 1302 voluntas?
1614 1227 1788 1302 Non
1841 1224 1997 1302 alia
2044 1224 2305 1302 bibam

799 1350 1180 1427 Mercede.
1282 1350 1499 1443 Quae
1545 1364 1622 1427 te
1674 1375 2003 1452 cumque
2055 1348 2320 1427 domat
2372 1351 2646 1447 Venus,

722 1510 772 1551 ιο
903 1475 1077 1551 Non
1129 1477 1669 1552 erubescendis
1712 1475 1971 1552 adurit

994 1598 1316 1699 Ignibus
1369 1601 1863 1700 ingenuoque
1915 1624 2218 1699 semper

799 1748 1092 1825 Amore
1143 1776 1452 1849 peccas:
1505 1748 1877 1851 quicquid
1928 1750 2189 1847 habe8‚
2241 1776 2415 1849 age,-

800 1876 1123 1977 Depone
1174 1877 1355 1953 tutis
1407 1878 1745 1954 auribus.

1849 1876 1975 1952 Ah
2031 1876 2280 1973 miser,

904 1999 1211 2093 Quanta
1260 2001 1670 2079 laborabas
1726 2002 2145 2101 Charybdi,

716 2158 767 2199 ω
999 2126 1258 2223 Digne
1309 2153 1502 2227 puer
1553 2126 1875 2205 meliore
1922 2126 2272 2205 flamma!

807 2268 1024 2362 Quae
1075 2294 1282 2367 saga,
1341 2270 1512 2369 quis
1565 2282 1641 2345 te
1689 2270 1993 2347 solvere
2040 2268 2427 2349 Thessalis

801 2394 1079 2493 Magus
1133 2396 1475 2491 venenis,
1532 2396 1703 2495 quis
1754 2396 2042 2495 poterit
2086 2395 2327 2471 deus?

897 2519 1054 2595 Vix
1103 2519 1486 2618 illigatum
1535 2533 1615 2596 te
1668 2521 2005 2596 triformi

1001 2643 1340 2741 Pegasus
1387 2645 1747 2745 expediet
1796 2644 2232 2721 Chimaera.

401 2764 926 2893 xtffizfflrffst
978 2768 1551 2909 iffuffsffirffiftiff

400 2925 592 2977 presso
629 2909 882 2981 pulvillis
924 2910 1219 2965 substratis
1255 2911 1444 2966 cubito
1477 2912 1549 2965 si-

401 2979 597 3035 nistro.
661 2980 728 3035 cf.
770 2980 885 3037 Sat.
923 2982 993 3045 11,
1032 2984 1084 3051 4,
1121 2984 1206 3037 39.
1264 3011 1332 3022 -
1381 2982 1552 3037 severi

402 3050 652 3177 Pales-mg
697 3052 850 3108 Haec
895 3052 1059 3109 facile
1100 3058 1166 3109 ut
1209 3054 1549 3126 coniungan-

400 3126 513 3191 tur,
559 3122 620 3178 ef
655 3124 803 3179 citur
888 3126 974 3180 ari
1026 3143 1191 3194 quem
1248 3132 1551 3197 utrumque

399 3195 732 3249 vocabulum
770 3195 844 3251 ha
885 3200 942 3253 et
977 3214 1168 3251 versus
1206 3197 1344 3253 loco.
1397 3196 1549 3253 Seve-

399 3282 522 3321 rum
558 3266 858 3323 Falernum
908 3268 1056 3323 idem
1105 3273 1189 3323 est
1233 3269 1385 3339 quod
1435 3268 1547 3323 Sat.

399 3336 472 3406 Π,
511 3340 562 3404 4,
599 3340 670 3392 24
705 3341 848 3407 torte
882 3341 1216 3410 appellatur.
1246 3371 1311 3381 —
1346 3339 1544 3405 Vultis]

399 3409 806 3481 Interrogando
872 3412 1014 3466 nihil
1074 3412 1321 3467 efficitur
1395 3411 1546 3466 aliud

399 3480 509 3534 nisi
567 3481 759 3537 vivida
817 3484 1090 3553 quaedam
1156 3485 1415 3554 protasis.
1481 3513 1546 3522 —

405 3552 677 3621 Opuntiae
733 3554 912 3621 frater
973 3556 1247 3625 Meqillae]
1313 3572 1457 3609 unus
1519 3573 1550 3610 e

401 3624 668 3693 convivis,
707 3624 862 3680 cuius
899 3628 1115 3683 nomini
1163 3628 1302 3683 haec
1341 3626 1552 3681 blanda

402 3700 460 3750 et
503 3695 810 3752 honorifica
843 3698 1111 3767 pulchrae
1159 3699 1366 3753 sororis
1402 3716 1549 3753 com-

403 3768 732 3823 memoratio
793 3770 1169 3825 substituitur.
1233 3801 1297 3810 —
1359 3772 1551 3826 beatus

400 3838 638 3909 vulnere]
695 3840 848 3911 Egre
889 3842 1006 3896 ium
1060 3842 1312 3911 oxymori
1368 3858 1550 3896 exem-

399 3911 583 3979 plum;
645 3929 774 3966 nam
835 3860 1021 3968 vgenus
1083 3913 1342 3982 „dulcem
1403 3912 1551 3968 curis

401 3983 597 4038 miscet
642 3984 993 4040 amaritiem“
1041 3986 1264 4049 (catull.
1311 3986 1399 4043 68.
1443 3983 1552 4054 18).

402 4081 471 4093 —
522 4056 756 4127 sayitta]
807 4056 878 4110 cf.
921 4056 1100 4111 Carm.
1141 4056 1214 4119 11,
1255 4058 1307 4126 8,
1349 4058 1432 4109 15.
1482 4085 1551 4094 —

402 4140 541 4197 quae
565 4131 617 4181 te
637 4127 880 4197 cumque]
909 4128 1040 4183 vide
1065 4128 1136 4183 ad
1164 4128 1342 4183 Carm.
1365 4126 1407 4196 Ι,
1428 4126 1479 4195 6,
1501 4128 1551 4181 3.

405 4227 469 4236 —
518 4198 594 4253 ah
639 4198 828 4269 miser]
865 4200 1078 4255 Audito
1124 4199 1349 4255 tandem
1397 4198 1552 4267 puel-

403 4270 490 4325 lae
549 4271 774 4324 nomine
835 4270 1016 4325 iocose
1081 4271 1382 4339 exclamat,
1438 4288 1553 4323 non

403 4357 522 4395 esse
573 4340 906 4410 mirandum,
965 4342 1115 4411 quod
1159 4359 1362 4396 nomen
1409 4340 1553 4397 illud

443 4413 772 4467 renuntiare
809 4416 1099 4469 cunctatus
1137 4414 1226 4469 sit.
1301 4413 1426 4468 Huc
1466 4431 1552 4468 re·

403 4430 697 4538 {erendum
750 4490 837 4539 est
894 4484 1284 4555 imperfectum
1339 4484 1553 4540 labora-

403 4556 521 4620 bas,
571 4554 720 4624 quod
772 4556 833 4609 in
876 4556 1106 4627 optimis
1152 4556 1329 4623 codd„
1383 4555 1552 4611 etiam

1653 2769 1713 2821 in
1748 2766 2007 2823 Blandin.
2046 2768 2335 2838 antiquiss.
2373 2772 2663 2838 repertum
2697 2772 2817 2823 est.

1651 2839 1955 2907 Bentleius,
2016 2856 2143 2895 cum
2190 2840 2365 2895 latine
2410 2839 2522 2895 dici
2570 2842 2822 2909 putaret

1651 2912 1849 2974 morbo,
1883 2910 2107 2981 friqorc,
2142 2912 2341 2982 inopia
2386 2912 2650 2979 laborare,
2686 2928 2821 2966 non

1652 2983 1763 3037 dici
1812 2982 2064 3039 laborare
2110 2984 2338 3053 neyotio,
2383 2980 2543 3051 mari,
2594 2981 2693 3037 sed
2738 2982 2821 3038 in

1650 3054 1881 3124 negotio,
1918 3054 1978 3109 in
2020 3055 2183 3123 mari,
2229 3072 2332 3109 nec
2368 3054 2617 3109 laborare
2644 3054 2821 3125 puel-

1652 3126 1726 3194 la,
1771 3126 1868 3181 sed
1910 3126 1975 3179 in
2010 3126 2202 3195 puella
2240 3126 2440 3193 (Carm.
2477 3123 2523 3195 1,
2564 3126 2649 3193 17,
2693 3126 2819 3195 19),

1652 3215 1721 3252 ex
1758 3196 2011 3267 vestigiis
2058 3198 2327 3260 codicum,
2375 3198 2435 3253 in
2476 3196 2679 3269 quibus
2714 3214 2819 3251 re-

1651 3268 1869 3339 peritur
1906 3269 2076 3323 etiam
2115 3269 2347 3330 laboras.
2391 3266 2821 3323 restituendum

1650 3342 1877 3410 putavit
1936 3340 2150 3395 laboras
2218 3340 2281 3395 in
2340 3338 2617 3411 Charybdi
2676 3356 2819 3395 cum

1651 3412 1817 3479 Aldo,
1856 3410 2124 3483 CruquiO,
2170 3412 2311 3466 aliis.
2380 3413 2458 3465 At
2494 3408 2823 3479 Charybdis

1650 3502 1763 3538 non
1803 3489 1888 3538 est
1921 3484 2127 3553 puella,
2156 3484 2253 3539 sed
2278 3482 2621 3552 perniciosus
2646 3499 2823 3537 amor

1652 3552 2823 3696 {⁰335ssssaffi⁶¹ssz⁰e0.2¹”zissz²v⁰3⁶”ssp{ta

2472 3667 2487 3696 2

1655 3698 1815 3754 Ovid.
1855 3698 2026 3752 Trist.
2062 3698 2105 3759 Ι,
2149 3700 2231 3763 11,
2270 3699 2365 3751 2⁷:
2414 3696 2667 3766 „insidiis
2704 3696 2821 3752 ho-

1654 3770 1867 3826 minum
1903 3769 2199 3841 pelagique
2246 3768 2496 3825 laboro.“
2549 3796 2614 3808 —
2662 3764 2821 3824 oha-

1651 3842 1839 3913 rybdi]
1877 3840 2044 3912 Verg.
2084 3844 2224 3895 Aen.
2262 3838 2365 3909 111,
2391 3840 2514 3894 420.
2544 3868 2609 3879 -—
2642 3838 2821 3896 Thes-

1653 3912 1789 3968 salis
1808 3912 2047 3982 venenis]
2068 3906 2398 3985 φαρμάκοις,
2452 3910 2620 3966 uibus
2634 3910 2821 3967 Thes-

1654 3985 1794 4040 salia
1830 3984 2172 4052 abundabat,
2211 3982 2359 4039 unde
2442 3982 2646 4039 hessali
2682 3986 2821 4041 noti

1653 4054 1885 4111 venefici
1913 4061 1970 4111 et
1996 4056 2167 4127 magi.
2192 4054 2374 4124 Epod.
2398 4056 2449 4124 5,
2480 4056 2566 4111 45.
2592 4084 2659 4094 —
2680 4054 2817 4111 Chi-

1652 4126 1860 4197 maera]
1897 4126 2062 4181 Cuius
2102 4144 2349 4182 amorem
2396 4130 2632 4196 propter
2675 4141 2817 4181 ava-

1655 4199 1845 4253 ritiam
1901 4216 2026 4255 cum
2086 4198 2367 4267 Charybdi
2430 4196 2819 4267 comparavit,

1654 4288 1778 4325 eam
1805 4270 2157 4327 Chimaeram
2190 4270 2440 4341 appellat
2463 4272 2697 4339 propter
2721 4268 2819 4323 in—

1656 4342 2043 4397 constantiam.
2083 4341 2246 4396 Hom.
2284 4340 2350 4395 11.
2386 4340 2483 4409 vl,
2526 4340 2643 4394 180.
2696 4338 2818 4395 He-

1655 4413 1792 4467 siod.
1815 4412 2025 4483 Theog.
2053 4415 2183 4467 325:
2224 4410 2381 4482 „Thr
2402 4412 2517 4485 μὲν
2538 4406 2823 4481 Πήγασος

1655 4478 1763 4539 εἷλε
1800 4488 1892 4537 καὶ
1928 4482 2134 4545 ἐσθλὸς
2164 4478 2662 4559 Βελλεροφόντης.“
