3092 5059
1313 256 1769 325 EDITIONIS
1816 259 1865 326 I.
2715 290 2797 325 vn

389 445 724 543 legimus
773 470 964 521 sana
1013 446 1617 546 interpungendi
1658 448 1977 543 ratione,
2008 446 2475 546 impedimur
2517 474 2789 547 prava:

383 583 621 670 atque
670 570 1060 648 audienda
1111 584 1228 647 est
1277 570 1412 647 illa
1463 554 1616 647 vo'x
1652 570 2049 648 Ciceronis
2086 572 2184 648 de
2214 572 2427 650 Orat.
2466 573 2611 669 III,
2651 578 2788 649 46:

386 696 818 797 „clausulas
869 708 946 772 et
986 697 1475 796 interpuncta
1525 697 1937 773 verborum
1993 698 2297 774 animae
2347 697 2789 773 interclusio

383 832 462 897 et
515 820 918 914 angustiae
967 820 1282 920 spiritus
1336 816 1826 897 attulerunt.“
1894 820 2065 897 Iam
2116 834 2201 895 ut
2254 822 2353 897 de
2404 846 2791 897 commen·

385 946 602 1023 tariis
649 945 930 1042 dicam,
983 946 1093 1021 ita
1143 970 1308 1021 rem
1359 946 1679 1043 institui,
1730 960 1817 1021 ut
1864 948 2303 1047 praemissa
2356 946 2577 1023 brevi
2630 970 2789 1021 me-

385 1083 682 1145 trorum
753 1069 1236 1167 expositione
1309 1108 1410 1123 -
1479 1071 1560 1145 in
1635 1094 1791 1168 qua
1866 1068 2219 1145 ordinem
2290 1099 2337 1149 a
2406 1072 2788 1151 Selinitzio

387 1194 577 1270 olim
649 1194 734 1269 in
814 1207 1392 1290 programmate
1451 1196 1836 1293 gymnasii
1884 1196 2335 1273 Monasterii
2408 1196 2789 1273 Eifiiensis

385 1318 732 1396 dilucide
781 1318 1262 1418 propositum
1315 1345 1573 1397 meum
1624 1322 1781 1397 feci
1821 1364 1921 1377 —-
1962 1321 2287 1420 singulis
2322 1322 2789 1397 carminibus

383 1458 846 1543 argumenta
913 1469 1472 1546 praeponerem
1545 1447 1627 1521 in
1702 1446 1948 1546 iisque
2016 1448 2327 1524 uberius
2401 1472 2633 1547 quam
2706 1446 2789 1522 id

383 1567 556 1647 fieri
632 1568 830 1645 solet
885 1568 970 1643 in
1041 1568 1270 1645 huius
1337 1568 1555 1644 modi
1619 1569 2087 1645 editionibus
2152 1582 2229 1646 et
2294 1583 2649 1667 tempora
2716 1584 2791 1647 et

383 1696 562 1773 loca
631 1695 1174 1791 describerem,
1243 1696 1342 1771 de
1403 1720 1702 1772 summa
1774 1697 2197 1771 carminum
2248 1696 2625 1775 sententia
2674 1695 2790 1771 in-

387 1820 797 1920 quirerem,
871 1832 1128 1917 partes
1199 1820 1706 1917 ostenderem,
1782 1834 2019 1897 totam
2074 1819 2411 1920 denique
2462 1844 2789 1897 oecono-

385 1947 628 2022 miam
695 1945 930 2021 modo
995 1958 1354 2020 accurate
1427 1969 1891 2044 exponerem
1974 1945 2208 2021 modo
2294 1970 2469 2019 cum
2554 1947 2789 2022 totius

389 2070 648 2171 operis
705 2080 1114 2167 angustum
1187 2068 1524 2166 spatium
1576 2068 1969 2161 brevitatis
2020 2068 2358 2145 studium
2412 2070 2603 2145 mihi
2644 2072 2788 2146 im-

385 2207 736 2296 poneret,
805 2195 1165 2271 universe
1217 2192 1665 2269 indicarem.
1777 2190 1870 2266 In
1934 2218 2090 2291 qua
2140 2218 2227 2269 re
2278 2192 2428 2269 hoc
2481 2219 2791 2293 quoque

389 2333 690 2407 secutus
759 2346 951 2415 sum,
1011 2332 1098 2395 ut
1159 2317 1478 2394 consilio
1550 2330 1827 2414 poetae
1878 2316 2275 2415 explorato
2332 2320 2790 2395 convenien-

389 2448 654 2544 tiaque
681 2443 1164 2542 singularum
1185 2444 1612 2519 carminum
1641 2444 1975 2543 partium
1996 2456 2305 2541 reperta
2330 2443 2553 2519 malis
2592 2471 2789 2545 quae

387 2570 624 2647 hodie
677 2569 1032 2645 audimus
1086 2568 1182 2643 de
1228 2568 1532 2644 Horatii
1564 2568 2027 2645 carminibus
2080 2568 2383 2645 iudiciis
2438 2594 2789 2648 occurre-

387 2720 556 2771 rem
609 2706 1048 2794 quantaque
1094 2692 1528 2769 Venusinus
1581 2706 1811 2789 poeta
1860 2694 1941 2768 in
1992 2693 2475 2792 expoliendis
2514 2695 2789 2772 carmi-

385 2819 616 2893 nibus
657 2845 838 2895 usus
869 2832 1068 2895 esset
1097 2844 1282 2895 cura
1317 2832 1394 2895 et
1420 2832 1585 2894 arte
1613 2819 1855 2917 digito
1884 2832 2413 2895 monstrarem.
2458 2820 2789 2918 Magnus

389 2944 600 3020 enim
651 2946 1010 3020 carminis
1065 2943 1516 3021 conficiendi
1568 2944 1851 3019 artifex
1912 2945 2057 3019 fuit
2106 2944 2497 3041 Horatius,
2549 2969 2789 3043 quan-

389 3096 625 3170 quam
681 3070 938 3146 omnia
991 3071 1152 3145 eius
1191 3082 1551 3167 poemata
1598 3071 1775 3165 pari
1823 3068 2053 3145 laude
2106 3069 2347 3167 digna
2396 3096 2559 3146 esse
2615 3072 2787 3170 quis

387 3196 684 3271 sobrius
738 3195 993 3272 dicat?
1041 3195 1379 3271 Plurima
1430 3194 1510 3269 in
1570 3194 1687 3269 his
1743 3194 1972 3269 rebus
2025 3194 2272 3269 debeo
2328 3194 2787 3270 doctissimis

387 3322 577 3396 viris
635 3322 770 3420 qui
833 3322 1277 3419 nuperrime
1338 3320 1435 3397 de
1478 3320 1806 3395 Horatio
1880 3319 2369 3419 scripserunt,
2426 3319 2785 3413 Obbane,

391 3445 708 3542 Orellio,
755 3446 1193 3540 Duentzem,
1237 3443 1688 3537 Kirolmero,
1728 3443 2140 3538 Luebkerffi
2180 3442 2556 3537 Iacob-³2⁰0,
2596 3443 2785 3522 Gro-

387 3572 746 3675 tefendzb,
805 3569 1164 3665 Frank-ic,
1198 3570 1407 3665 aliis,
1452 3594 1783 3669 quorum
1810 3570 2126 3644 nomina
2160 3594 2279 3666 ne,
2320 3569 2789 3668 ubicumque

389 3722 658 3773 eorum
704 3695 1057 3771 doctrina
1102 3708 1180 3770 et
1230 3696 1505 3793 opibus
1558 3720 1739 3770 usus
1780 3719 2048 3789 essem,
2088 3695 2569 3770 nominarem
2602 3692 2788 3770 libri

389 3822 633 3898 vetuit
682 3825 1016 3900 brevitas
1069 3849 1159 3900 ac
1211 3836 1370 3899 tota
1408 3824 1627 3900 ratio,
1664 3820 1759 3896 In
1811 3820 2133 3919 singulis
2178 3819 2369 3895 loeis
2424 3832 2501 3896 et
2550 3818 2785 3896 versi-

389 3950 535 4024 bus
581 3948 1054 4050 explicandis
1123 3949 1274 4025 hoc
1329 3948 1538 4023 volui
1606 3972 1880 4023 cavere
1932 3972 2030 4022 ne
2074 3944 2264 4044 quid
2327 3970 2417 4020 ex
2470 3944 2789 4019 historia

385 4098 648 4149 rerum
679 4089 1089 4173 gestarum,
1127 4073 1625 4172 geographia,
1666 4072 2145 4171 mythologia
2164 4070 2554 4146 adferrem
2576 4067 2786 4167 quod

387 4202 546 4275 iam
597 4214 866 4275 notum
911 4226 1076 4276 esse
1129 4200 1448 4277 deberet
1474 4198 2089 4274 adulescentibus
2128 4197 2230 4272 ad
2282 4196 2614 4294 primam
2649 4220 2785 4293 gy-

387 4325 667 4400 mnasii
732 4324 1052 4401 classem
1124 4323 1729 4420 ascendentibus,
1792 4348 1890 4398 ne
1983 4321 2169 4421 quid
2251 4343 2784 4421 expromerem

389 4450 604 4550 quod
655 4464 785 4527 aut
833 4462 1036 4529 artes
1087 4448 1633 4548 grammaticae
1690 4459 1822 4523 aut
1886 4445 2135 4523 lexica
2186 4446 2447 4543 latina,
2502 4444 2782 4545 quibus

389 4576 506 4651 uti
555 4575 803 4653 solent
846 4574 1232 4673 discipuli,
1279 4573 1587 4649 abunde
1625 4572 2107 4672 praeberent,
2150 4599 2249 4650 ne
2302 4571 2635 4671 denique
2688 4570 2779 4645 li-
