3092 5059
313 227 436 291 258

1278 227 1736 296 CARMINUM

715 415 1070 493 Adfulsit
1117 416 1432 517 populo,
1485 416 1785 516 gratior
1830 417 1893 493 it
1946 417 2107 494 dies

913 543 1008 616 Et
1057 542 1256 619 soles
1307 542 1583 619 melius
1636 546 1903 620 nitent.

713 693 812 770 Ut
861 707 1102 769 mater
1151 693 1532 790 iuvenem,
1584 720 1815 794 quem
1865 693 2109 769 Notus
2159 692 2427 770 invido

627 849 675 888 ιο
709 815 937 892 Flatu
983 815 1380 919 Carpathii
1422 832 1633 894 trans
1686 819 1917 895 maris
1968 844 2309 918 aequora

713 943 1217 1020 Cunctantem
1267 943 1514 1044 spatio
1570 942 1877 1043 longius
1930 969 2183 1019 annuo

918 1065 1142 1144 Dulci
1193 1067 1507 1146 distinet
1545 1094 1594 1144 a
1644 1068 1901 1166 dom0,

710 1217 924 1294 Votis
981 1213 1522 1319 ominibusque
1570 1233 1647 1295 et
1698 1220 2055 1316 precibus
2107 1231 2349 1315 vocat,

713 1342 973 1419 Curvo
1028 1369 1172 1419 nec
1223 1344 1504 1438 faciem
1552 1343 1781 1420 litore
1828 1344 2226 1441 demovet3

632 1499 682 1540 ιε
719 1468 846 1546 Sic
900 1468 1300 1546 desideriis
1352 1471 1505 1545 icta
1554 1469 1914 1546 fidelibus

913 1595 1241 1688 Quaerit
1291 1597 1540 1696 patria
1593 1593 2027 1673 Caesarem.

715 1745 953 1821 Tutus
999 1747 1137 1823 bos
1194 1749 1481 1823 etenim
1531 1774 1715 1824 rura
1766 1748 2280 1849 perambulat,

710 1871 974 1949 Nutrit
1029 1900 1211 1950 rura
1266 1875 1497 1952 Ceres
1553 1874 1915 1974 almaque
1964 1873 2363 1972 Faustitas,

710 1999 1079 2075 Pacatum
1129 2000 1457 2076 volitant
1505 2027 1648 2098 per
1696 2025 1913 2076 mare
1962 2000 2291 2098 navitae,

627 2157 680 2200 ω
917 2121 1238 2222 Culpari
1291 2124 1567 2199 metuit
1618 2123 1883 2220 Fides3

711 2274 958 2351 Nullis
1007 2272 1382 2370 polluitur
1435 2287 1645 2349 casta
1697 2272 1971 2349 domus
2024 2275 2335 2373 stupris,

711 2400 884 2475 Mos
939 2414 1015 2475 et
1062 2383 1192 2475 lex
1235 2397 1713 2474 maculosum
1769 2398 2113 2475 edomuit
2162 2377 2406 2494 nesae,

709 2523 1160 2599 Laudantur
1210 2522 1447 2599 simili
1495 2522 1721 2619 prole
1766 2548 2217 2624 puerperae,

913 2647 1245 2745 Culpam
1298 2647 1559 2724 Poena
1600 2649 1890 2745 premit
1938 2675 2217 2725 comes.

314 2856 397 2910 13.
434 2855 616 2925 Epist.
655 2855 699 2924 1,
717 2857 806 2925 20,
829 2855 915 2909 24.
938 2885 1004 2895 -
1023 2856 1074 2911 it
1097 2855 1236 2925 dies]
1277 2855 1460 2911 Carm.

311 2925 384 2989 11,
444 2931 525 2989 14,
581 2928 631 2980 5.
671 2957 737 2967 —
779 2926 984 2998 Notus]
1043 2929 1142 2996 qui
1197 2927 1464 2982 adversus

311 3003 396 3054 eet
433 3016 501 3053 ex
528 2999 661 3052 Asia
696 2999 756 3052 in
787 2999 1012 3053 Italiam
1047 2999 1463 3069 navigantibus.

310 3069 496 3125 Poetis
547 3075 734 3124 autem
771 3087 898 3125 cum
942 3087 1132 3125 omnes
1167 3087 1256 3125 res
1291 3071 1464 3125 etiam

311 3143 654 3197 inanimatae
682 3142 946 3211 spiritum
983 3146 1040 3196 et
1061 3143 1238 3197 vitam
1259 3142 1465 3196 habere

309 3215 627 3282 videantur,
662 3218 862 3268 ventus
899 3213 1070 3268 etiam
1106 3214 1250 3268 vivit
1286 3218 1346 3269 et
1367 3230 1464 3268 vo·

309 3285 530 3340 luntate
584 3285 772 3353 aliqua
831 3285 916 3340 vel
977 3285 1288 3354 cupiditate
1345 3303 1380 3339 a
1421 3285 1463 3339 i-

309 3361 430 3426 tur;
479 3357 611 3411 inde
664 3357 856 3412 invido
899 3357 1058 3425 flatu,
1113 3375 1228 3412 non
1281 3374 1321 3410 u
1366 3357 1378 3370 ‘
1415 3373 1466 3426 o,

313 3428 462 3498 quod
504 3429 564 3482 in
603 3429 888 3482 nonnullis
927 3433 1012 3482 est
1047 3427 1208 3483 codd.
1235 3457 1306 3468 -
1332 3427 1464 3484 Gar·

301 3499 512 3571 pathit]
563 3499 630 3554 cf.
675 3499 854 3554 Carm.
893 3499 937 3566 I,
975 3501 1064 3568 35,
1105 3501 1156 3553 Β.
1203 3529 1266 3539 -—
1301 3500 1464 3568 votis]

311 3570 382 3624 cf.
444 3571 567 3624 Liv.
625 3571 802 3640 praef.
868 3575 1011 3626 extr.
1080 3587 1242 3640 „cum
1303 3571 1464 3626 bonis

311 3642 590 3696 ominibus
616 3644 873 3711 votisque
905 3659 970 3697 ac
997 3643 1462 3712 precationibus.“

313 3743 379 3753 —
415 3713 598 3784 emmo]
651 3719 717 3768 ut
772 3714 822 3768 Ε
863 3714 954 3769 od.
1010 3717 1090 3780 10,
1141 3717 1228 3769 21.
1297 3715 1463 3785 Verg.

309 3787 449 3839 Aen.
489 3783 589 3852 ΠΙ,
627 3785 749 3839 223.
875 3827 890 3855 ,
931 3787 1052 3840 765.
1101 3815 1168 3825 —
1218 3786 1355 3856 icta]
1393 3785 1463 3840 cf.

310 3855 512 3912 Aesoh.
551 3858 751 3926 Agam.
793 3859 932 3911 544:
993 3860 1200 3928 ,,ἱμέρῳ
1258 3861 1461 3923 πεπλη-

309 3929 604 4054 ,ὁμένζέῧὲ
631 3927 715 3982 De
735 3931 1153 4014 comparatione
1171 3929 1272 3983 cfr.
1298 3928 1461 4012 Hom.

309 4001 496 4126 logiam
573 4001 868 4140 ocgpffilvtit
929 4000 1462 4126 coegffimllizgiffolnlz

310 4159 550 4211 morem3
589 4142 686 4196 sed
719 4143 901 4211 poetis
943 4144 1002 4197 in
1037 4144 1145 4198 hac
1174 4161 1234 4197 re
1257 4161 1464 4214 magna

309 4218 396 4268 est
419 4213 662 4268 licentia.
703 4243 768 4253 —
795 4215 975 4269 nutv-it
999 4215 1158 4282 rura]
1196 4213 1303 4281 Qui
1329 4231 1460 4268 ana·

309 4286 523 4355 phorae
580 4289 918 4354 potestatem
963 4304 1076 4340 non
1125 4286 1460 4354 sentiebant,

309 4373 449 4411 rura
507 4373 622 4410 non
681 4357 825 4411 bene
895 4356 1092 4412 iterari
1163 4357 1458 4426 putabant.

310 4426 447 4482 Inde
483 4427 676 4482 inanes
724 4433 893 4483 natae
941 4434 1074 4483 sunt
1107 4429 1461 4484 coniecturae

309 4503 452 4561 tuta,
474 4499 637 4568 culta,
649 4505 844 4570 prata,
847 4501 1046 4584 farra,
1063 4500 1185 4555 rite.
1211 4529 1276 4540 —-
1305 4501 1459 4556 Fau-

309 4568 491 4638 scitae]
535 4565 684 4630 ἅπαξ
735 4574 905 4641 λεγομ
913 4589 1040 4627 svor
1084 4589 1188 4641 pro
1240 4569 1460 4626 Fausta

1570 2855 1875 2911 Felicitate.
1902 2885 1969 2895 —
1998 2855 2285 2927 pacatum]
2318 2853 2547 2910 Sueton.
2572 2855 2722 2926 Aug.

1568 2927 1666 2982 98:
1732 2927 2031 2996 „vectores
2086 2931 2403 2996 nautaeque
2462 2925 2533 2981 de
2588 2925 2723 2980 navi

1566 2998 1953 3053 Alexandrina
2007 3001 2265 3070 Augusto
2326 2999 2725 3064 acclamarunt,

1568 3086 1671 3139 per
1706 3070 1869 3124 illum
1904 3088 1963 3125 se
1998 3071 2208 3138 vivere,
2245 3087 2347 3140 per
2369 3070 2535 3124 illum
2566 3069 2725 3123 navi·

1566 3159 1729 3267 ᾗῗζίᾰ
1767 3142 2063 3268 ἓίἶὲῗῗμῗ-
2096 3141 2726 3283 ’ἔξιῗῗαηῖῗᾞῗῄέἓῖ

1561 3286 1763 3340 ‘volatu
1826 3285 2163 3340 translatum
2225 3286 2297 3341 ad
2356 3288 2558 3339 nautas
2618 3299 2723 3354 per

1567 3373 1725 3412 mare
1776 3363 2065 3428 vagantes.
2140 3357 2232 3412 Sic
2276 3359 2442 3411 Auct.
2490 3355 2564 3409 ad
2613 3355 2727 3409 He·

1567 3445 1724 3482 renn.
1746 3427 1843 3490 IV,
1863 3431 1954 3499 89,
1984 3431 2079 3483 51:
2120 3429 2417 3498 „volitabit
2456 3433 2517 3482 et
2552 3443 2723 3498 vaga·-

1567 3499 1724 3554 bitur
1772 3500 1831 3553 in
1868 3499 2045 3554 foro.“
2104 3531 2171 3541 —
2228 3498 2443 3569 metuit]
2482 3498 2613 3554 vide
2650 3497 2724 3552 ad

1570 3571 1752 3625 Carm.
1789 3570 1833 3636 Ι,
1877 3576 1923 3632 1,
1962 3573 2012 3625 Β.
2083 3573 2167 3627 De
2203 3588 2267 3626 re
2302 3573 2523 3625 Acron:
2562 3574 2724 3639 „tan-

1569 3659 1734 3712 quam
1786 3643 1942 3697 cuius
1988 3647 2245 3714 tempore
2290 3659 2396 3697 nec
2442 3641 2721 3696 creditum

1565 3731 1670 3768 nec
1705 3713 2021 3783 depositum
2056 3733 2127 3770 ne
2200 3713 2414 3770 retur.“
2488 3713 2723 3768 Contra·

1568 3785 1712 3839 rium
1770 3790 1855 3840 est
1905 3785 2085 3841 Carm.
2164 3787 2234 3853 11,
2272 3786 2361 3847 24.
2410 3785 2480 3839 59
2516 3801 2598 3854 sq.
2652 3811 2721 3823 -—·

1567 3871 1683 3912 mos
1718 3862 1769 3912 et
1804 3857 1911 3927 lex]
1960 3858 2031 3914 cf.
2070 3858 2169 3923 111,
2210 3860 2300 3924 24,
2335 3858 2422 3911 35.
2481 3885 2547 3896 —
2604 3853 2723 3910 edo-

1568 3927 1731 3998 muit]
1776 3930 2013 3984 verbum
2061 3931 2245 4000 poetis
2304 3933 2363 3982 et
2416 3926 2723 3982 seriei-ibus

1567 3999 1935 4125 mllgfm'ibu?
1958 3999 2605 4144 ῑέιεξιτραίῗσιίηῄῇιξιὶἰίίιῐιὸ
2626 3998 2725 4124 doz

1566 4089 2040 4127 mun—sumt
2147 4089 2179 4129 o
2344 4089 2519 4126 eslo.
2610 4087 2697 4124 .e

1566 4143 1634 4197 D.
1676 4145 1811 4197 232:
1865 4091 2195 4213 „Ttmoffiw
2230 4143 2295 4196 δὲ
2332 4149 2583 4213 γυναῖκες
2618 4141 2722 4195 ἔοι·

1564 4210 1699 4268 κότα
1716 4219 1881 4269 τέκνα
1900 4216 2213 4285 γονεῦσιν.“
2242 4215 2445 4269 Catull.
2464 4213 2719 4284 Epithal.

1564 4284 1671 4341 lul.
1709 4291 1768 4341 et
1802 4287 1975 4342 Manl.
2018 4291 2148 4342 221:
2210 4285 2329 4356 „Sit
2376 4303 2475 4340 suo
2522 4284 2721 4340 similis

1564 4359 1715 4427 patri
1764 4357 2103 4428 (Torquatus
2148 4357 2439 4429 parvulus)
2485 4356 2717 4420 Manlio,

1568 4434 1626 4484 et
1660 4429 1826 4485 facile
1861 4430 2051 4485 insciis
2076 4430 2399 4486 Noscitetur
2432 4429 2505 4483 ab
2540 4427 2718 4483 omni-

1562 4501 1684 4568 bus,
1725 4501 1805 4555 Et
1852 4501 2187 4572 pudicitiam
2220 4519 2353 4557 suae
2388 4500 2588 4555 Matris
2632 4499 2719 4552 in-

1562 4570 1715 4626 dicet
1750 4573 1903 4627 ore.“
1944 4603 2010 4613 —
2048 4572 2265 4644 Poena]
2303 4572 2375 4628 cf.
2400 4572 2583 4627 carm.
2612 4569 2717 4636 111,
