3092 5059
437 243 557 307 172

1398 243 1853 312 CARMINUM

835 435 1004 509 Hac
1051 446 1126 509 te
1176 448 1618 530 merentem,
1672 434 1974 510 Bacche
2021 447 2265 535 pater,
2320 446 2493 508 tuae

832 559 1130 635 Vexere
1173 559 1412 655 tigres
1460 557 1782 634 indocili
1830 559 2097 656 iugum

751 712 800 753 ιε
939 680 1160 760 Collo
1211 665 1637 777 trahentes3
1691 681 1838 758 hac
1891 681 2257 772 Quirinus

1031 806 1300 882 Martis
1355 807 1571 906 equis
1616 807 2061 884 Acheronta
2109 806 2331 903 fugit,

833 955 1159 1032 Gratum
1212 957 1512 1033 elocuta
1562 957 2135 1033 consiliantibus

834 1081 1128 1160 Iunone
1181 1081 1412 1160 divis:
1457 1082 1681 1178 Ilion,
1736 1082 1940 1157 Ilion

932 1206 1218 1284 Fatalis
1270 1211 1757 1309 incestusque
1810 1209 2045 1287 iudex

750 1365 801 1404 ιο
1033 1326 1131 1407 Et
1183 1332 1459 1408 mulier
1508 1335 1922 1432 peregrina
1975 1333 2206 1407 vertit

833 1481 926 1555 In
980 1480 1406 1581 pulverem,
1460 1508 1559 1559 ex
1610 1508 1763 1583 quo
1819 1482 2157 1558 destituit
2206 1480 2389 1557 deos

830 1607 1195 1683 Mercede
1244 1619 1468 1702 pacta
1520 1607 1989 1702 Laomedon,
2043 1606 2233 1681 mihi

937 1731 1364 1831 Castaeque
1414 1731 1861 1809 damnatum
1912 1732 2307 1808 Minervae

1036 1857 1234 1934 Cum
1287 1857 1578 1957 populo
1628 1871 1702 1934 et
1753 1857 1946 1933 duce
1997 1856 2511 1932 fraudulento,

753 2039 804 2080 25
838 2007 1002 2083 Iam
1055 2033 1198 2083 nec
1246 2007 1644 2083 Lacaenae
1694 2006 2047 2106 splendet
2098 2005 2495 2082 adulterae

839 2135 1204 2210 Famosus
1256 2134 1538 2232 hospes
1590 2159 1734 2209 nec
1786 2133 2074 2208 Priami
2119 2132 2389 2207 domus

442 2373 643 2426 feret.“
753 2373 1014 2442 Antiquis
1087 2374 1236 2429 enim
1304 2373 1594 2427 hominum

443 2444 594 2498 inter
665 2445 795 2499 deos
867 2445 1065 2500 relatio
1136 2445 1405 2499 indicium
1471 2448 1593 2499 erat

448 2515 693 2585 ingentis
748 2515 930 2571 famae
983 2517 1350 2586 insolitaeque
1411 2515 1591 2586 digni-

443 2585 597 2640 tatis.
669 2586 739 2641 cf.
798 2588 972 2642 Carm.
1029 2589 1131 2658 111,
1178 2590 1229 2656 5,
1275 2591 1324 2642 2.
1399 2587 1493 2654 ΠΤ,
1541 2590 1592 2653 5,

446 2659 531 2710 32.
577 2657 758 2726 Epist.
795 2659 865 2724 11,
907 2662 953 2726 1,
996 2662 1078 2713 15.
1129 2689 1195 2699 —
1242 2659 1455 2714 Bacche
1485 2675 1591 2728 pa-

446 2727 547 2796 ter]
593 2728 772 2798 Epist.
812 2730 884 2797 11,
928 2733 971 2792 1,
1011 2732 1062 2784 5.
1134 2731 1304 2784 Pater
1350 2731 1590 2800 appella·

443 2803 555 2864 tur,
614 2801 746 2869 quia
797 2802 916 2855 'eius
963 2801 1230 2857 beneficio
1277 2806 1462 2856 terrae
1507 2802 1591 2854 in-

442 2871 550 2924 sita
599 2877 685 2924 est
729 2871 925 2926 vitium
971 2873 1442 2942 procreandamm
1489 2873 1592 2936 vis,

443 2941 805 3012 hominesque
841 2944 950 3012 ipsi
987 2945 1106 2999 vini
1139 2946 1358 2999 cultura
1381 2945 1452 2998 ad
1479 2945 1591 2999 cul-

445 3013 646 3067 tiorem
673 3015 851 3068 vitam
887 3017 1092 3071 sensim
1124 3016 1589 3085 perducebantur.

444 3084 580 3138 Inde
616 3085 784 3139 etiam
835 3087 1009 3156 tigres
1062 3087 1133 3140 ab
1178 3105 1244 3142 eo
1293 3087 1591 3141 domaban-

445 3161 556 3209 tur.
633 3157 742 3210 Cic.
781 3157 852 3211 de
887 3157 1010 3211 Fin.
1052 3158 1152 3218 ΙΙΙ,
1190 3161 1278 3227 20,
1320 3160 1416 3212 66:
1480 3159 1593 3228 „hi‚

452 3227 548 3295 qui
597 3228 790 3282 valent
834 3229 1034 3297 opibus
1081 3237 1250 3298 atque
1300 3230 1359 3284 id
1409 3229 1595 3284 facere

452 3304 701 3367 possunt,
757 3303 823 3353 ut
866 3300 936 3354 de
981 3299 1221 3355 Hercule
1273 3307 1331 3356 et
1382 3302 1451 3356 de
1499 3301 1594 3376 Li-

443 3369 580 3423 bero
627 3370 958 3439 accepimus,
1005 3372 1076 3426 ad
1122 3373 1455 3427 servandum
1499 3391 1593 3444 ge-

445 3457 549 3494 nus
585 3439 871 3495 hominum
896 3447 1100 3497 natura
1135 3443 1498 3498 incitantur.“
1524 3474 1591 3483 —

447 3511 603 3580 collo]
661 3512 970 3582 Singularis
1024 3532 1128 3583 pro
1179 3515 1386 3583 plurali
1445 3515 1596 3584 apud

443 3587 639 3651 poetas
687 3584 917 3652 ponitur
962 3586 1032 3639 ad
1078 3587 1311 3640 unitatis
1363 3591 1419 3641 et
1466 3604 1593 3642 con—

445 3654 666 3708 cordiae
705 3656 988 3710 notionem
1027 3659 1460 3712 sustentandam.
1523 3659 1595 3712 cf.

445 3724 623 3794 Epod.
647 3727 698 3792 2,
728 3729 814 3782 64.
835 3757 901 3767 —
929 3728 1222 3800 Quirinus]
1259 3729 1410 3800 Lege
1433 3729 1595 3784 Ovid.

445 3795 579 3850 Met.
618 3797 764 3865 XIV,
804 3800 908 3851 805
947 3817 1066 3868 sqq.
1118 3829 1183 3839 —
1231 3801 1468 3870 qratiam]
1507 3819 1595 3856 ac-

445 3869 730 3992 ffsatgvus
767 3870 974 3924 obiecti
1012 3875 1114 3939 est,
1151 3873 1280 3926 vide
1317 3873 1388 3926 ad
1411 3873 1593 3926 Carm-

519 4009 581 4064 V.
627 4013 707 4064 18.
772 4011 953 4082 Ilion]
992 4011 1075 4068 De
1113 4031 1316 4084 genere
1350 4013 1594 4067 nominis

445 4083 575 4136 vide
622 4083 695 4137 ad
747 4083 925 4137 Carm.
968 4085 1013 4151 1,
1057 4088 1138 4146 10,
1183 4089 1262 4138 14.
1349 4085 1597 4139 Malebat

445 4156 633 4207 tamen
697 4153 984 4209 Bentleius
1049 4175 1098 4210 v.
1149 4159 1218 4210 23
1280 4156 1598 4210 damnatam

448 4229 645 4278 contra
705 4225 980 4280 librorum
1040 4229 1464 4295 auctoritatem,
1526 4245 1597 4281 ne

451 4295 586 4363 quid
613 4297 1000 4366 ambiguitatis
1036 4301 1464 4368 relinqueretur.
1503 4297 1595 4353 Se-

451 4367 566 4420 cuti
603 4371 732 4420 sunt
758 4369 1086 4423 Meinekius.
1129 4371 1426 4440 Hauptius‚
1464 4369 1596 4422 Lin-

451 4437 634 4500 kerus,
691 4439 963 4508 Ritterus,
1009 4441 1296 4508 Miillerus,
1345 4441 1595 4495 Eckstei-

451 4507 593 4574 nius,
631 4510 788 4564 nulla
818 4512 1142 4566 necessitate
1179 4512 1381 4579 coacti3
1431 4529 1594 4566 nemo

455 4579 604 4631 enim
663 4578 982 4636 damnatum
1041 4599 1166 4636 cum
1232 4583 1597 4652 praecedente

1688 2371 1961 2426 vocabulo
1994 2372 2271 2442 pulverem
2306 2371 2511 2426 coniun
2550 2387 2645 2426 ere
2682 2372 2839 2437 velit,

1687 2443 1748 2497 id
1807 2443 1956 2512 quod
2024 2459 2225 2497 cavere
2285 2443 2469 2496 voluit
2608 2444 2837 2498 ntleius.

1688 2515 1937 2569 Kellerus
1962 2519 2114 2569 recte
2150 2514 2403 2568 codicum
2438 2515 2839 2570 auctoritatem

1688 2586 1959 2654 servavit3
1996 2586 2167 2639 etiarn
2192 2585 2361 2640 schol.
2388 2585 2713 2639 damnatum
2738 2586 2837 2640 ha-

1686 2658 1840 2712 bent.
1876 2657 1942 2710 In
1981 2657 2467 2726 conduplicatione
2502 2651 2838 2724 (ἁναδιπλῶ-

1688 2731 1793 2798 σει)
1831 2728 2159 2783 cohortandi
2198 2733 2254 2782 et
2290 2728 2611 2782 deterrendi
2636 2729 2721 2782 vis
2756 2729 2839 2782 in—

1687 2805 1787 2856 est.
1830 2829 1893 2838 —
1932 2800 2130 2866 fatalis
2165 2799 2353 2868 iudex]
2394 2799 2478 2853 De
2500 2798 2724 2854 Paridis
2754 2801 2837 2853 iu-

1686 2872 1833 2926 dicio
1870 2871 1940 2926 cf.
1978 2871 2145 2942 Verg.
2182 2873 2322 2924 Aen.
2359 2870 2403 2934 Ι,
2443 2871 2528 2924 26.
2567 2870 2732 2925 Hom.
2769 2871 2839 2924 11.

1687 2943 1887 3012 XXIV,
1926 2945 2009 2996 28.
2086 2943 2298 2996 Fatalis
2338 2942 2374 2995 i.
2418 2959 2463 2996 e.
2504 2940 2625 2996 fato
2664 2941 2837 2996 desti·

1686 3020 1853 3068 natus
1893 3014 1963 3068 ad
2010 3013 2245 3067 exitium
2282 3013 2483 3067 Troiae
2523 3012 2839 3080 ferendum,

1689 3087 1821 3154 quia
1864 3086 2107 3140 incestus
2159 3090 2245 3138 est
2290 3089 2582 3152 castaeque
2630 3087 2705 3150 (v.
2730 3083 2841 3154 25)

1688 3158 1824 3212 deae
1861 3157 2089 3210 invisus.
2163 3157 2275 3227 Qus
2306 3155 2587 3224 particula
2622 3155 2838 3210 addun-

1686 3233 1783 3282 tur
1846 3245 2247 3296 nonnunquam
2309 3244 2453 3296 quae
2519 3226 2842 3296 explicandi

1688 3317 1854 3354 causa
1891 3300 2199 3354 necessaria
2232 3299 2511 3353 videntur.
2560 3297 2652 3352 Sic
2688 3298 2843 3353 infra

1687 3390 1737 3425 v.
1764 3373 1849 3425 59.
1877 3371 2053 3424 Carm.
2076 3371 2120 3437 Ι,
2136 3373 2189 3437 7,
2208 3372 2295 3423 30.
2320 3371 2365 3438 Ι,
2388 3371 2473 3434 36,
2496 3371 2545 3424 9.
2570 3369 2670 3432 ΠΙ,
2687 3372 2841 3438 5,36.

1688 3472 1756 3481 -
1808 3443 2003 3496 mulier
2042 3441 2357 3510 pereyrina]
2406 3441 2525 3496 Dea
2580 3441 2841 3512 indigna·

1686 3514 1840 3567 tione
1886 3514 2054 3582 plena
2088 3512 2359 3566 Helenam
2404 3529 2521 3566 non
2564 3515 2843 3567 nominat.

1688 3585 1758 3638 cf.
1793 3603 1846 3638 v.
1886 3587 1971 3638 32.
2025 3615 2097 3624 -
2148 3585 2334 3651 vertit]
2388 3583 2548 3638 Paris
2595 3584 2849 3638 absolvit

1689 3656 1991 3725 perniciem
2045 3655 2246 3709 Troiae
2308 3658 2424 3708 iam
2482 3655 2845 3722 destinatam,

1689 3745 1905 3852 5233?
1932 3726 2705 3852 fflss‘fflg'ssffiffessldfff‘ixussl'.
2754 3727 2845 3851 ¹363

1688 3869 1811 3937 VII,
1847 3871 1953 3923 462
1991 3887 2069 3938 sq.
2134 3869 2285 3929 XXI.
2324 3870 2429 3922 442
2468 3885 2587 3938 sqq.
2658 3871 2843 3939 Aper-

1688 3946 1806 3994 tum
1858 3947 1959 4009 est,
2001 3940 2414 4007 fraudulentum
2460 3939 2646 3995 ducem
2682 3957 2733 3994 v.
2770 3941 2847 3992 24

1688 4030 1802 4066 non
1840 4029 1955 4066 esse
2008 4013 2357 4066 innocentem
2396 4011 2703 4079 Priamum,
2742 4011 2843 4080 qui

1688 4084 1964 4138 maiorum
2033 4083 2254 4153 culpam
2312 4083 2435 4148 luit,
2498 4082 2593 4136 sed
2654 4085 2841 4152 ipsum

1689 4155 2142 4209 Laomedontem.
2170 4183 2237 4193 —
2262 4154 2492 4208 mercede
2522 4155 2715 4222 pacta]
2762 4159 2847 4209 est

1692 4226 1967 4280 ablativus
2004 4225 2381 4280 instrumenti.
2420 4225 2693 4280 Similiter
2712 4225 2843 4279 Liv.

1688 4298 1733 4365 1,
1770 4300 1863 4350 51:
1921 4298 2107 4366 „quod
2152 4297 2420 4351 morando
2467 4313 2625 4364 spem
2670 4296 2842 4352 desti-

1688 4369 1913 4423 tuerit.“
1950 4398 2022 4408 —
2058 4369 2343 4423 adulterae
2402 4369 2697 4438 genetivus
2736 4375 2837 4432 est,

1688 4458 1801 4494 non
1860 4440 2100 4494 dativus.
2172 4439 2249 4510 Sp
2402 4445 2426 4492 t
2475 4439 2621 4494 enim
2681 4439 2837 4494 abso-

1691 4513 1808 4566 lute
1844 4512 2089 4579 positum
2125 4516 2231 4565 est:
2274 4511 2489 4578 „fici-et,
2528 4511 2837 4579 superbit.“

1694 4583 1779 4636 De
1813 4599 1876 4637 re
1913 4583 1985 4637 cf.
2024 4583 2184 4637 Hom.
2222 4582 2288 4636 Il.
2324 4581 2426 4649 111,
2462 4582 2585 4634 392.
2618 4609 2685 4622 ·-
2728 4583 2835 4637 He-
