3092 5059
474 229 595 293 158

1435 231 1895 300 CARMINUM

866 416 1262 517 Plenoque
1312 418 1599 537 Bacchi
1648 431 1961 520 pectore
2012 421 2405 499 turbidum

968 542 1366 620 Laetatur:
1422 543 1669 620 euhoe
1719 571 1949 645 parce
1998 546 2257 645 Liber,

1068 668 1307 745 Parce
1359 669 1579 766 gravi
1630 670 2045 749 metuende
2095 673 2382 773 thyrso,

865 818 1016 895 Fas
1073 821 1511 919 pervicaces
1570 833 1684 895 est
1731 820 1928 896 mihi
1979 822 2367 922 Thyiadas

787 978 836 1016 ιο
870 943 1211 1043 Vinique
1263 943 1561 1020 fontem
1612 943 1825 1021 lactis
1881 960 1954 1021 et
2003 947 2278 1024 uberes

971 1068 1298 1145 Cantare
1350 1069 1557 1144 rivos
1608 1085 1840 1171 atque
1892 1073 2179 1147 truncis

1067 1193 1321 1290 Lapsa
1375 1195 1581 1270 cavis
1632 1196 1915 1271 iterare
1969 1195 2233 1293 mella3

867 1343 1018 1419 Fas
1063 1357 1140 1420 et
1200 1344 1465 1421 beatae
1518 1347 1871 1445 coniugis
1924 1346 2272 1423 additum

869 1466 1130 1545 Stellis
1179 1470 1551 1547 honorem
1602 1484 1961 1570 tectaque
2016 1473 2345 1551 Penthei

787 1624 836 1665 ω
973 1593 1313 1670 Disiecta
1364 1622 1520 1671 non
1568 1595 1727 1673 leni
1775 1598 1999 1673 ruina

1065 1718 1385 1795 Thracis
1438 1732 1514 1795 et
1564 1722 1883 1797 exitium
1933 1722 2298 1821 Lycurgi.

867 1868 986 1943 Tu
1034 1868 1276 1945 flectis
1331 1895 1615 1964 amnes,
1672 1882 1751 1943 tu
1806 1896 2020 1947 mare
2076 1872 2511 1971 barbarum,

865 1994 984 2069 Tu
1035 1996 1402 2091 separatis
1455 1994 1735 2070 uvidus
1787 1996 1867 2071 in
1918 1998 2122 2095 iugis

467 2214 774 2284 horribilis,
829 2215 899 2271 cf.
946 2215 1113 2287 Verg.
1160 2218 1298 2273 Aen.
1345 2215 1438 2285 IV,
1489 2218 1615 2271 279.

467 2287 631 2342 Ηοιιι.
678 2287 743 2341 11.
791 2287 927 2355 XX,
979 2290 1094 2342 131.
1167 2288 1252 2343 De
1301 2288 1484 2343 forma
1533 2305 1615 2343 re-

467 2360 610 2414 centi
666 2358 794 2413 vide
857 2359 929 2413 ad
977 2360 1156 2414 Carm.
1205 2360 1278 2428 11,
1337 2362 1421 2428 16,
1475 2363 1499 2411 1
1558 2364 1617 2415 et

467 2430 651 2485 Bentl.
688 2430 760 2484 ad
797 2430 977 2484 Carm.
1020 2431 1064 2499 1,
1102 2434 1190 2499 25,
1239 2434 1303 2484 17
1316 2453 1328 2484 :
1369 2432 1617 2501 „respuit

467 2502 636 2556 metri
692 2503 840 2556 ratio
897 2508 963 2555 ut
1020 2508 1225 2557 recente
1277 2508 1616 2572 reponatur3

467 2590 662 2627 verum
707 2573 815 2628 hoc
857 2590 1060 2627 nomen
1099 2578 1199 2639 est,
1236 2592 1349 2628 non
1386 2574 1615 2643 partici-

467 2645 641 2713 pium.
649 2644 675 2673 ‘⁶
715 2643 1007 2713 Sequenda
1033 2652 1116 2699 est
1142 2646 1394 2701 codicum
1427 2650 1617 2700 aucto-

467 2716 624 2769 ritas.
667 2746 733 2754 —
773 2716 1050 2770 turbidum
1086 2716 1345 2787 laetatur]
1378 2716 1507 2771 vide
1544 2717 1618 2772 ad

470 2786 1150 2856 Carm.11‚12,14.—
1182 2788 1374 2872 parce]
1407 2784 1615 2842 Αναδί-

467 2860 676 2917 πλωσις
713 2863 796 2913 est
835 2858 996 2913 enixe
1039 2860 1346 2943 precantis3
1395 2865 1452 2914 et
1489 2877 1613 2929 pre·

468 2934 628 2985 catur
653 2931 895 2999 quidem,
919 2947 991 2984 ne
1014 2932 1188 2985 nimio
1213 2902 1426 3000 furo’re,
1448 2948 1615 3000 quem

467 3003 706 3056 mortale
755 3006 949 3071 pectus
1007 3020 1206 3073 capere
1258 3021 1374 3057 non
1419 3003 1613 3072 possit,

466 3074 526 3127 in
549 3074 824 3127 insaniam
861 3074 1254 3129 bacchantium
1287 3079 1507 3145 agatur.
1543 3104 1615 3113 —

465 3144 676 3215 thyrso]
732 3145 956 3213 thyrsus
1013 3146 1175 3201 hasta
1229 3146 1508 3216 pampinis
1558 3149 1614 3201 et

465 3215 673 3272 hedera
709 3218 908 3271 cincta.

537 3288 602 3342 V.
629 3290 678 3343 9.
709 3288 849 3359 Fas]
879 3288 998 3355 Quo
1023 3288 1248 3343 nomine
1275 3305 1402 3342 cum
1438 3288 1612 3359 vulgo

467 3359 813 3431 significetur
851 3361 1000 3429 quod
1033 3360 1260 3427 iustum,
1285 3361 1459 3429 pium,
1493 3359 1613 3413 lici-

467 3436 590 3487 tum
626 3436 728 3499 est,
765 3431 857 3485 hic
889 3432 1170 3486 indicatur
1193 3436 1418 3499 poetam
1456 3432 1514 3484 in
1554 3448 1612 3485 se

467 3520 617 3557 nunc
640 3502 1028 3557 necessitatem
1053 3507 1111 3557 et
1135 3502 1462 3557 facultatem
1491 3520 1611 3557 sen-

467 3576 577 3628 tire
614 3575 779 3627 deum
805 3579 862 3627 et
897 3592 1053 3629 sacra
1087 3575 1197 3628 rite
1231 3574 1481 3629 canendi.
1523 3572 1615 3628 Sic

467 3645 618 3715 apud
666 3643 976 3714 Vergilium
1023 3648 1163 3701 Aen.
1213 3645 1333 3713 VII,
1381 3646 1502 3699 692.

508 3716 790 3785 ewicaces]
855 3716 926 3772 cf.
989 3718 1169 3771 Carm.
1233 3686 1340 3785 111’,
1399 3720 1460 3785 3,
1525 3719 1611 3770 70.

466 3734 720 3843 Βαοοὶιειο
745 3804 864 3844 non
882 3787 1159 3843 desistunt
1183 3789 1254 3842 ab
1282 3789 1611 3843 exsultando

467 3863 526 3914 et
572 3858 834 3919 furend03
893 3878 1034 3929 quae
1079 3859 1304 3915 furendi
1348 3862 1505 3914 notio
1553 3860 1613 3914 in

467 3930 780 3999 Thyia-dum
816 3933 1041 3987 nomine
1065 3933 1221 3987 latet.
1253 3932 1493 3986 Factum
1531 3936 1615 3986 est

467 4004 618 4058 enim
669 4002 813 4057 illud
867 4020 898 4057 a
951 4021 1154 4074 graeco
1201 4004 1374 4058 verbo
1421 4009 1613 4069 θυίειν,

466 4074 672 4130 furere.
685 4104 752 4114 —-
779 4074 1241 4146 Viniquefontem]
1263 4074 1612 4143 Ubicumque

465 4151 622 4202 terra
671 4146 865 4216 thyrso
919 4146 1252 4215 pulsabatur
1305 4164 1339 4200 a
1391 4144 1611 4200 Baccho

466 4218 556 4273 vel
610 4235 645 4272 a
688 4218 1089 4272 bacchantibus
1140 4216 1484 4285 mulieribus,
1529 4218 1611 4271 vi-

467 4306 630 4359 num,
687 4290 796 4356 lac,
843 4288 1013 4343 mella
1067 4258 1609 4357 fluebant.Ei1rip.

467 4330 665 4415 Bacch.
717 4329 846 4413 14'2:
895 4362 980 4430 ῥεῖ
1026 4359 1090 4413 δὲ
1145 4353 1370 4428 γάλακτι
1416 4359 1610 4428 πέδον,

470 4434 557 4501 ῥεῖ
590 4431 642 4484 δ’
667 4436 815 4500 οἴνῳ,
843 4433 946 4515 ῥεῖ
949 4431 1012 4483 δὲ
1038 4430 1314 4500 μελισσᾶν
1341 4430 1608 4499 rga-rape!

469 4502 602 4555 ibid.
645 4502 774 4555 704.
833 4452 1088 4571 ,βύρσον
1141 4502 1211 4556 δέ
1261 4520 1341 4561 τις
1383 4501 1609 4585 λαβοῦσ’

470 4572 700 4626 ἔπαισεν
739 4573 796 4631 ἔς
843 4578 1064 4643 πέτραν,
1107 4567 1274 4628 Ὅθεν
1325 4568 1612 4643 δροσώδης

1668 4222 1677 4228 “
1712 4218 2031 4277 Πενθέως-ἐ(
2069 4246 2135 4256 --

1720 2212 1917 2277 ὕδατος
1952 2218 2168 2287 ἐκπηδᾷ
2206 2223 2375 2276 νοτίς·
2440 2214 2603 2284 ’.Ἄλλη
2642 2218 2707 2271 δὲ
2745 2214 2878 2287 νόρ-

1722 2290 1847 2354 θηκ’
1890 2290 1947 2348 ἔς
1982 2290 2161 2343 πέδον
2195 2290 2403 2355 καθῆκε
2438 2292 2552 2360 γῆς,
2593 2294 2703 2343 Καὶ
2740 2290 2876 2363 τῇδε

1720 2355 1922 2427 κρήνην
1983 2360 2193 2444 ἐξανῆκ’
2256 2366 2407 2415 οἴνου
2474 2356 2620 2421 θεός.
2684 2356 2880 2422 ‘'0⁶oeoe

1721 2432 1785 2485 δὲ
1848 2433 2080 2485 λευκοῦ
2102 2426 2368 2515 πώματος
2432 2427 2617 2493 πόθος
2668 2452 2875 2517 παοην,

1703 2497 1875 2587 Ἄκροι
1860 2520 1938 2555 ισι
1984 2498 2296 2556 δακτύλοισι
2351 2503 2633 2573 διαμῶσαι
2678 2500 2873 2575 χθόνα

1719 2570 1994 2633 Γάλακτος
2048 2572 2255 2646 ἑσμοὺς
2308 2574 2483 2645 εἶχον
2532 2576 2594 2628 ἔκ
2640 2576 2705 2629 δὲ
2753 2592 2879 2630 κιο·-

1722 2650 1891 2700 σίνων
1915 2641 2144 2713 Θύρσων
2182 2650 2418 2715 γλυκεῖαι
2454 2650 2675 2788 μέλιΡῐος
2711 2648 2874 2701 ἕστα-

1719 2720 1813 2779 (ov
1848 2718 2023 2787 (ioatf‘
2111 2717 2182 2771 cs.
2221 2717 2366 2771 Plat.
2404 2718 2522 2772 Ion.
2605 2720 2761 2773 .534
2801 2722 2870 2774 A.

1720 2818 1786 2827 —-
1815 2789 1977 2844 lactis
2016 2788 2090 2859 et]
2128 2788 2212 2843 Et
2245 2793 2391 2858 part.
2426 2790 2757 2859 postposita.
2800 2791 2871 2846 cf.

1718 2861 1790 2913 ad
1817 2860 1997 2915 Carm.
2039 2859 2083 2925 Ι,
2122 2862 2173 2927 2,
2210 2862 2262 2914 9.
2316 2860 2577 2916 Ceterum
2612 2862 2729 2916 tria
2764 2862 2869 2917 illa

1718 2949 1967 2985 summae
2032 2931 2410 2986 abundantiae
2468 2938 2525 2987 et
2588 2932 2868 2988 ubertatis

1717 3007 1900 3058 terrae
1944 3003 2103 3073 signa
2149 3008 2295 3057 sunt.
2341 3033 2415 3042 —
2456 3004 2681 3073 iterare]
2724 3005 2867 3059 nihil

1716 3078 1801 3128 est
1838 3076 1948 3128 nisi
1983 3074 2214 3143 referre,
2250 3091 2497 3130 narrare.
2553 3074 2645 3129 Sic
2681 3076 2863 3131 Plaut.

1718 3146 1836 3200 Cas.
1874 3146 1940 3213 V,
1977 3148 2029 3214 2,
2072 3148 2129 3199 5:
2207 3145 2485 3215 „Operam
2532 3146 2679 3215 date,
2732 3147 2861 3203 dum

1715 3234 1841 3271 mea
1878 3216 2029 3271 sacta
2062 3216 2236 3287 iter03
2272 3222 2360 3272 est
2396 3235 2599 3287 operae
2636 3218 2865 3273 auribus

1714 3288 2058 3359 percipere.“

1786 3360 1853 3414 V.
1896 3360 1974 3414 13.
2025 3361 2213 3415 beatae
2253 3360 2517 3430 coniuqis]
2562 3362 2866 3429 Ariadnae,

1715 3430 1921 3486 Minois
1958 3430 2126 3499 filiae,
2176 3432 2235 3485 in
2272 3432 2487 3486 caelum
2526 3432 2761 3487 relatae.
2800 3462 2865 3473 -—

1716 3502 1992 3572 honorem]
2040 3508 2443 3569 ornamentum,
2480 3520 2747 3559 coronam
2784 3506 2866 3559 in-

1715 3579 1805 3628 ter
1840 3574 2029 3629 stellas
2076 3575 2332 3643 positam.
2376 3574 2511 3628 Fuit
2548 3580 2741 3630 autem
2778 3594 2868 3631 co-

1714 3663 1856 3700 rona
1894 3663 2080 3713 aurea,
2117 3664 2256 3715 opus
2291 3644 2540 3713 Volcani,
2577 3664 2612 3699 a
2642 3646 2867 3702 Baccho

1713 3718 1997 3773 Ariadnae
2035 3717 2183 3771 data.
2224 3716 2384 3771 Ovid.
2419 3716 2553 3771 Met.
2580 3716 2733 3787 VIII,
2763 3722 2869 3774 176

1710 3806 1829 3858 sqq.
1906 3787 2066 3842 ovid.
2104 3788 2239 3842 Her.
2298 3790 2350 3857 6,
2411 3788 2536 3841 115:
2616 3789 2865 3858 „Bacchi

1715 3860 1957 3915 coniunx
1994 3860 2256 3915 redimita
2294 3876 2499 3914 corona
2532 3859 2873 3917 Praeradiat

1714 3932 1891 3986 stellis
1930 3932 2090 4001 signa
2134 3932 2353 3985 minora
2391 3931 2555 3984 suis.“
2611 3962 2679 3971 —-
2728 3932 2871 3988 stn-

1712 4004 1845 4071 thei]
1895 4001 2057 4056 Ovid.
2107 4002 2244 4057 Met.
2290 4002 2391 4072 111,
2428 4006 2531 4056 512
2578 4020 2701 4073 sqq.
2740 4006 2873 4093 690.

1712 4072 1909 4143 Eurip.
1972 4073 2170 4128 Bacch.
2239 4076 2368 4129 605.
2422 4069 2727 4159 ›35⁶³'2‘53'2
2796 4076 2879 4136 ὥς

1714 4146 1873 4214 ἔοικε,
1928 4150 2177 4215 Βακχίου
2230 4114 2649 4206 Διατινάξαντος
2696 4148 2781 4201 δῶ
2836 4170 2873 4201 α

2172 4216 2437 4287 Lycurqt']
2464 4216 2624 4271 Hom.
2662 4218 2728 4271 ΙΙ.

1716 4289 1820 4342 130
1857 4305 1978 4357 sqq.
2029 4287 2120 4341 Ab
2157 4287 2401 4343 Homero
2441 4289 2661 4343 diversa
2708 4259 2877 4359 apud

1712 4358 1851 4413 alios
1892 4364 1978 4414 est
2021 4359 2229 4413 fabula.
2303 4358 2445 4415 Nam
2495 4378 2621 4415 cum
2670 4378 2877 4417 omnes

1710 4448 1815 4500 per
1850 4435 2038 4485 totum
2074 4448 2313 4501 regnum
2350 4432 2491 4485 vites
2528 4432 2714 4486 excidi
2750 4432 2874 4487 ius·

1711 4504 1887 4569 sisset,
1936 4520 1969 4556 a
2011 4502 2116 4557 deo
2162 4504 2223 4556 in
2270 4502 2520 4557 furorem
2573 4502 2875 4559 coniectus

1710 4572 1891 4627 filium
1914 4572 2224 4643 Dryantem
2256 4572 2601 4629 interfecisse
2636 4574 2875 4646 sibique
