3092 5059
453 230 576 295 370

1403 228 1907 297 SATIRARUM

471 448 520 487 m
557 412 656 489 Ut
705 437 1100 509 magnum,
1158 418 1420 489 v'ersus
1476 412 1815 505 dictabat
1864 426 2067 489 stans
2116 413 2319 511 pede
2369 413 2449 487 in
2502 440 2679 489 une.

555 538 748 615 Cum
801 537 1074 613 flueret
1123 537 1567 633 lutulentus,
1624 552 1789 614 erat
1842 539 2051 637 quod
2097 537 2373 614 tollere
2417 538 2693 632 velles3

556 660 931 739 Garrulus
985 674 1212 761 atque
1265 663 1489 762 piger
1541 662 1926 739 scribendi
1978 663 2189 740 ferre
2237 663 2609 757 laborem,

555 784 962 861 Scribendi
1012 801 1260 863 recte:
1311 814 1488 865 nam
1544 800 1627 863 ut
1676 788 2025 883 multum,
2078 788 2193 863 nil
2246 812 2529 864 moror.

2632 788 2863 882 Ecce,

556 911 949 1009 Crispinus
1003 913 1325 989 minimo
1379 939 1502 988 me
1553 925 1959 1010 provocat:
2016 912 2375 1013 „Accipe,
2429 914 2496 989 si
2546 914 2687 1009 vis,

469 1066 516 1106 ιε
553 1033 847 1135 Accipe
899 1036 1055 1111 iam
1107 1038 1446 1133 tabulas3
1499 1038 1723 1115 detur
1777 1038 1999 1114 nobis
2050 1038 2291 1129 locus,
2339 1038 2553 1133 hora,

554 1158 962 1256 Custodes3
1017 1161 1414 1237 videamus
1467 1175 1639 1238 uter
1690 1162 1864 1261 plus
1916 1163 2249 1239 scribere
2302 1157 2615 1262 possit.“

552 1283 648 1357 Di
702 1284 896 1361 bene
949 1286 1320 1381 fecerunt,
1373 1286 1626 1383 inopis
1679 1314 1805 1363 me
1858 1286 2224 1387 quodque
2275 1285 2535 1383 pusilli

551 1408 978 1488 Finxerunt
1027 1413 1282 1509 animi,
1343 1439 1518 1489 raro
1572 1426 1649 1489 et
1701 1438 2091 1514 perpauca
2141 1412 2551 1511 loquentis.

553 1536 660 1610 At
709 1549 792 1610 tu
846 1535 1240 1613 conclusas
1292 1538 1608 1613 hircinis
1662 1535 1977 1612 follibus
2030 1564 2277 1633 auras,

465 1692 518 1731 ρο
551 1658 818 1759 Usque
858 1661 1320 1757 laborantes,
1378 1663 1564 1737 dum
1619 1663 1915 1737 ferrum
1956 1662 2259 1737 molliat
2308 1663 2534 1761 ignis,

550 1784 648 1860 Ut
701 1787 967 1883 mavis,
1024 1787 1349 1862 imitare.

1455 1786 1735 1862 Beatus
1790 1784 2127 1861 Fannius
2178 1786 2381 1861 ultro

553 1910 844 1987 Delatis
899 1914 1146 2012 capsis
1203 1924 1278 1987 et
1321 1911 1684 2007 imagine,
1743 1936 1915 1986 cum
1966 1937 2141 1987 mea
2192 1937 2417 1988 nemo

450 2155 539 2206 tos
564 2168 757 2207 versus
782 2150 932 2205 feeit.
951 2156 1197 2206 —stans
1217 2150 1355 2221 pede
1381 2152 1446 2205 in
1469 2152 1607 2219 uno]

453 2224 844 2278 brevissimum
881 2227 1102 2293 tempus
1140 2222 1508 2293 significatur.
1535 2252 1606 2262 -

448 2296 635 2363 flueret
689 2294 1010 2363 luttdentus]
1049 2294 1238 2361 Quint.
1290 2294 1361 2357 X,
1411 2297 1460 2361 1,
1508 2295 1601 2349 93:

449 2366 608 2437 „Ego
647 2365 717 2420 ab
755 2366 992 2420 Horatio
1032 2366 1316 2430 dissentio,
1357 2366 1455 2434 qui
1492 2366 1604 2420 Lu·

449 2439 643 2492 cilium
682 2437 857 2492 fluere
893 2437 1237 2491 lutulentum
1263 2442 1320 2491 et
1355 2455 1472 2493 esse
1505 2438 1603 2491 ali-

451 2510 605 2636 32:³2⁹
619 2508 1344 2649 ,233211120Essi‘130022'2233ss32
1387 2510 1606 2635 {3²32}ss

445 2652 614 2720 fluere
658 2651 866 2706 dicitur
913 2651 1030 2705 eius
1077 2652 1281 2717 orati0,
1323 2620 1413 2706 cui
1461 2669 1605 2720 quae

451 2724 552 2777 alii
585 2724 764 2778 multo
797 2723 989 2777 labore
1011 2728 1426 2791 consequuntur
1446 2724 1602 2778 nullo

447 2812 624 2863 prope
666 2794 896 2865 negotio
944 2795 1003 2847 in
1059 2800 1304 2849 mentem
1350 2796 1603 2860 veniunt,

449 2868 532 2920 ita
578 2871 746 2936 poeta
795 2866 952 2934 quasi
1007 2866 1134 2920 fluit
1190 2868 1286 2935 qui
1336 2866 1603 2921 facillime

451 2954 644 2991 versus
697 2938 993 3007 componit.
1085 2938 1278 3009 Imago
1335 2943 1524 2992 autem
1570 2957 1604 2993 a

448 3008 678 3063 flumine
757 3014 980 3078 sumpta
1061 3010 1230 3064 verbo
1305 3010 1604 3065 lutulentus

450 3082 840 3146 continuatur,
916 3080 1068 3149 quod
1138 3098 1240 3151 per
1322 3082 1603 3150 quandam

450 3146 734 3279 {sitm
787 3154 1036 3279 ⁹332?
1051 3153 1450 3292 ἐξἺῖἐΪὲἶῗ-ἑ,
1465 3154 1601 3279 Ἓξέξ

447 3312 736 3351 reservare
774 3299 874 3349 aut
912 3296 1158 3349 laudare.
1216 3294 1424 3351 Seneca
1460 3296 1598 3351 Con-

447 3372 594 3421 trov.
615 3370 783 3435 2,10:
826 3367 1005 3435 „Naso
1045 3371 1275 3437 rogatus
1303 3367 1599 3436 aliquando

451 3439 520 3493 ab
556 3439 748 3493 amicis
788 3438 901 3492 suis
939 3443 1002 3491 ut
1051 3440 1278 3493 tolleret
1323 3444 1436 3493 tres
1474 3457 1597 3494 ver-

447 3511 573 3563 sus!
579 3510 702 3565 ‘.cf
742 3510 856 3564 Sat.
885 3509 929 3577 Ι,
971 3512 1052 3575 10,
1089 3512 1174 3564 50.
1212 3510 1426 3565 Eadem
1462 3510 1599 3564 ima-

447 3583 578 3652 gine
615 3598 746 3635 usus
791 3585 876 3635 est
912 3550 1281 3636 Callimachus
1319 3580 1388 3637 de
1425 3583 1599 3651 Apol-

446 3652 598 3707 lonio
635 3652 856 3708 Rhodio
901 3653 1088 3721 hymn.
1137 3654 1198 3707 in
1235 3653 1421 3735 Apoll,
1466 3655 1595 3707 107·

449 3721 768 3792 »Ἀσσυρίου
785 3731 1062 3808 ποταμοῖο
1081 3728 1262 3795 μέγας
1281 3720 1436 3795 ῥόος·
1465 3720 1600 3776 ἀλλὰ

445 3794 510 3849 τὰ
565 3795 740 3849 πολλὰ
793 3790 1033 3881 Adparet
1087 3797 1188 3865 γῆς
1241 3800 1334 3848 καὶ
1391 3794 1601 3848 πολλὸν

446 3866 540 3938 ἐφ’
588 3862 743 3921 ὕδατι
789 3866 1065 3937 συρφετὸν
1101 3866 1294 3921 ἓλκειέ*
1352 3896 1415 3905 -
1463 3867 1598 3921 mul-

445 3938 584 4008 tum]
642 3940 886 3993 Multum
949 3940 1193 3994 scribere
1257 3955 1416 4007 posse
1483 3955 1597 3992 non

445 4028 650 4081 magna
687 4011 807 4064 laus
833 4016 932 4075 est,
970 4029 1140 4079 quam
1173 4010 1382 4064 insulso
1423 4009 1596 4063 etiam

443 4087 502 4136 et
559 4083 778 4151 loquaci
832 4080 1086 4151 Crispino
1152 4082 1397 4135 libenter
1469 4098 1596 4135 con-

443 4154 653 4207 cedam.
739 4153 880 4208 Vide
930 4154 1002 4207 ad
1039 4152 1593 4221 Sat.1,1,120.-

444 4226 691 4295 minimo]
746 4225 1013 4293 „Minimo
1059 4240 1363 4295 provocare
1399 4224 1595 4279 dicun-

444 4300 539 4349 tur
575 4297 616 4349 ii
654 4266 772 4365 qui„
798 4297 860 4349 in
903 4296 1265 4366 stipulatione
1311 4296 1438 4365 plus
1480 4296 1591 4365 ipsi

443 4368 784 4436 promittunt
839 4386 1006 4437 quam
1064 4367 1299 4437 exigunt
1367 4368 1436 4421 ab
1498 4368 1594 4423 ed·

441 4439 738 4495 versario.“
849 4440 1032 4493 Schol.
1111 4438 1394 4509 Crispinus
1479 4440 1595 4493 suis

437 4510 654 4565 viribus
710 4512 934 4581 egregie
977 4510 1258 4565 confidens
1295 4528 1362 4566 ac
1406 4510 1476 4564 de
1510 4511 1595 4565 vi-

448 4581 626 4635 ctoria
664 4598 888 4635 securus
923 4582 1150 4635 minimo
1185 4586 1455 4650 provocat
1481 4582 1592 4635 Ho-

1701 2150 1910 2205 ratium
1956 2151 1994 2206 i.
2042 2169 2089 2205 e.
2135 2152 2236 2220 ita,
2280 2156 2345 2207 ut
2394 2153 2699 2209 maximum
2736 2154 2853 2223 ipse

1700 2223 2028 2292 promittat,
2088 2223 2233 2278 alter
2294 2224 2591 2279 minimum
2651 2226 2853 2281 debeat

1699 2295 1903 2365 pignus
1962 2299 2159 2350 contra
2210 2312 2434 2365 ponere.
2548 2294 2640 2351 Sic
2710 2297 2853 2353 bene

1698 2366 1955 2435 procedit
2012 2366 2211 2421 oratio.
2311 2366 2541 2421 Horkel.
2608 2384 2851 2425 numero.

1696 2436 1891 2521 Lehrs.
1930 2453 2073 2521 cum·
2094 2438 2351 2493 Bentleio
2388 2454 2619 2522 scampno,
2658 2468 2728 2481 —
2762 2457 2851 2495 ac-

1695 2509 2531 2650 5333‚²?1”3t{;3,¹¹t¹2152832?0⁸‚¹
2550 2510 2851 2650 ffiffl

1696 2652 1982 2723 Kriiger03
2038 2653 2294 2709 codicum
2330 2654 2641 2709 auctoritas
2678 2654 2853 2709 dubia

1696 2728 1797 2785 est,
1836 2724 1933 2778 sed
1971 2729 2261 2793 praestare
2301 2725 2529 2780 videtur
2566 2726 2853 2795 anaphora

1696 2796 1897 2878 (accipe
1936 2824 2003 2835 ——
2042 2796 2268 2865 accipe),
2316 2814 2431 2867 qua
2480 2796 2725 2866 Crispini
2756 2814 2849 2851 ur-

1694 2866 1879 2937 gentis
1916 2867 2087 2921 ardor
2123 2868 2488 2937 exprimitur,
2526 2868 2598 2923 cf.
2638 2867 2751 2923 Sat.
2776 2870 2849 2937 Π,

1694 2942 1747 3005 8,
1786 2940 1907 2991 325.
1946 2938 2035 3008 Ep
2037 2938 2123 2993 ist.
2162 2940 2207 3003 Ι,
2231 2942 2285 3006 4,
2320 2942 2370 2994 6.
2406 2908 2524 2995 Al’ii
2560 2940 2847 3009 accipiam.

1695 2978 1778 3064 D'e
1814 3010 2016 3079 partic.
2041 3010 2154 3064 iam
2189 2979 2422 3081 (αὐτίκα)
2461 3010 2758 3079 ensal,
2798 3016 2847 3079 1,

1700 3082 1778 3135 16.
1804 3082 1857 3148 8,
1884 3083 1973 3135 33.
2001 3112 2069 3121 -
2094 3082 2252 3148 hora]
2292 3083 2563 3151 temporis
2601 3051 2847 3152 spatium

1694 3152 1847 3222 quod
1884 3151 1957 3207 ad
1994 3154 2353 3209 scribendum
2390 3154 2620 3223 utrique
2654 3171 2848 3211 conce·

1693 3224 1867 3278 ditur.
1906 3252 1972 3263 -
2006 3224 2271 3295 custodes]
2314 3243 2386 3281 ne
2438 3226 2607 3281 alieni
2654 3244 2849 3281 versus

1694 3296 2038 3350 adferantur.
2106 3326 2173 3336 —
2236 3297 2505 3367 quodque]
2574 3297 2707 3353 vide
2775 3299 2848 3353 ad

1694 3367 1876 3422 Carm.
1922 3368 1995 3429 11,
2036 3370 2087 3436 7,
2126 3369 2213 3421 25.
2273 3398 2337 3409 -
2400 3368 2475 3425 At
2520 3367 2604 3439 tu]
2653 3368 2849 3425 Fictus

1692 3438 2043 3494 adversarius
2084 3440 2417 3509 appellatur.
2480 3469 2553 3480 —
2600 3441 2843 3512 follibus]

1692 3509 1993 3565 Tumidum
2026 3515 2085 3565 et
2109 3511 2407 3567 verbosum
2451 3528 2627 3583 genus
2662 3512 2847 3567 facete

1691 3586 2051 3651 comparatur
2098 3600 2225 3637 cum
2274 3588 2443 3639 vento
2491 3600 2561 3638 ex
2609 3584 2847 3639 indefes-

1691 3654 1764 3707 sis
1804 3654 2031 3708 follibus
2066 3656 2283 3710 emisso.
2358 3654 2659 3709 Poetarum
2696 3657 2845 3711 enim

1690 3725 1920 3863 {ptiriltps
1952 3730 2145 3866 gst23t
2181 3726 2411 3796 spirare.
2451 3725 2632 3781 Germ.
2670 3726 2769 3797 lv,
2796 3730 2848 3797 3,

1763 3868 1827 3919 V.
1870 3871 1955 3922 21.
2020 3868 2303 3937 Famam]
2366 3868 2849 3937 Sat.1‚10‚80.

1690 3938 1846 3994 Salse
1883 3940 2174 4010 praedicat
2210 3940 2505 4009 Fannium,
2542 3940 2635 3995 cui
2682 3958 2716 3995 a
2749 3941 2849 3997 do·

1690 4014 1781 4065 cta
1812 4011 1977 4079 plebe
2026 4012 2306 4080 pretiosae
2352 4028 2569 4082 capsae,
2619 4013 2681 4066 in
2724 4015 2849 4082 qui-

1689 4082 1793 4135 bus
1846 4083 2064 4137 tumida
2116 4101 2218 4137 sua
2272 4085 2523 4139 carmina
2580 4084 2851 4140 conderet

1688 4158 2173 4223 conservat-etque,
2216 4159 2277 4209 et
2330 4155 2520 4225 imago
2580 4162 2849 4211 coronata

1689 4226 1841 4279 ultro
1901 4225 2095 4280 oblata
2148 4242 2267 4281 esse
2319 4226 2601 4281 videntur.
2700 4227 2847 4283 Nam

1690 4296 1841 4365 quod
1874 4295 2221 4353 Scholiastae
2254 4298 2507 4365 tradunt,
2562 4300 2622 4353 in
2658 4300 2847 4368 publi-

1689 4384 1779 4423 cas
1807 4368 2177 4425 bibliothecas
2203 4370 2319 4424 eius
2344 4370 2595 4425 carmina
2618 4377 2677 4425 et
2707 4372 2849 4425 ima-

1687 4440 1877 4509 ginem
1912 4439 2100 4495 delata
2135 4458 2269 4523 esse,
2318 4441 2379 4495 id
2416 4442 2643 4511 quidem
2676 4447 2742 4497 ut
2774 4459 2847 4497 ex

1686 4511 1837 4565 male
1870 4510 2157 4567 intellecto
2202 4512 2325 4582 ipso
2362 4512 2485 4567 loco
2534 4518 2725 4569 ortum
2758 4514 2847 4568 vi·

1687 4581 1852 4636 detur
1886 4582 1970 4636 ita
2014 4584 2169 4637 omni
2218 4584 2622 4652 probabilitate
2672 4590 2847 4641 earet.
