3092 5059
500 181 626 246 552

1384 171 2001 240 EPISTULARUM

592 365 823 441 Dicas
876 363 1291 440 adductum
1342 363 1664 460 propius
1717 359 2086 437 frondere
2133 359 2576 435 Tarentum.

592 491 800 565 Fons
852 491 1081 566 etiam
1135 489 1300 563 rivo
1355 487 1540 562 dare
1593 469 1872 562 nomen
1923 484 2270 579 idoneus,
2316 495 2404 558 ut
2451 507 2594 558 nec

597 615 985 713 Frigidior
1035 614 1413 690 Thracam
1464 637 1612 688 nec
1638 602 1932 709 'purior
1981 609 2273 685 ambiat
2319 608 2654 704 Hebrus,

599 740 918 817 Infirmo
974 739 1208 835 capiti
1259 738 1431 813 fluit
1480 737 1713 833 utilis,
1767 736 1970 812 utilis
2023 737 2223 812 alvo.

516 899 565 940 ιε
599 866 771 941 Hae
814 865 1155 940 latebrae
1208 862 1495 959 dulceS,
1552 863 1804 958 etiam,
1859 863 1926 937 si
1978 862 2252 958 credis,
2305 889 2695 958 amoenae,

596 990 1077 1066 Incolumem
1128 988 1273 1064 tibi
1324 1015 1447 1063 me
1498 1000 1895 1085 praestant
1945 985 2524 1086 Septembribus
2577 987 2798 1062 horis.

603 1115 715 1190 Tu
771 1125 977 1188 recte
1030 1111 1245 1204 vivis,
1299 1112 1367 1186 si
1418 1135 1638 1186 curas
1691 1135 1854 1188 esse
1909 1110 2120 1210 quod
2169 1112 2417 1188 audis.

602 1238 981 1314 Iactamus
1030 1238 1185 1314 iam
1228 1237 1537 1333 pridem
1591 1239 1838 1312 omnis
1891 1249 1968 1312 te
2017 1238 2260 1314 Roma
2309 1239 2657 1332 beatum3

605 1363 762 1440 Sed
815 1388 1087 1439 vereor
1138 1388 1235 1438 ne
1289 1365 1413 1438 cui
1466 1362 1564 1438 de
1615 1377 1690 1438 te
1740 1363 1914 1460 plus
1970 1388 2204 1463 quam
2253 1364 2397 1439 tibi
2448 1362 2736 1458 credas,

520 1523 573 1562 so
605 1489 818 1564 Neve
871 1500 1091 1587 putes
1142 1485 1377 1561 alium
1426 1489 1768 1582 sapiente
1813 1487 2174 1586 bonoque
2223 1483 2560 1582 beatum,

602 1614 773 1690 Neu
826 1612 891 1688 si
943 1624 1016 1686 te
1066 1611 1398 1709 populus
1448 1637 1720 1686 sanum
1771 1624 2132 1711 recteque
2178 1611 2562 1688 valentem

604 1741 934 1833 Dictitet,
992 1737 1369 1812 occultam
1422 1738 1722 1812 febrem
1777 1737 1919 1812 sub
1966 1751 2266 1838 tempus
2321 1736 2612 1814 edendi

605 1863 1077 1958 Dissimules,
1133 1861 1377 1937 donec
1434 1862 1788 1937 manibus
1841 1874 2130 1937 tremor
2165 1860 2458 1938 incidat
2507 1863 2770 1938 unctis.

608 1990 1037 2067 Stultorum
1087 1989 1434 2064 incurata
1482 1987 1740 2085 pudor
1791 1987 2040 2063 malus
2094 1987 2352 2063 ulcera
2395 1987 2614 2063 celat.

526 2151 575 2192 85
610 2115 694 2191 Si
745 2115 916 2214 quis
973 2114 1177 2189 bella
1226 2115 1371 2189 tibi
1415 2129 1624 2191 terra
1674 2125 2015 2212 pugnata
2065 2113 2417 2212 marique

608 2243 834 2320 Dicat
883 2253 958 2317 et
1007 2240 1127 2314 his
1182 2241 1436 2316 verbis
1492 2265 1768 2314 vacuas
1819 2238 2299 2336 permulceat
2341 2263 2604 2313 aures:

613 2365 873 2462 „Tene
925 2365 1171 2462 magis
1220 2363 1518 2438 salvum
1571 2362 1904 2462 populus
1955 2362 2168 2456 velit,
2223 2389 2322 2438 an
2371 2363 2738 2464 populum
2781 2375 2866 2456 tu,

506 2599 695 2648 terum
752 2591 885 2646 vide
941 2607 1114 2661 supra
1165 2609 1221 2660 p.
1262 2593 1296 2644 9
1320 2609 1427 2660 sq.;
1480 2595 1540 2646 et
1593 2591 1666 2646 de

508 2665 667 2720 fonte
714 2664 789 2718 ad
836 2664 1017 2718 Carm.
1062 2661 1163 2730 ΙΙΙ,
1212 2665 1295 2716 13.
1368 2663 1509 2718 Tam
1552 2662 1662 2718 lar-

508 2754 640 2808 gam
700 2753 973 2804 aquarum
1029 2735 1248 2804 copiam
1302 2735 1474 2789 habet
1520 2734 1664 2804 fons,

508 2811 575 2862 ut
620 2809 739 2877 ipse
786 2825 928 2861 unus
974 2807 1159 2860 rivum
1206 2805 1416 2861 efficiat
1452 2823 1520 2860 ex
1563 2824 1662 2862 suo

508 2881 734 2933 nomine
793 2879 1182 2946 nominatum3
1254 2895 1418 2948 saepe
1518 2877 1664 2933 lures

512 2951 853 3006 conveniunt
874 2950 1058 3004 fontes
1094 2967 1379 3018 unumque
1414 2949 1473 3003 ef
1510 2951 1667 3005 ciunt

508 3023 711 3076 rivum.
770 3050 835 3059 —
896 3021 1220 3092 Tarentum]
1279 3022 1339 3074 in
1395 3023 1664 3076 amoenis-

509 3095 649 3148 sima
707 3094 937 3164 regione
992 3093 1190 3159 situm3
1246 3092 1318 3146 cf.
1364 3092 1543 3146 Carm.
1591 3094 1664 3162 ΙΙ,

510 3167 563 3234 6,
597 3169 676 3218 11.
704 3196 769 3205 -
795 3165 970 3234 capiti
1002 3165 1185 3234 utilis]
1222 3163 1337 3218 vid.
1372 3165 1444 3219 ad
1480 3165 1664 3234 Epist.

510 3238 555 3306 1,
596 3237 681 3305 15,
716 3237 765 3291 8.
806 3236 995 3290 Celsus
1030 3235 1075 3303 1,
1112 3239 1172 3290 4:
1250 3237 1471 3306 „Capiti
1520 3237 1666 3291 nihil

514 3325 688 3376 aeque
736 3308 966 3378 prodest
1022 3315 1191 3376 atque
1236 3325 1383 3376 aqua
1426 3307 1663 3379 frigida3

512 3381 705 3448 itaque
742 3381 807 3448 is,
843 3380 934 3433 cni
972 3379 1079 3434 hoc
1112 3379 1389 3446 infirmum
1426 3385 1527 3448 est,
1563 3397 1666 3448 per

514 3457 784 3506 aestatem
830 3451 889 3505 id
934 3451 1075 3505 bene
1119 3450 1279 3520 largo
1322 3452 1503 3506 canali
1552 3457 1666 3506 cot·

512 3522 654 3577 tidie
718 3523 887 3577 debet
952 3523 1299 3590 aliquamdiu
1362 3523 1668 3578 subicere.“

511 3594 667 3649 Idem
712 3595 783 3649 de
840 3595 1091 3648 sanando
1144 3595 1430 3650 stomacho
1476 3595 1668 3648 Celsus

511 3666 787 3736 praecipit
825 3666 920 3733 IV,
958 3667 1009 3718 5.
1050 3695 1116 3705 —
1156 3666 1335 3728 etiam,
1374 3666 1425 3718 si
1464 3665 1664 3736 medis]

512 3735 604 3791 Sic
654 3738 823 3808 vulgo
863 3741 921 3791 et
955 3741 1108 3791 recte
1144 3737 1425 3792 scribitur.
1500 3737 1668 3792 Bent-

513 3809 671 3878 leius,
709 3827 835 3864 cum
878 3809 1022 3862 nihil
1066 3808 1403 3862 discriminis
1448 3809 1670 3872 videret

512 3881 665 3934 inter
717 3881 899 3936 dulces
950 3885 1008 3934 et
1052 3895 1322 3946 amoenae,
1366 3898 1433 3934 ex
1484 3881 1666 3936 conie-

514 3956 699 4006 ctura:
736 3957 801 4013 et,
840 3951 953 4005 iam
989 3952 1044 4006 si
1067 3951 1258 4014 credis,
1288 3969 1452 4020 quem
1491 3953 1668 4007 secuti

512 4030 644 4077 sunt
680 4023 889 4092 Haupt.
943 4023 1187 4078 Meinek.
1224 4023 1497 4095 Krueger.
1534 4023 1666 4078 Lin-

510 4095 631 4150 ker.
685 4095 880 4162 Pauly.
942 4093 1196 4149 Mueller.
1263 4094 1458 4149 Lehrs.
1522 4095 1667 4151 Euk-

512 4168 700 4235 stein.;
740 4167 1132 4220 Doederlinius
1168 4170 1357 4220 tamen
1394 4171 1549 4222 recte
1585 4169 1667 4222 vi-

512 4239 615 4307 dit,
652 4239 759 4292 hoc
794 4255 912 4292 esse
948 4237 1287 4292 discriminis
1322 4239 1428 4305 vel,
1465 4239 1511 4292 si
1553 4257 1666 4293 ma-

512 4310 616 4378 vis,
676 4309 1027 4380 gradationis
1082 4310 1232 4364 inter
1288 4309 1507 4364 dulcem
1567 4312 1667 4365 ali-

515 4397 683 4448 quam
727 4381 1015 4464 regionem
1064 4385 1121 4434 et
1157 4397 1465 4449 amoenam,
1500 4387 1582 4450 ut,
1619 4383 1674 4436 si'

517 4467 629 4517 qua
662 4451 839 4505 dulcis
885 4453 1203 4522 appelletur
1248 4453 1424 4522 regi0,
1458 4453 1667 4508 indice-

520 4523 615 4572 tur
641 4521 863 4588 placere
898 4539 1021 4576 eam
1056 4521 1307 4592 domium
1345 4525 1394 4578 si
1418 4541 1668 4592 amoena,

1755 2595 2021 2646 naturam
2081 2592 2261 2661 ipsam
2323 2592 2589 2659 describi,
2661 2593 2867 2658 landari,

1758 2665 2116 2733 omniumque
2178 2663 2345 2718 laude
2409 2665 2639 2736 dignam
2687 2664 2868 2735 praedi·

1758 2735 1890 2790 cari.
1953 2734 2158 2790 Ritter.
2196 2735 2492 2790 Duentzer.
2533 2737 2734 2792 Keller.
2770 2753 2867 2790 eum

1757 2805 1966 2861 Orellio
2017 2807 2078 2860 in
2113 2807 2210 2861 vul
2252 2813 2347 2861 ata
2380 2809 2782 2876 acquieverunt.
2817 2835 2866 2845 —-

1757 2877 2176 2948 Septembribus]

1757 3020 2158 3148 Zfissssoeluff
2199 3023 2696 3162 ξὲἓζξῖιίἒιᾜῗζ,
2711 3021 2868 3148 ¹³:53

1758 3165 1964 3218 similia
2013 3133 2149 3219 cum,
2173 3164 2271 3219 illo
2309 3183 2438 3219 casu
2485 3136 2866 3228 ooniuniemnt,

1759 3253 1870 3306 quo
1927 3236 2123 3290 Graeci
2178 3231 2213 3288 ἅ
2238 3239 2266 3288 λ
2287 3241 2316 3287 λ
2337 3257 2369 3290 ο
2387 3256 2414 3296 ς
2455 3255 2580 3292 cum
2632 3236 2866 3309 genetivo.

1760 3308 1831 3362 cf.
1869 3308 2050 3376 Epist.
2088 3307 2162 3376 11,
2198 3311 2246 3377 1,
2283 3309 2406 3363 240.
2445 3309 2561 3364 Sat.
2586 3309 2656 3371 ΙΙ,
2691 3311 2738 3375 3,
2770 3307 2865 3358 208·

1760 3379 1919 3432 Brut.
1959 3379 2107 3448 apud
2153 3379 2474 3435 Ciceronem
2519 3381 2672 3436 Fam.
2708 3379 2792 3446 XI,
2819 3377 2862 3428 2:

1764 3451 1912 3520 „Nec
1949 3451 2244 3519 quicquam
2280 3451 2437 3506 aliud
2477 3453 2734 3507 libertate
2753 3465 2863 3504 eom-

1759 3523 1916 3576 muni
1964 3523 2296 3591 quaesisse-‘⁴
2336 3553 2402 3563 —
2450 3531 2688 3595 recteque
2725 3521 2861 3578 valor

1759 3593 1883 3663 tem]
1923 3593 2051 3648 vide
2089 3593 2160 3648 ad
2183 3593 2364 3662 Epist.
2393 3595 2437 3656 1,
2457 3596 2510 3662 ⁷,
2529 3597 2582 3650 3.
2607 3625 2672 3635 -
2691 3589 2864 3656 odeum]

1761 3669 2060 3735 Aegrotas,
2097 3683 2166 3719 ne
2205 3666 2361 3720 lauta
2407 3683 2542 3721 cena
2581 3670 2768 3726 careat,
2799 3677 2862 3714 oc·

1761 3737 1942 3791 cultat
1959 3737 2192 3792 febrem.
2219 3765 2286 3776 -
2311 3737 2518 3806 unctis]
2557 3737 2711 3793 ovid.
2734 3739 2791 3789 A.
2811 3734 2860 3785 A.

1760 3808 1862 3875 ΙΙΙ,
1899 3809 2028 3862 755:
2088 3809 2304 3878 „Carpe
2353 3809 2508 3864 cibos
2556 3809 2761 3881 digitis;
2800 3805 2862 3856 αἱ

1763 3880 2031 3948 quiddam
2057 3884 2244 3950 gestus
2279 3880 2503 3935 edendi:
2539 3880 2650 3936 Ora
2670 3897 2759 3934 nec
2785 3877 2858 3929 im·
2970 3891 2971 3894 ¹

1760 3951 1968 4006 munda
2005 3956 2130 4006 tota
2165 3968 2414 4023 perunge
2443 3953 2662 4007 mann.“
2683 3981 2741 3991 -
2758 3945 2856 4002 stul-

1759 4023 1960 4093 torum]
1999 4023 2171 4078 Stulti
2207 4029 2338 4077 sunt
2377 4025 2474 4093 qui
2510 4025 2648 4079 falso
2687 4020 2857 4093 pudore

1761 4095 1901 4149 moti
1937 4095 2126 4149 ulcera
2161 4095 2343 4150 celare
2364 4097 2584 4150 malunt
2617 4111 2762 4166 quam
2795 4104 2854 4142 8²·

1759 4183 1912 4220 nare.
1971 4165 2186 4221 Deinde
2231 4167 2460 4221 additur
2497 4159 2854 4238 argumentatio

1761 4256 1794 4292 a
1829 4237 2033 4292 minori
2060 4238 2131 4291 ad
2156 4239 2351 4293 maius.
2377 4269 2444 4278 —
2468 4241 2602 4294 bella
2625 4235 2738 4306 tim]
2757 4235 2800 4287 h.
2820 4247 2852 4283 e.

1758 4327 1793 4364 a
1843 4314 1928 4379 te;
1975 4326 2111 4364 cave
2155 4314 2346 4364 tamen
2399 4310 2630 4382 colligas
2681 4325 2740 4362 ex
2777 4305 2853 4356 hoo

1756 4382 1898 4442 loco,
1925 4380 2216 4449 Quintium
2241 4398 2473 4453 magnas
2499 4399 2586 4438 res
2613 4385 2750 4436 terra
2768 4389 2850 4427 m·

1757 4452 1920 4521 rique
1954 4452 2243 4522 splendide
2287 4453 2536 4524 gessisse.
2575 4482 2638 4492 -
2671 4439 2848 4510 mem]

1759 4523 1832 4578 ef.
1859 4523 2040 4593 Epist.
2061 4523 2105 4594 1,
2129 4527 2212 4593 18,
2235 4525 2321 4580 ⁷0.
2365 4525 2438 4595 11,
2459 4526 2511 4594 2,
2534 4525 2648 4578 105.
2671 4547 2726 4560 -
2751 4517 2849 4573 Μ

2253 2884 2328 2933 at.
2367 2879 2440 2947 H,
2479 2881 2651 2948 6,·19.
2691 2909 2751 2919 -
2783 2893 2868 2932 me
2970 2889 2971 2916 ³

1757 2949 1906 3018 quod
1951 2949 2138 3019 audis]
2191 2950 2302 3004 Cic.
2339 2950 2410 3004 de
2445 2950 2552 3006 off.
2591 2952 2662 3015 11,
2705 2955 2776 3004 12.
2815 2977 2864 2990 ο-
2970 2959 2971 2994 ἱ
