3092 5059
1081 219 1244 288 LIB.
1287 217 1338 286 1.
1380 217 1655 288 EPIST.
1700 220 1823 288 ΠΙ.

2531 225 2653 290 511

353 409 562 488 Grex
614 406 874 484 avium
929 405 1257 505 plumas,
1305 419 1619 482 moveat
1672 407 2064 486 cornicula
2111 409 2351 486 risum

264 566 318 606 ιο
351 532 684 608 Furtivis
735 530 1026 610 nudata
1075 531 1484 608 coloribus.

1590 531 1767 630 Ipse
1820 533 2007 632 quid
2062 534 2352 612 audes?

353 655 570 748 Quae
622 655 1189 732 circumvolitas
1239 655 1469 753 agilis
1519 655 1837 755 thyma?
1912 656 2089 734 Non
2139 661 2283 736 tibi
2323 687 2653 762 parvum

351 780 786 878 Ingenium,
841 808 994 858 non
1049 780 1428 856 incultum
1481 797 1597 856 est
1648 793 1722 855 et
1765 783 2093 882 turpiter
2142 784 2471 864 hirtum:

357 905 508 982 Seu
559 906 908 1004 linguam
964 906 1210 982 causis
1261 906 1472 981 acuis
1526 931 1661 981 seu
1714 906 1957 982 civica
2006 906 2176 983 iura

348 1031 842 1128 Respondete
894 1056 1119 1131 paras
1171 1056 1306 1107 seu
1360 1029 1628 1106 condis
1682 1031 2017 1108 amabile
2068 1057 2399 1132 carmen,

261 1189 316 1229 ει
352 1155 612 1233 Prima
664 1156 865 1232 feres
919 1155 1256 1231 hederae
1305 1155 1641 1234 victricis
1693 1157 2064 1256 praemia.

2170 1159 2468 1252 Quodsi

350 1281 674 1380 Frigida
729 1307 1090 1357 curarum
1142 1280 1486 1358 fomenta
1537 1281 1979 1382 relinquere
2029 1308 2317 1384 posses,

352 1407 523 1500 Quo
572 1419 646 1483 te
699 1406 1048 1483 caelestis
1098 1405 1471 1503 sapientia
1517 1406 1851 1502 duceret,
1908 1408 2083 1483 ires.

349 1531 526 1606 Hoc
576 1557 792 1634 opus,
847 1531 996 1606 hoc
1045 1531 1386 1606 studium
1440 1533 1666 1632 parvi
1717 1558 2223 1632 properemus
2278 1547 2355 1612 et
2387 1538 2649 1637 ampli,

353 1655 434 1732 Si
481 1659 782 1756 patriae
833 1637 1234 1752 volumus,
1261 1659 1327 1733 si
1377 1657 1601 1734 nobis
1650 1657 1910 1734 vivere
1958 1659 2139 1734 cari.

262 1815 315 1855 ιο
350 1783 602 1859 Debes
651 1781 798 1858 hoc
849 1783 1080 1858 etiam
1129 1782 1579 1878 rescribere,
1632 1784 1732 1858 sit
1780 1782 1921 1858 tibi
1974 1808 2205 1858 curae

353 1907 704 2000 Quantae
756 1907 1161 1984 conveniat
1207 1907 1617 1983 Munatius.

1716 1907 1844 1984 An
1898 1908 2099 1985 male
2151 1923 2355 1986 sarta

345 2029 621 2110 Gratia
674 2033 1143 2132 nequiquam
1201 2035 1354 2109 coit
1405 2046 1480 2109 et
1530 2033 2045 2112 rescinditur?
2153 2033 2262 2110 At
2311 2062 2451 2113 vos

243 2283 414 2405 gusto
467 2282 698 2338 condita
745 2288 868 2340 erat
912 2283 1258 2338 bibliotheca
1299 2301 1400 2352 pu-

285 2351 409 2407 lica.
473 2383 540 2392 —
591 2371 730 2424 grex
773 2355 977 2425 avium]
1028 2355 1100 2410 cf.
1151 2355 1400 2410 fabulam

243 2424 578 2508 Aesopicam
616 2427 764 2495 apud
801 2426 1118 2482 Phaedrum
1150 2426 1194 2492 1,
1229 2429 1278 2480 3.
1317 2427 1402 2481 De

245 2494 514 2550 libertate
567 2497 832 2553 monendi
894 2497 1037 2552 bene
1095 2467 1399 2552 Obbarius·

245 2566 468 2635 „,Addo
503 2568 708 2638 inquit,
757 2587 860 2640 ego
895 2574 1090 2624 nostra
1124 2569 1402 2624 sentiendi

241 2639 466 2693 ratione
509 2644 708 2710 utpote
753 2641 1042 2696 hominum
1099 2658 1264 2710 saepe
1317 2641 1400 2696 bi-

243 2709 528 2780 linguium
569 2715 740 2781 atque
791 2713 992 2768 incude
1041 2713 1224 2768 aulica
1258 2713 1399 2781 poli-

241 2785 434 2836 torum
468 2799 582 2838 non
622 2784 802 2838 videri
837 2784 1148 2840 metiendos
1173 2785 1398 2839 liberio-

243 2869 334 2906 res
353 2852 642 2909 hominum
661 2857 1024 2926 antiquorum
1036 2856 1400 2926 simplicium-

244 2941 356 2993 que
401 2927 620 2982 mores!
663 2957 735 2967 —
759 2927 970 2998 thyma]
1009 2929 1190 2984 Carm.
1218 2928 1313 2996 IV,
1343 2929 1398 2996 2,

241 2997 330 3050 29.
382 3025 450 3037 -
501 2999 736 3068 turpiter
783 2999 1010 3070 latrium]
1065 2999 1400 3069 Metaphora

241 3067 316 3122 ab
389 3069 542 3140 agris
602 3075 845 3140 sumpta.
953 3070 1039 3125 De
1099 3072 1398 3126 coniuncto

242 3156 368 3194 cum
406 3139 514 3196 ιιοο
546 3141 823 3197 adiectivo
872 3141 1141 3197 adverbio
1178 3159 1396 3206 moneo,

239 3228 312 3265 ne
350 3211 476 3280 quis
512 3211 593 3266 ita
639 3213 700 3266 in
746 3231 914 3283 prosa
965 3214 1221 3268 oratione
1256 3215 1399 3268 bene

240 3281 356 3337 dici
391 3299 554 3352 posse
591 3285 806 3353 credat3
858 3285 918 3338 in
953 3301 1068 3353 qua
1103 3286 1202 3354 qui
1237 3303 1396 3342 accu-

239 3358 364 3409 rate
408 3356 752 3425 scripserunt
798 3357 918 3411 ausi
963 3374 1080 3412 non
1124 3361 1256 3411 sunt
1301 3357 1396 3413 ad-

239 3426 438 3480 verbia
463 3427 754 3496 qualitatis
778 3445 906 3484 cum
949 3428 1244 3483 adiectivis
1267 3445 1396 3482 con-

239 3497 490 3568 iungere.
589 3500 759 3568 Apud
815 3499 1115 3554 Horatium
1170 3506 1396 3569 poetam

239 3587 538 3714 ῗωέζιῖἑῗσ]
551 3571 996 3713 cgmfrffluetlili
1031 3571 1397 3728 {leffe-llige

240 3730 368 3768 cum
422 3715 550 3770 telis
609 3716 891 3785 armisque
961 3715 1396 3785 comparatione.

241 3783 478 3868 Quintil.
511 3786 582 3852 X,
617 3791 669 3856 5,
710 3789 798 3843 16:
873 3787 1032 3857 „Ipse
1071 3787 1167 3842 ille
1203 3803 1396 3842 mucro

239 3857 456 3927 ingenii
511 3858 820 3914 cottidiana
889 3877 928 3930 p
1132 3859 1398 3914 retunda-

239 3931 337 3982 tur
371 3945 594 3984 necesse
625 3932 762 3986 estf‘
811 3931 921 3986 Cic.
1010 3933 1120 3984 rut.
1157 3931 1252 3984 97.
1295 3933 1396 3998 ,,ιιι

239 3999 299 4052 in
337 3998 525 4054 forum
553 4017 786 4056 veneras
809 4019 972 4070 unus,
1007 4001 1106 4071 qui
1139 4019 1254 4056 non
1289 3969 1394 4055 lin·

235 4070 936 4212 &atrati-5²33&
955 4072 1396 4200 νῗέἒἙἛῗὲἒῗ

239 4213 532 4282 11,1,1.
715 4213 954 4283 hederae]
1011 4215 1188 4270 Carm.
1245 4215 1290 4278 Ι,
1346 4219 1392 4284 1,

237 4287 327 4340 29.
375 4314 440 4324 -
483 4284 700 4356 fn'qida
739 4285 1010 4356 fomenta]
1066 4285 1208 4341 Sunt
1252 4286 1392 4342 sola·

237 4355 346 4423 cia,
403 4355 709 4412 lenimenta
762 4373 1040 4425 curarum,
1087 4357 1184 4412 sed
1231 4375 1394 4426 quae.

238 4444 370 4482 eum
428 4427 619 4482 inania
670 4429 786 4484 sint
838 4427 1114 4500 (frigida),
1179 4430 1390 4484 malum

275 4504 487 4554 ueant
519 4499 706 4570 potius
745 4517 914 4571 quam
954 4501 1226 4556 minuant.

234 4571 558 4646 telegenda
602 4577 736 4628 sunt
780 4571 982 4644 gloria,
1022 4572 1278 4628 honores.
1319 4601 1388 4612 -—

1494 2281 1740 2338 caelatis
1787 2282 2069 2353 sapientia
2006 2282 2089 2352 ια]
2144 2282 2255 2338 Cic.
2292 2281 2455 2338 Tusc.
2492 2281 2561 2352 V,
2597 2284 2649 2352 4,

1499 2355 1583 2409 10.
1638 2383 1707 2394 -
1764 2353 1965 2424 ampli]
2018 2353 2091 2409 cf.
2136 2354 2318 2423 Epist.
2368 2355 2413 2418 1,
2466 2359 2514 2423 1·,
2560 2356 2649 2410 25.

1496 2455 1564 2464 -
1614 2426 1923 2494 rescribere,
1976 2426 2073 2496 ait]
2129 2425 2221 2480 Sic
2274 2427 2473 2496 scripsi
2520 2443 2647 2480 cum

1495 2497 1755 2552 omnibus
1818 2515 1995 2567 prope
2060 2497 2374 2566 codicibus,
2440 2497 2648 2553 etenim

1494 2585 1551 2622 v.
1584 2569 1661 2622 sit
1700 2570 1905 2626 omissa
1927 2570 2209 2639 particula
2234 2570 2649 2640 interrogativa

1493 2641 1742 2708 positum
1786 2645 1895 2703 cst,
1941 2646 2007 2696 ut
2048 2642 2229 2712 Epist.
2280 2642 2325 2710 1,
2370 2645 2521 2710 16,1
2560 2657 2643 2711 sq.

1494 2713 1611 2766 Sat.
1648 2712 1694 2779 1,
1730 2715 1783 2780 4,
1818 2714 1903 2781 63,
1952 2729 2057 2768 nec
2102 2729 2301 2768 verum
2346 2681 2453 2782 cst:
2495 2713 2647 2782 quod

1493 2783 1781 2838 Bentleius
1818 2753 2157 2853 ad’firmavit,
2206 2785 2394 2854 posita
2426 2783 2534 2840 hac
2569 2785 2646 2839 le·

1493 2856 1680 2910 ctione
1740 2855 2029 2924 sequentia
2090 2856 2241 2924 (coit,
2288 2855 2647 2926 rescinditur)

1493 2926 1617 2982 fore
1654 2926 1887 2995 vitiosa3
1932 2929 2139 2982 transit
2180 2928 2331 2982 enim
2374 2932 2545 2997 poeta
2576 2944 2649 2982 ex

1492 2998 1773 3053 indirecta
1808 2999 2061 3054 oratione
2094 3000 2157 3052 in
2204 3004 2437 3062 rectam,
2472 3016 2647 3068 quare

1491 3074 1764 3140 punctum
1790 3069 2113 3140 ponendum
2139 3074 2263 3125 erat
2284 3074 2415 3140 post
2439 3088 2492 3125 v.
2514 3069 2645 3126 Mu-

1489 3142 1701 3196 natius.
1727 3141 1883 3196 Idem
1904 3141 2067 3196 video
2092 3160 2241 3198 nunc
2255 3142 2453 3197 fecisse
2470 3141 2644 3196 Lehr-

1491 3213 1655 3276 sinm.
1680 3212 2123 3278 Doederlinium‚
2108 3213 2482 3340 ,Κιΰῗετιιιιῃ
2498 3213 2643 3268 Euk-

1492 3285 1773 3339 steinium.
1798 3313 1864 3324 -
1884 3285 2200 3354 Munatius]
2232 3284 2271 3339 fi
2294 3302 2381 3340 ius
2406 3285 2643 3340 fortasse

1491 3357 1609 3410 eius
1646 3355 1905 3420 Munatii,
1942 3356 2015 3410 ad
2051 3374 2216 3426 quem
2254 3361 2341 3412 est
2378 3357 2560 3412 Carm.
2597 3357 2643 3428 1,

1492 3429 1542 3482 7.
1570 3457 1635 3467 —
1663 3433 1820 3482 sarta
1854 3427 1985 3498 coit]
2012 3427 2247 3497 Sumpta
2283 3428 2423 3483 haec
2457 3445 2490 3482 a
2523 3429 2643 3482 vul-

1489 3500 1737 3567 neribus,
1781 3515 1925 3568 quae
1971 3501 2124 3554 assui
2168 3503 2226 3554 et
2268 3501 2413 3555 coire
2448 3499 2641 3555 dicun-

1489 3575 1601 3626 tur.
1674 3571 1839 3626 ovid.
1885 3570 2055 3626 Trist.
2100 3569 2195 3639 1v‚
2232 3575 2286 3640 4,
2321 3575 2420 3624 41.
2498 3571 2639 3639 „Ne-

1488 3660 1561 3696 ve
1630 3642 1988 3698 retractando
2064 3642 2313 3698 nondum
2383 3644 2643 3698 coeuntia

1489 3731 1749 3784 rumpam
1820 3714 2107 3770 vulnera.“
2208 3715 2433 3769 Patron.
2512 3717 2636 3768 118.
2672 3777 2677 3780 ,

1489 3787 1709 3854 „Credo
1744 3787 1973 3855 veritus,
2014 3803 2085 3840 ne
2119 3785 2271 3840 inter
2318 3785 2483 3840 initia
2518 3803 2639 3840 coe·

1487 3858 1641 3912 untia
1694 3859 1913 3929 gratiae
1978 3862 2261 3912 recentem
2320 3857 2641 3912 cicatricem

1487 3929 1883 3984 rescinderet.“
1908 3957 1978 3970 --·
2006 3935 2068 3984 at
2109 3928 2229 4000 vos]
2267 3929 2475 3984 Keller.
2510 3945 2639 3983 cum

1487 3999 1731 4070 Rittero,
1768 4001 2025 4069 Miillero,
2062 3999 2387 4056 Ecksteinio
2434 4017 2505 4054 ex
2541 4000 2641 4055 bo·

1486 4073 1575 4126 nis
1634 4072 1794 4128 codd.
1840 4089 1906 4128 ac
1960 4089 2053 4128 vos
2105 4077 2164 4126 et
2214 4071 2511 4128 coniunxit
2556 4088 2639 4128 re·

1484 4144 1761 4198 scinditur
1794 4161 1861 4200 ac
1894 4159 1989 4199 vos
2028 4186 2040 4199 .
2061 4183 2075 4198 .
2098 4183 2113 4198 .
2146 4141 2349 4210 ferox?
2390 4143 2517 4198 Non
2553 4149 2641 4200 est

1485 4219 1711 4270 secutus
1736 4216 1975 4287 Kriiger.
1999 4243 2069 4256 —
2093 4215 2199 4271 Seu
2236 4213 2465 4284 calidus]
2503 4215 2639 4270 Cru-

1487 4288 1651 4355 quius
1677 4287 1746 4342 ad
1774 4287 1829 4341 h.
1868 4289 1905 4340 ι.
1944 4287 2084 4341 haec
2118 4285 2313 4341 habet.
2362 4285 2498 4355 „heu
2532 4287 2637 4342 cal.

1484 4374 1642 4428 sang.
1697 4359 1801 4413 heu
1852 4373 2063 4424 remum
2121 4357 2205 4413 sic
2256 4375 2447 4414 omnes
2500 4357 2638 4413 libri

1487 4429 1647 4484 codd.
1692 4435 1921 4499 praeter
1970 4428 2189 4494 Divaei,
2234 4428 2331 4498 qui
2374 4429 2637 4501 vulgatos

1299 4501 1388 4556 In-
1485 4502 1765 4572 sequitui-3
1802 4501 1900 4558 sed
1923 4500 2067 4554 mihi
2088 4501 2364 4572 probatur
2386 4502 2636 4572 plurium

1484 4572 1707 4628 lectio.“
1744 4543 1835 4628 ’Ex
1874 4573 2279 4630 recentioribus
2325 4573 2637 4636 editoribus
