3092 5059
983 234 1258 301 LIBER.
1334 232 1587 303 GARM.
1630 234 1805 301 XIV.
1851 234 1993 301 XV.

2510 318 2513 323 ¹
2574 231 2694 298 321

599 418 980 517 Inceptos,
1038 418 1222 495 olim
1281 418 1745 517 promissum
1798 442 2129 514 carmen,
2184 417 2481 493 iambos

708 542 838 619 Ad
892 543 1333 619 umbilicum
1387 541 1795 620 adducere.

605 668 780 745 Non
833 669 1054 746 aliter
1106 668 1362 745 Samio
1420 670 1687 745 dieunt
1735 670 2011 746 arsisse
2060 668 2421 768 Bathyllo

521 824 574 863 ιο
709 791 1202 880 Anacreonta
1252 794 1551 888 Teium,

614 917 770 1011 Qui
820 944 1194 1019 persaepe
1238 944 1425 995 cava
1473 918 1857 995 testudine
1906 914 2121 995 flevit
2162 945 2504 995 amorem

705 1043 880 1119 Non
935 1044 1415 1121 elaboratum
1468 1043 1569 1119 ad
1614 1043 1919 1141 pedem.
1969 1106 1979 1116 .

610 1170 879 1248 Uteris
932 1171 1100 1271 ipse
1149 1171 1423 1246 miser:
1479 1169 1758 1270 quodsi
1808 1197 1963 1245 non
2017 1173 2417 1273 pulchrior
2472 1174 2672 1272 ignis

708 1294 1089 1372 Accendit
1138 1296 1528 1371 obsessam
1571 1295 1802 1393 Ilion,

527 1453 574 1495 ιε
609 1420 888 1498 Gaude
939 1434 1145 1497 sorte
1196 1434 1368 1517 tua3
1421 1447 1542 1497 me
1594 1421 1955 1499 libertina
2005 1448 2257 1523 neque
2309 1451 2463 1500 uno

713 1546 1091 1622 Contenta
1135 1546 1440 1645 Phryne
1490 1561 1847 1623 macerat.

1215 1850 1595 1949 CARMEN
1659 1853 1831 1940 XV.

618 2016 792 2093 Nox
846 2031 1010 2094 erat
1061 2031 1139 2095 et
1189 2016 1400 2093 eaelo
1455 2018 1806 2117 fulgebat
1854 1988 2039 2096 luna
2090 2048 2358 2098 sereno

719 2142 931 2219 Inter
982 2144 1288 2219 minora
1345 2142 1623 2240 sidera,

316 2361 608 2417 absolvere
645 2378 758 2414 non
793 2360 1046 2428 patiatur
1083 2360 1308 2429 incepta
1347 2376 1466 2413 car·

313 2434 488 2489 mina·
525 2433 784 2487 Ceterum
823 2430 892 2485 of.
933 2430 1006 2485 ad
1033 2430 1214 2485 Carm.
1241 2431 1286 2493 Ι,
1317 2431 1466 2493 18,3.

315 2534 382 2545 ·-
421 2505 574 2573 olim]
626 2502 952 2559 iamdudum
989 2502 1097 2556 tibi
1133 2502 1470 2571 promissum

315 2576 628 2631 iamborum
664 2576 904 2642 librum;
951 2591 1060 2642 quo
1097 2574 1323 2629 nomine
1357 2590 1472 2627 non

316 2652 402 2702 est
456 2647 690 2702 dubium
739 2646 875 2715 quin
920 2645 1127 2715 epodos
1183 2663 1218 2699 a
1259 2646 1474 2700 maiore

315 2723 482 2789 parte
527 2720 818 2773 nominare
860 2717 1118 2772 voluerit.
1195 2715 1472 2771 Carminis

318 2792 544 2846 nomine
616 2790 792 2873 lyrica
864 2790 1047 2859 poesis
1107 2788 1473 2859 significatur,

319 2863 582 2933 opposita
617 2862 834 2932 epioae;
871 2861 952 2915 310
989 2861 1138 2930 apud
1177 2858 1474 2927 Quintilia-

317 2952 454 2989 num
488 2934 562 3001 H,
595 2935 650 2996 4,
688 2936 750 2987 2·
815 2932 1060 3001 ‚,fabula‚
1110 2950 1252 3001 quae
1289 2950 1474 2987 versa-

317 3010 414 3059 tur
449 3006 510 3059 in
535 3010 626 3061 tra
667 3005 842 3060 oediis
879 3010 1050 3073 atque
1085 3003 1474 3059 cantionibus?

320 3076 600 3131 Similiter
687 3076 934 3132 uei-etius
971 3074 1065 3138 VI,
1103 3076 1210 3129 936
1247 3075 1316 3129 de
1353 3079 1475 3129 toto

321 3150 506 3219 primo
543 3148 720 3203 libro.
762 3148 958 3216 „Nunc
998 3165 1188 3203 omnes
1223 3150 1476 3215 repetam

323 3237 492 3290 quam
545 3236 676 3275 raro
733 3235 968 3289 corpore
1013 3220 1127 3273 sint
1183 3236 1274 3273 res
1319 3218 1476 3273 Com—

317 3309 648 3360 memorare,
723 3292 875 3361 quod
943 3291 1004 3345 in
1075 3290 1258 3359 primo
1343 3306 1474 3359 quo-

322 3380 430 3432 que
491 3364 730 3419 camino
788 3364 983 3417 claret.
986 3362 1020 3391 “
1097 3390 1158 3401 —
1220 3359 1294 3415 ad
1363 3378 1478 3415 um·

319 3435 541 3491 bilicum
571 3433 863 3505 adducere]
900 3473 934 3502 „
919 3433 1284 3501 ,Extremitas
1321 3432 1480 3487 ohar-

321 3509 416 3561 tae
452 3522 799 3576 papyraceae
845 3505 935 3560 vel
981 3506 1355 3573 membranae,
1410 3521 1480 3557 ex

325 3578 527 3647 quibus
564 3576 1004 3633 eonfioiebantur
1041 3576 1346 3641 volumina,
1383 3592 1478 3647 ag·

323 3650 717 3721 glutinabatur
760 3649 986 3716 hacine,
1023 3648 1114 3703 οιι1
1148 3647 1480 3703 circumvol-

325 3722 565 3777 vebatur
613 3726 797 3776 totum
833 3722 1110 3775 volumen.
1185 3719 1342 3773 Illius
1393 3736 1478 3773 ea·

323 3794 446 3863 pita
481 3810 552 3847 ex
595 3810 716 3847 osse
763 3797 862 3847 aut
907 3792 1062 3875 ligno
1110 3791 1262 3847 faeta
1315 3790 1482 3845 unehi-

325 3864 422 3919 um·
447 3865 814 3933 vocabantur,
853 3864 990 3933 quia
1025 3864 1084 3917 in
1109 3862 1298 3919 media
1318 3867 1484 3931 parte

326 3935 459 3991 libri
495 3940 712 3991 erant.‘
680 3936 712 3965 “
757 3934 894 3991 Fea.
946 3936 1052 3989 Est
1089 3935 1266 4006 igitur
1302 3934 1484 3988 absol·

327 4025 478 4076 vere,
513 4014 578 4063 ut
612 4008 784 4063 Mart.
810 4006 904 4070 IV,
937 4009 1026 4071 91,
1066 4011 1122 4059 1:
1161 4004 1334 4075 „,Ohe
1371 4005 1485 4060 iam

327 4082 463 4135 satis
513 4085 616 4141 est,
664 4079 771 4134 ohe
805 4078 1014 4140 libelle,
1061 4046 1194 4132 Iani
1229 4077 1484 4147 perveni·

327 4169 452 4206 mus
486 4168 663 4221 usque
697 4150 771 4206 ad
797 4150 1144 4205 umbilicos-‘⁴
1173 4178 1232 4188 —-
1257 4148 1485 4218 arsisse]

329 4238 457 4279 eum
493 4223 760 4279 ablativo.
797 4221 868 4277 ef.
900 4222 1083 4277 Carm.
1109 4220 1182 4282 11,
1211 4220 1265 4289 4,
1295 4222 1344 4275 7.
1385 4220 1486 4289 ΙΠ,

331 4297 384 4363 9,
429 4297 481 4357 5,
528 4296 628 4350 ubi
683 4294 829 4349 vide.
885 4324 952 4335 --
1009 4292 1196 4360 mnam]
1255 4296 1489 4363 propter

329 4367 562 4422 nimiam
614 4366 733 4421 vim
798 4366 970 4420 etiam
1023 4364 1120 4419 fel
1104 4365 1204 4419 ιο13
1261 4364 1487 4419 amoris.

333 4468 400 4478 —
455 4438 670 4510 quodni]
733 4439 804 4492 de
859 4454 964 4491 usu
1023 4436 1188 4491 huius
1243 4437 1487 4505 partiou-

329 4510 420 4565 130
465 4510 616 4580 apud
661 4509 959 4565 Horatium
1007 4508 1136 4563 vide
1181 4507 1254 4561 ad
1305 4507 1486 4563 Garm.

226 4636 236 4643 ,
329 4582 376 4651 1,
418 4586 468 4651 1,
501 4584 592 4637 35.
663 4581 935 4650 Fuerunt,
973 4580 1176 4649 quibus
1223 4584 1322 4635 aut
1367 4580 1486 4635 lan-

433 4704 659 4745 Horatius
685 4703 760 4743 ed.
785 4702 1122 4752 Dmenbnrger
1147 4700 1220 4741 ed.
1248 4700 1355 4746 vn.

1560 2362 1735 2433 guida
1766 2366 1867 2417 aut
1906 2362 2097 2431 inepta
2146 2362 2435 2417 videretur
2484 2380 2551 2417 ea
2584 2380 2715 2433 par-

1562 2434 1764 2502 ticula,
1830 2437 1888 2489 et
1940 2434 2396 2504 Peerlkampiue:
2450 2435 2545 2503 „in
2598 2435 2685 2489 his
2700 2474 2716 2501 ,

1562 2506 1779 2575 inquit,
1837 2506 2199 2561 conexionem
2256 2524 2379 2561 eum
2430 2510 2553 2561 toto
2600 2522 2718 2561 oar·

1562 2577 1713 2631 mine
1781 2577 1943 2632 video
2016 2578 2245 2645 nullam,
2318 2595 2500 2646 neque
2572 2594 2715 2631 unus

1564 2648 1813 2703 omnium
1854 2649 2229 2718 interpretum
2260 2650 2558 2703 ostenditf‘
2596 2650 2715 2703 Δω-

1564 2720 1679 2774 tiua
1726 2738 1795 2775 ex
1846 2720 2108 2775 oonieet..
2158 2720 2424 2790 quasii-
2460 2738 2506 2775 e.
2546 2738 2716 2789 quan-

1566 2791 1885 2861 doquidem,
1934 2791 2230 2861 siquidem,
2280 2792 2415 2862 quia
2462 2792 2571 2847 isto
2618 2798 2718 2846 tuo

1565 2863 1835 2990 ³333„ae
1866 2864 2163 2991 111111111ἱίἓέ
2204 2869 2308 2918 111
2322 2867 2720 3018 ἕρξῖἓῗΡῧὲἳῗ

1567 3005 1702 3062 Βιιο.
1736 3010 1787 3069 3,
1826 3010 1912 3061 66.
1942 3022 2201 3075 -neque
2233 3006 2363 3075 nmo]
2402 3007 2437 3061 i.
2476 3024 2521 3061 e.
2560 3022 2721 3061 aene

1570 3096 1682 3132 uno
1709 3080 1935 3162 quidem
1954 3082 2234 3134 contenta.
2261 3077 2384 3131 Liv.
2408 3078 2720 3145 XXXVIII,

1568 3152 1659 3218 21,
1681 3151 1738 3204 6:
1778 3151 1959 3219 „saxis
1986 3166 2089 3205 nee
2110 3149 2343 3204 modieis
2362 3150 2719 3205 utebantur-,⁴⁴

1570 3220 1661 3277 Sic
1685 3226 1925 3292 augetur
1958 3222 2159 3275 levitas
2192 3220 2572 3290 mulierculae,
2598 3222 2720 3291 ipso

1570 3294 1793 3349 nomine
1841 3294 2129 3349 libertinae
2181 3293 2296 3346 iam
2340 3293 2606 3348 indicata.
2654 3322 2721 3332 -

1568 3366 1831 3445 macerat]
1876 3366 2059 3420 Carm.
2096 3363 2142 3433 Ι,
2185 3368 2268 3432 13,
2306 3365 2354 3419 8.

1919 3478 2199 3532 Carmen
2234 3476 2353 3532 XV.

1643 3573 1947 3629 Perfidiam
1991 3575 2253 3635 Neaerae,
2305 3590 2447 3643 quae
2496 3574 2727 3628 sanctia·

1572 3647 1714 3701 simo
1752 3646 2112 3702 iureiurando
2146 3646 2480 3715 interposito
2527 3662 2724 3715 perpe-

1574 3724 1731 3773 tuam
1766 3718 1819 3772 ei
1853 3717 2022 3773 fidem
2069 3719 2423 3787 promiserat,
2472 3718 2727 3787 graviter

1574 3794 1813 3855 accusat,
1859 3796 1916 3843 et
1964 3790 2047 3844 ita
2094 3789 2339 3858 quidem,
2387 3793 2452 3842 ut
2499 3790 2727 3843 iamiam

1575 3880 1635 3917 30
1694 3879 1817 3917 eam
1890 3862 2219 3915 relicturum
2279 3860 2559 3928 aliamque
2619 3859 2727 3914 sibi

1574 3932 1687 3988 fide
1724 3938 1781 3987 et
1816 3934 2001 3987 animo
2038 3950 2231 4002 parem
2264 3933 2370 3987 etsi
2394 3932 2579 3985 minus
2602 3932 2726 4000 pul·

1578 4005 1769 4059 ohram
1818 4005 2201 4072 quaesiturum
2248 4004 2511 4066 minetur,
2561 4002 2729 4057 rivali

1578 4081 1765 4131 autem
1814 4094 1963 4131 nune
2010 4076 2281 4147 glorianti
2328 4074 2589 4130 ostendat
2635 4091 2729 4128 ne-

1578 4165 1687 4217 que
1740 4148 1971 4203 divitias
2028 4148 2216 4202 Croesi
2267 4164 2449 4215 neque
2513 4146 2729 4214 sapien-

1578 4221 1717 4275 tiam
1756 4220 2109 4291 Pythagorae
2142 4236 2325 4287 neque
2361 4217 2731 4287 pulchritudi-

1579 4309 1707 4346 nem
1757 4291 1915 4346 Nirei
1964 4309 2093 4345 eum
2136 4290 2207 4345 ab
2258 4290 2449 4344 eadem
2494 4288 2732 4360 perfidia

1580 4363 1732 4418 tueri
1768 4379 1945 4432 posse.
1988 4362 2110 4429 Quo
2147 4378 2293 4416 anno
2320 4378 2545 4415 earmen
2583 4378 2731 4415 eom-

1579 4435 1828 4505 positum
1864 4435 1939 4489 311
1963 4451 2063 4489 nos
2088 4433 2245 4488 latet.
2271 4432 2421 4487 Bene
2460 4437 2645 4486 autem
2684 4432 2728 4486 ii

1582 4506 1851 4569 iudicant,
1890 4506 1987 4576 qui
2014 4504 2121 4560 hoe
2142 4504 2579 4588 pulcherrimum
2612 4522 2731 4559 ear-

1584 4596 1731 4648 men,
1762 4578 1811 4633 31
1846 4596 1961 4633 ιιοιι
1984 4577 2439 4646 antiquissimum
2464 4577 2733 4646 omnium,

2266 4677 2332 4727 21
