3092 5059
933 225 1089 291 LIB.
1133 224 1183 289 I.
1230 224 1481 291 GARM.
1528 224 1705 293 XVI.
1751 228 1958 294 XVII.
2564 230 2644 295 73

746 410 1041 489 Stetere
1095 438 1389 509 causae,
1439 440 1578 489 cur
1623 414 1966 511 perirent

546 571 604 611 ω
843 536 1219 614 Funditus
1262 538 1914 639 impremeretque
1959 542 2195 618 muris

638 686 945 763 Hostile
992 702 1335 764 aratrum
1388 690 1766 765 exercitus
1817 689 2180 765 insolens.

645 810 1069 911 Compesce
1120 826 1493 909 mentem3
1540 840 1668 889 me
1721 840 2030 915 quoque
2083 820 2417 915 pectoris

739 937 1095 1013 Tentavit
1144 940 1224 1014 in
1282 939 1488 1014 dulci
1538 940 1850 1015 iuventa

840 1063 1135 1138 Fervor
1186 1076 1263 1139 et
1304 1064 1386 1138 in
1430 1064 1718 1141 celeres
1767 1067 2065 1142 iambos

545 1246 604 1289 ετ,
640 1212 855 1289 Misit
906 1215 1307 1289 furentem.
1411 1216 1481 1291 N
1484 1242 1631 1291 unc
1683 1242 1829 1315 ego
1871 1218 2181 1294 mitibus

636 1338 936 1414 Mutare
987 1364 1275 1439 quaero
1327 1340 1598 1437 tristia,
1647 1341 1830 1417 dum
1879 1342 2070 1417 mihi

735 1462 913 1539 Fias
949 1466 1357 1541 recantatis
1409 1467 1658 1542 amica

840 1588 1299 1689 Opprobriis
1350 1592 1850 1692 animumque
1899 1594 2202 1671 reddas.

1095 1912 1476 2001 GARMEN
1535 1916 1790 2003 XVII.

628 2078 873 2155 Velox
926 2108 1339 2159 amoenum
1390 2110 1620 2183 saepe
1671 2084 2134 2161 Lucretilem

632 2206 877 2283 Mutat
926 2208 1227 2309 Lycaeo
1282 2210 1592 2286 Faunus
1643 2222 1719 2285 et
1770 2211 2077 2308 igneam

741 2334 1109 2411 Defendit
1158 2347 1521 2411 aestatem
1580 2334 1894 2434 capellis

830 2456 1099 2557 Usque
1148 2461 1339 2536 meis
1389 2460 1852 2559 pluviosque
1903 2474 2193 2537 ventos.

580 2644 606 2685 5
642 2609 971 2709 Impune
1022 2622 1269 2685 tutum
1324 2638 1465 2708 per
1502 2638 1788 2721 ‘nemus
1843 2612 2156 2689 arbutos

211 2796 363 2852 niam
378 2799 725 2852 immutatae
742 2804 1081 2853 manserunt.
1100 2826 1170 2839 -
1190 2798 1380 2853 nostae

214 2870 491 2938 aratrum]
542 2868 651 2922 Est
697 2869 1009 2937 symbolum
1056 2870 1378 2939 eversionis,

215 2956 337 2993 cum
378 2942 592 3007 solum,
630 2941 691 2993 in
726 2958 837 3009 quo
874 2942 1008 2995 urbs
1040 2944 1218 3011 stetit,
1256 2958 1376 2996 ara-

214 3016 323 3065 tur.
362 3012 699 3079 Hieronym.
720 3012 779 3065 in
800 3013 1031 3068 Zachar.
1051 3031 1095 3067 c.
1111 3015 1170 3067 8:
1204 3016 1377 3083 „Ara-

214 3086 334 3136 tum
372 3083 660 3151 templum
699 3083 1269 3153 Hierosolymitanum
1317 3086 1376 3139 in

214 3155 1377 3295 ἓῗὲῗὲἰῖἲιῶἰῖῗίᾱῑέξξῗέἓῗθὲαωῖ

214 3314 699 3367 supervacaneum
748 3316 860 3353 non
906 3305 1015 3367 est3
1067 3318 1198 3354 nam
1250 3318 1375 3355 cum

214 3368 424 3425 habeat
462 3371 885 3426 excusationem
922 3373 1091 3439 locus,
1128 3390 1252 3427 eam
1283 3372 1377 3427 hic

216 3440 533 3511 significari
573 3441 919 3497 iuventutem
957 3447 1117 3513 patet
1146 3462 1257 3513 qua
1292 3444 1374 3497 iu-

217 3528 381 3567 venes
420 3512 619 3567 omnia
654 3514 763 3568 sibi
790 3514 957 3569 licere
992 3521 1194 3585 putent
1218 3530 1374 3570 suae·

219 3600 325 3650 que
358 3584 705 3655 indulgeant
740 3586 1064 3641 temeritati.
1102 3586 1376 3641 Similiter

218 3654 398 3709 Carni.
418 3656 467 3724 Ι,
496 3656 584 3715 37,
612 3658 671 3707 11
712 3656 891 3712 dulcis
922 3662 1007 3713 est
1039 3658 1281 3725 for-tima.
1306 3688 1373 3697 —

216 3726 405 3781 celeres
452 3726 686 3797 iambos]
733 3728 1044 3797 Epitheton
1090 3732 1373 3800 vitupera·

217 3798 430 3852 tionem
470 3797 663 3865 addit3
714 3816 845 3853 nam
886 3818 952 3854 ea
990 3818 1211 3871 quoque
1247 3820 1374 3856 cum

218 3868 513 3924 celeritate
573 3870 871 3925 coniuncta
934 3879 1047 3935 est,
1109 3875 1372 3942 quoniam

219 3942 517 3995 consilium
542 3940 908 3997 desideratur.
938 3974 1003 3983 -·
1031 3946 1375 4015 animumque

218 4012 445 4083 reddas]
488 4030 599 4081 quo
638 4014 773 4067 olim
809 4016 867 4068 in
906 4034 993 4071 me
1030 4034 1171 4071 eras.

558 4126 833 4185 Carmen
870 4128 1045 4183 XVII.

288 4222 529 4277 Carmen
569 4242 681 4293 quo
700 4224 1075 4294 Tyndaridem
1112 4232 1177 4280 ut
1216 4227 1287 4281 ad
1314 4244 1371 4281 se

221 4291 279 4345 in
326 4294 524 4349 villam
576 4297 767 4351 veniat
810 4298 1033 4362 invitat,
1082 4302 1276 4368 aperte
1310 4299 1369 4351 in

224 4362 357 4419 duas
414 4370 473 4420 et
528 4369 787 4436 aequales
840 4374 1031 4439 partes
1078 4370 1369 4425 dividitur.

223 4434 364 4491 Nam
410 4444 705 4522 postquam
746 4442 1033 4510 superiore
1078 4446 1241 4511 parte
1286 4447 1371 4496 to·

228 4510 339 4562 tam
373 4509 573 4567 villam
608 4512 905 4580 omniaque
942 4530 1041 4569 sua
1085 4514 1143 4567 in
1191 4514 1370 4567 tutela

231 4594 343 4633 esse
410 4580 641 4637 deorum
704 4583 972 4653 ostendit,
1039 4584 1371 4639 adhortatur

1479 2797 1856 2867 Tyndaridem
1908 2803 1974 2853 ut
2026 2798 2219 2853 eodem
2270 2800 2476 2866 veniat,
2532 2798 2632 2852 ubi

1480 2886 1550 2923 ne
1597 2870 1682 2923 illi
1732 2870 1958 2939 quidem
2001 2870 2255 2939 pericula
2298 2870 2631 2924 immineant

1479 2958 1510 2994 a
1560 2940 1694 2995 feris
1747 2940 2084 3009 hominibus,
2141 2942 2242 2995 ubi
2287 2940 2357 2995 ab
2411 2940 2632 2995 insidiis

1480 3018 1537 3067 et
1572 3012 1720 3066 dolis
1769 3013 1948 3068 libera
1993 3015 2174 3067 amori
2216 3030 2414 3067 vacare
2452 3012 2632 3081 possit

1480 3087 1539 3138 et
1595 3084 1954 3138 carminibus.
2051 3084 2140 3139 Ex
2211 3089 2423 3154 septem
2486 3088 2630 3138 stro-

1477 3154 1606 3225 phis
1657 3155 1842 3209 media
1877 3160 1935 3211 et
1980 3161 2184 3225 quarta
2219 3156 2467 3210 diversas
2501 3172 2632 3224 par-

1478 3234 1564 3281 tes
1611 3227 1902 3297 coniungit
1949 3232 2008 3283 et
2055 3245 2119 3283 re
2162 3232 2220 3282 et
2256 3227 2460 3282 verbis.
2536 3224 2627 3279 Vi-

1479 3298 1576 3352 des
1619 3300 1768 3355 enim
1816 3300 1976 3353 iuxta
2015 3300 2096 3354 ibi
2132 3298 2320 3369 posita
2361 3298 2499 3353 haec
2531 3314 2628 3360 me,

1478 3368 1581 3434 hic,
1617 3370 1746 3436 tibt'3
1795 3369 1905 3425 loci
1955 3372 2002 3424 si
2043 3370 2292 3425 nificatio
2338 3371 2399 3423 in
2444 3368 2629 3423 media

1478 3441 1609 3495 sede
1681 3442 1954 3497 collocata
2069 3443 2316 3496 oratium
2387 3441 2630 3495 conectit

1480 3530 1608 3567 cum
1642 3512 1976 3582 Tyndaride.
2049 3513 2334 3583 Scriptum
2379 3516 2466 3567 est
2511 3528 2628 3566 car·

1478 3602 1624 3653 men,
1643 3589 1942 3654 postquam
1959 3586 2155 3640 villam
2177 3584 2442 3639 Sabinam
2459 3589 2629 3654 poeta

1479 3655 1628 3710 dono
1659 3657 1891 3727 accepit.

1551 3726 1614 3783 V.
1658 3730 1699 3780 1.
1761 3728 1926 3782 Velox
1963 3728 2220 3798 Faunus]
2269 3728 2462 3782 Latini
2497 3744 2627 3797 poe·

1478 3804 1585 3865 tae,
1625 3800 1719 3867 qui
1757 3798 2088 3853 Latinorum
2131 3800 2446 3869 priscorum
2494 3799 2627 3854 deos

1478 3875 1535 3925 et
1571 3888 1731 3925 sacra
1767 3888 1894 3926 cum
1933 3871 2155 3925 Graecis
2191 3872 2448 3927 solebant
2479 3888 2628 3926 com-

1477 3942 2450 4097 ffinffi'ffissssssssssfftfffffflmqffi
2459 3942 2626 4067 ‘³332

1475 4084 1569 4140 hic
1619 4082 1902 4153 ὀρειβατης
1957 4086 2045 4151 sit,
2103 4085 2200 4140 ille
2251 4084 2402 4154 apud
2449 4084 2624 4138 Hora·

1474 4157 1620 4210 tium
1655 4158 1812 4212 velox
1848 4162 1932 4211 est
1971 4162 2028 4211 et
2065 4158 2124 4211 in
2144 4155 2388 4211 Arcadia
2419 4154 2626 4223 Lycae-

1474 4246 1589 4295 um,
1627 4228 1762 4281 Pani
1817 4245 2036 4283 saomm
2079 4232 2344 4296 montem,
2393 4242 2625 4295 occupa·

1474 4300 1575 4354 vit.
1602 4328 1674 4339 —-·
1709 4300 2062 4371 Lucretilem]
2099 4299 2432 4354 Sabinorum
2467 4314 2622 4353 mon·

1472 4375 1615 4438 tem3
1647 4371 1814 4425 hodie
1834 4372 2030 4426 Monte
2045 4370 2384 4441 Corynalew.
2413 4398 2480 4410 -·
2506 4386 2622 4424 mu-

1472 4441 1580 4511 tat]
1617 4441 1687 4497 de
1723 4444 1878 4497 cuius
1919 4443 2080 4497 verbi
2116 4443 2336 4497 diversa
2375 4446 2623 4497 constru-

1473 4513 1660 4568 ctione
1705 4514 1773 4567 cf.
1820 4513 1999 4569 Canu.
2042 4514 2112 4579 11,
2157 4515 2238 4581 16,
2277 4516 2358 4568 19.
2411 4542 2480 4553 -
2524 4514 2624 4567 im·

1463 4589 1816 4655 punctatum
1827 4602 1930 4654 per
1959 4588 2168 4652 mus]
2193 4585 2477 4641 Bentleius
2497 4602 2622 4641 cum
