3092 5059
418 227 542 293 100

1384 228 1846 298 CARMINUM

720 415 819 491 Et
868 416 1163 515 Lycum
1216 417 1458 515 nigris
1512 416 1753 495 oculis
1807 417 2187 517 nigroque

920 543 1153 622 Crine
1201 544 1589 619 decorum.

719 692 788 770 Ο
844 693 1077 771 decus
1130 693 1429 769 Phoebi
1476 706 1551 771 et
1601 692 1929 792 dapibus
1975 694 2316 791 supremi

720 822 961 898 Grata
1010 820 1311 897 testudo
1361 820 1594 916 Iovis,
1651 846 1694 894 o
1749 818 2106 895 laborum

636 977 685 1017 ιε
720 943 961 1021 Dulce
1012 945 1371 1041 lenimen,
1426 944 1621 1020 mihi
1673 970 2004 1043 cumque
2054 944 2267 1020 salve

914 1070 1084 1145 Rite
1136 1069 1465 1145 vocanti.

1519 1220 1718 1228 .--

1198 1342 1580 1431 CARMEN
1645 1343 2032 1429 XXXIII.

821 1510 1031 1607 Albi,
1087 1536 1185 1586 ne
1239 1509 1503 1585 doleas
1556 1508 1731 1609 plus
1783 1508 2020 1583 nimio
2075 1533 2370 1583 memor

423 1722 740 1792 Horatium,
767 1725 859 1780 vel
885 1742 1013 1779 cum
1042 1725 1253 1795 dativo,
1282 1725 1395 1781 Sat.
1415 1726 1459 1787 Ι,
1486 1727 1570 1791 10,

422 1798 511 1863 49,
531 1796 622 1849 vel
650 1812 777 1849 cum
805 1795 1054 1851 ablativo
1076 1802 1133 1853 et
1155 1798 1570 1867 praepositione

421 1866 502 1935 in,
532 1866 645 1921 Sat.
676 1866 720 1935 1,
754 1870 803 1933 3,
820 1870 889 1921 32
910 1869 998 1923 vel
1019 1886 1143 1923 cum
1164 1871 1280 1924 solo
1301 1870 1570 1928 ablativo.

426 1938 604 1994 Carm.
628 1938 673 2007 Ι,
706 1940 757 2003 2,
792 1941 841 1994 9.
874 1940 988 1994 Sat.
1020 1940 1091 2007 11,
1120 1944 1172 2009 3,
1202 1944 1325 1995 205.
1360 1972 1422 1981 -
1459 1940 1572 2010 Ly-

424 2009 567 2080 cum]
606 2010 768 2079 pueri
807 2013 978 2066 amati
1018 2030 1248 2081 nomen;
1296 2014 1365 2067 de
1400 2030 1463 2066 re
1498 2012 1570 2065 cf.

424 2081 536 2138 Cic.
556 2080 717 2135 Tusc.
743 2081 835 2145 lv,
857 2084 943 2137 33.
978 2114 1043 2123 -
1071 2085 1251 2153 niyris
1278 2084 1451 2139 oculis
1484 2085 1571 2137 m*-

422 2169 625 2223 9roque
660 2153 829 2223 crine]
869 2155 1135 2224 Antiquis
1175 2156 1337 2225 niger
1382 2156 1568 2210 oculo-

422 2242 549 2279 rum
584 2230 642 2279 et
682 2225 1015 2294 capillorum
1062 2228 1217 2281 color
1259 2225 1571 2296 pulchritu-

424 2296 613 2352 dinem
651 2295 865 2351 formae
915 2314 1121 2369 augere
1157 2299 1306 2352 visus
1346 2304 1460 2367 est3
1498 2298 1570 2352 cf.

424 2366 605 2436 Epist.
638 2366 683 2435 1,
712 2371 763 2436 7,
800 2370 883 2425 26.
916 2370 981 2423 A.
1006 2370 1064 2423 P.
1088 2372 1170 2423 37.
1205 2398 1273 2409 —-
1310 2370 1570 2439 dapibus]

422 2454 575 2507 supr.
616 2438 783 2510 Iovis]
820 2440 950 2495 vide
979 2441 1140 2495 Hom.
1168 2441 1231 2494 11.
1266 2441 1309 2504 1,
1345 2442 1466 2495 603.
1503 2470 1570 2481 -—

422 2509 662 2580 cumque]
694 2512 749 2565 h.
772 2512 809 2565 l.
842 2528 969 2566 cum
998 2530 1112 2567 non
1144 2512 1352 2567 habeat
1380 2513 1571 2567 relati-

424 2600 558 2636 vum
604 2582 679 2637 ad
722 2584 873 2652 quod
925 2584 1204 2639 referatur
1260 2586 1570 2639 sententiae

424 2654 753 2709 necessitate
807 2670 934 2709 cum
994 2656 1295 2725 participio
1355 2657 1573 2709 vocanti

424 2726 805 2797 coniungitur.
828 2725 1121 2797 Significat
1137 2733 1325 2782 autem
1334 2732 1433 2781 aut
1444 2742 1571 2797 quo-

424 2814 530 2867 quo
558 2802 789 2866 tempore
816 2804 913 2853 aut
934 2800 1169 2854 omnino.
1203 2799 1569 2853 Scholiastae:

424 2868 892 2939 quotienscumque
932 2876 981 2925 te
1014 2886 1282 2926 vocavero.
1365 2871 1573 2925 Contra

424 2937 767 2994 Lachmann.
788 2940 857 2996 ad
884 2942 1103 2996 Lucret.
1129 2959 1181 3011 p.
1206 2944 1339 2995 288:
1383 2942 1572 3011 „Gum—

426 3028 527 3081 que
580 3012 689 3065 nisi
738 3028 865 3066 cum
916 3013 1167 3069 relativis
1212 3015 1573 3068 coniunctum

424 3083 619 3153 lingua
654 3082 855 3137 Latina
903 3102 1016 3138 non
1063 3086 1345 3155 agnoscit:
1391 3102 1572 3155 neque

424 3153 693 3209 Horatius
730 3155 919 3224 potuit
952 3156 1137 3211 dicere
1176 3158 1310 3211 mihi
1349 3173 1574 3227 cumque

424 3228 572 3281 salve
608 3225 827 3294 (volunt
876 3228 1025 3282 enim
1074 3228 1181 3284 hoc
1230 3244 1348 3283 esse
1388 3230 1573 3299 „salve

426 3298 685 3367 quotiens
739 3304 797 3353 te
854 3300 1124 3355 advoco“:
1182 3305 1241 3355 at
1298 3318 1397 3355 cur
1449 3301 1575 3369 lyra

429 3368 565 3423 alias
610 3370 661 3423 ei
706 3386 818 3423 non
864 3371 1154 3440 salveat?),
1202 3372 1298 3426 sed
1346 3373 1574 3441 scripsit

426 3455 459 3494 ο
494 3440 737 3495 laborum
773 3441 927 3497 dulce
953 3444 1183 3498 lenimen
1206 3443 1576 3513 medicumque

424 3512 619 3567 salve!
698 3510 871 3578 Quem
908 3516 1086 3569 secuti
1112 3520 1243 3570 sunt
1279 3514 1487 3585 Haupt.
1515 3520 1575 3570 et

426 3582 648 3637 Miiller.
689 3583 1034 3655 Madvigius:
1072 3587 1247 3654 „mihi
1273 3587 1434 3657 iunyc
1467 3588 1572 3641 sal-

428 3654 547 3721 ve‚“
587 3655 667 3709 ita
702 3661 783 3709 ut.
806 3662 975 3725 poeta
1020 3666 1216 3712 mutuo
1267 3658 1375 3713 sibi
1420 3658 1574 3713 salve

426 3724 587 3779 reddi
622 3744 657 3781 a
701 3728 981 3784 testudine
1024 3731 1180 3799 velit,
1224 3734 1289 3783 ut
1336 3729 1574 3784 canendi

428 3798 607 3851 socias
618 3802 766 3852 artes
778 3803 1058 3855 tueantur.
1068 3802 1353 3857 Bentleius
1366 3802 1576 3870 cuiq-ue,

429 3868 780 3939 Peerlkamp.
803 3875 981 3940 tuque.
995 3872 1103 3927 Sed
1122 3875 1181 3927 in
1197 3874 1283 3927 his
1292 3874 1573 3927 coniectu-

428 3940 509 3994 ris
542 3958 655 3995 non
692 3944 901 3997 certior
936 3946 1085 3999 salus
1126 3947 1286 4013 inest,
1308 3962 1475 4013 quam
1514 3946 1576 3998 in

426 4012 637 4067 Rectam·
698 4018 755 4069 et
808 4014 1117 4071 Ecksteinii
1179 4022 1383 4072 conatu
1397 4056 1411 4084 ,
1478 4017 1575 4085 qui

426 4082 787 4154 mihicumque
821 4088 941 4141 ausi
968 4092 1099 4143 sunt
1129 4089 1485 4159 coniungere,
1510 4092 1575 4141 ut

429 4155 527 4210 sit:
556 4155 713 4226 mihi,
736 4158 1071 4229 quicumque
1102 4178 1224 4215 sum
1244 4160 1299 4213 h.
1324 4176 1371 4213 e.
1394 4160 1574 4213 cuius·

428 4231 1576 4373 sufflasset-‘3{agustat-22·

716 4414 999 4471 Carmen
1036 4414 1292 4471 XXXIII.

504 4508 685 4579 Caput
728 4512 1009 4580 caminis,
1055 4529 1165 4581 quo
1215 4514 1447 4568 Albium
1484 4512 1576 4567 Ti-

426 4580 664 4653 bullum,
699 4582 1083 4637 dulcissimum
1112 4585 1417 4655 elegiarum
1444 4602 1575 4656 poe-

1672 1728 1810 1793 tam,
1856 1724 1926 1779 de
1959 1723 2196 1795 perfidia
2243 1723 2508 1792 Glycerae
2553 1722 2830 1779 Horatius

1674 1796 2011 1863 consolatur,
2049 1796 2394 1865 conspicitur
2439 1814 2531 1851 vv.
2572 1798 2828 1861 10—12,

1673 1869 1880 1936 quibus
1927 1868 2159 1923 Veneris
2216 1867 2427 1922 crudeli
2487 1884 2653 1937 saepe
2699 1868 2826 1922 ioco

1671 1940 1922 1994 homines
1983 1939 2166 1994 forma
2219 1944 2277 1993 et
2327 1939 2512 1993 animo
2571 1938 2828 1994 diversos

1673 2012 1882 2066 amoris
1923 2010 2148 2066 vinculo
2185 2011 2451 2081 coniungi
2487 2010 2828 2066 ostenditur.

1674 2082 2020 2152 Compositio
2083 2083 2347 2137 carminis
2407 2081 2830 2152 elegantissima

1671 2160 1772 2208 est.
1857 2154 1946 2208 Ex
2007 2158 2274 2223 quattuor
2327 2154 2577 2224 strophis
2638 2155 2830 2223 prima

1672 2225 1961 2280 Tibullum
1997 2231 2229 2281 revocat
2271 2242 2306 2279 a
2347 2226 2524 2280 nimio
2568 2225 2732 2281 luctu
2767 2230 2830 2280 et

1674 2298 2025 2365 querimonia
2091 2296 2161 2350 de
2225 2295 2464 2367 perfidia
2525 2296 2828 2366 Glyceram

1673 2368 1890 2423 mediae
1927 2374 1986 2423 et
2029 2367 2210 2422 tribus
2257 2368 2408 2422 inter
2450 2386 2510 2423 se
2545 2369 2826 2439 copulatis

1674 2440 1942 2510 exemplis
1993 2456 2182 2494 amore
2228 2457 2343 2494 non
2395 2456 2613 2510 semper
2664 2440 2825 2511 gigni

1673 2528 1920 2566 amorem
1977 2510 2363 2566 demonstrant
2413 2516 2472 2566 et
2530 2514 2830 2567 continent

1671 2583 1989 2637 universam
2036 2583 2194 2637 illam
2239 2584 2309 2637 de
2355 2583 2542 2638 iocosa
2585 2584 2828 2639 saevitia

1672 2654 1905 2709 Veneris
1939 2655 2292 2709 sententiam.
2337 2654 2410 2709 cf.
2451 2654 2522 2709 ad
2558 2654 2740 2709 Carm.
2779 2655 2831 2725 Ι,

1673 2728 1760 2793 28,
1787 2728 1870 2779 16.
1905 2725 2121 2793 Quarta
2141 2726 2381 2795 denique
2408 2727 2642 2796 stropha
2665 2744 2828 2781 suam

1671 2814 1790 2851 rem
1827 2803 1886 2852 et
1913 2798 2296 2852 condicionem
2337 2798 2638 2853 admodum
2673 2798 2832 2853 simi·

1671 2870 1786 2923 lem
1823 2869 2090 2923 Horatius
2126 2870 2333 2923 blande
2372 2870 2662 2939 componit
2697 2886 2832 2923 con·

1673 2940 2074 3009 solationisque
2109 2957 2277 2995 causa
2293 2942 2466 2995 tacite
2489 2941 2683 2997 oblata
2719 2942 2828 2996 ini-

1673 3012 1818 3066 tium
1843 3028 1971 3065 cum
1997 3012 2108 3067 fine
2133 3013 2360 3083 egregie
2398 3013 2710 3083 coniungit.
2753 3042 2830 3053 -

1672 3083 1874 3137 Albius
1908 3082 2183 3167 Tibullus·
2201 3112 2270 3167 “.'
2307 3102 2438 3139 nam
2483 3100 2830 3154 praenomen

1673 3160 2004 3295 lffiorddqlde
2012 3184 2119 3281 ..ad
2127 3159 2280 3281 23ss
2319 3155 2830 3295 fgfycssaaadlteg

1673 3315 1818 3367 quae
1834 3297 2008 3353 fuerit
2019 3299 2310 3366 nescimus,
2321 3315 2641 3368 quanquam
2655 3300 2830 3354 multi

1677 3369 1908 3424 fuerunt
1934 3371 2030 3438 qui
2059 3376 2296 3441 propter
2323 3371 2556 3425 eandem
2587 3370 2830 3439 syllaba-

1673 3458 1800 3495 rum
1838 3443 2214 3511 quantitatem
2239 3442 2522 3497 Nemesim
2551 3460 2668 3497 esse
2701 3459 2830 3497 eam

1673 3516 1960 3581 putarent,
1997 3513 2066 3567 de
2103 3532 2215 3582 qua
2261 3530 2331 3567 ex
2363 3513 2576 3567 Tibulli
2623 3514 2828 3568 carmi-

1677 3584 1842 3637 nibus
1861 3586 1976 3640 tria
1999 3591 2130 3639 sunt
2149 3586 2208 3639 in
2227 3585 2374 3639 libro
2395 3585 2654 3649 secundo,
2679 3584 2826 3657 eleg.

1677 3657 1727 3708 3.
1745 3657 1796 3709 4.
1822 3657 1880 3725 63
1912 3657 2008 3710 alii
2030 3657 2090 3710 in
2112 3656 2292 3727 iisque
2311 3658 2634 3725 nuperrime
2665 3656 2830 3723 Teuf-

1672 3726 1840 3793 fclius
1855 3734 2149 3797 negarunt,
2169 3729 2266 3798 qui
2290 3734 2516 3797 praeter
2541 3728 2828 3783 Nemesim

1677 3804 1735 3852 et
1781 3797 2002 3853 Deliam
2039 3800 2208 3854 etiam
2245 3800 2538 3868 Glyceram
2577 3800 2828 3869 aliquam

1677 3888 1711 3923 a
1725 3869 1954 3924 Tibullo
1984 3876 2226 3925 amatam
2249 3870 2420 3926 fuisse
2443 3870 2830 3926 adfirmarent.

1675 3940 1978 3995 Teuffelius
2011 3943 2406 3998 miserabilium
2439 3944 2709 4015 eleqomm
2739 3960 2827 3997 re-

1675 4013 1880 4083 liquias
1928 4015 2184 4083 repperit
2228 4014 2376 4084 apud
2405 4014 2610 4069 Tibull.
2641 4014 2738 4082 IV,
2761 4014 2829 4069 13

1677 4102 1756 4153 sq.
1784 4085 2155 4139 Baehrensius
2177 4084 2830 4155 (Tibu11.Bliitte1-1878)

1675 4158 1908 4227 negavit
1944 4157 2004 4210 in
2044 4157 2152 4213 hoc
2184 4157 2434 4212 carmine
2467 4162 2567 4211 aut
2595 4157 2658 4211 in
2691 4155 2830 4228 Epi-

1677 4229 1806 4282 stul.
1828 4227 1870 4285 Ι.
1895 4231 1932 4282 4
1953 4228 2241 4283 Tibullum
2266 4231 2492 4299 poetam
2517 4227 2828 4284 videndum

1677 4316 1809 4354 esse.
1849 4298 1934 4354 De
1969 4316 2116 4355 anno
2153 4300 2318 4355 huius
2349 4300 2615 4355 carminis
2647 4300 2830 4356 natali

1675 4371 1818 4425 nihil
1837 4376 2026 4439 potest
2043 4372 2184 4427 certi
2203 4370 2511 4435 adfirmari,
2541 4372 2827 4442 suspican-

1677 4448 1772 4497 tur
1807 4447 1998 4497 tamen
2043 4444 2317 4514 scriptum
2366 4460 2484 4499 esse
2527 4444 2685 4498 intra
2725 4462 2826 4499 an-

1677 4530 1777 4568 nos
1815 4516 2115 4569 728-730.

1751 4582 1814 4640 V.
1855 4589 1904 4639 1.
1933 4586 2066 4657 plus
2107 4586 2300 4657 nimio]
2347 4587 2591 4658 Propter
2639 4604 2827 4643 caesu-
