3092 5059
1121 242 1285 309 LIB.
1330 241 1416 309 11.
1461 240 1647 309 SAT.
1692 240 1777 307 H.

2536 240 2659 305 429

359 427 506 507 Oui
550 430 780 507 Canis
835 455 930 505 ex
980 456 1164 507 vero
1221 429 1530 506 ductum
1590 450 2013 525 cognomen
2066 426 2459 517 adhaeret,

361 554 914 654 Quinquennes
971 555 1178 631 oleas
1233 570 1348 631 est
1393 570 1470 631 et
1519 554 1903 630 silvestria
1952 578 2207 649 corna,

359 677 481 753 Ac
531 680 676 755 nisi
729 691 1099 757 mutatum
1159 680 1405 781 parcit
1457 677 1888 755 defundere
1942 678 2207 753 vinum
2262 689 2357 773 et,

365 805 598 883 Cuius
653 804 974 881 odorem
1027 805 1182 881 olei
1235 830 1571 904 nequeas
1618 802 1985 903 perferre,
2034 801 2300 877 licebit

273 960 328 999 eo
363 928 507 1005 Ille
552 931 872 1027 repotia,
924 930 1220 1006 natales
1268 928 1559 1005 aliosve
1612 928 1910 1003 dierum

360 1052 630 1128 Festos
674 1053 976 1129 albatus
1026 1053 1381 1149 celebret,
1431 1079 1673 1130 cornu
1722 1053 1890 1150 ipse
1944 1051 2211 1127 bilibri

363 1178 730 1257 Caulibus
789 1178 1129 1273 instillat,
1187 1179 1462 1255 veteris
1515 1203 1672 1253 non
1726 1203 2003 1277 parcus
2054 1176 2275 1253 aceti.

366 1302 594 1396 Quali
647 1303 883 1399 igitur
931 1304 1134 1379 victu
1187 1304 1490 1403 sapiens
1535 1304 1843 1377 utetur?
1898 1313 1973 1379 et
2022 1301 2301 1376 horum

360 1428 642 1505 Utrum
683 1428 1151 1504 imitabitur?
1205 1427 1376 1503 Hac
1415 1440 1641 1527 urget
1676 1427 1928 1527 lupus,
1967 1427 2113 1502 hac
2158 1427 2386 1522 canis,
2425 1427 2661 1503 aiunt.

276 1583 330 1624 ω
363 1553 701 1629 Mundus
754 1553 896 1631 erit
951 1579 1102 1652 qua
1147 1578 1304 1628 non
1358 1552 1703 1629 offendat
1748 1551 2105 1629 sordibus
2150 1564 2381 1651 atque

361 1678 452 1753 In
498 1692 848 1754 neutram
901 1690 1192 1776 partem
1253 1678 1498 1755 cultus
1553 1679 1807 1753 miser.

1908 1676 2059 1752 Hie.
2114 1702 2367 1777 neque
2424 1677 2663 1752 servis

365 1801 653 1877 Albuci
706 1803 904 1879 senis
959 1801 1335 1901 exemplo,
1394 1802 1576 1877 dum
1627 1801 1889 1877 munia
1942 1800 2159 1897 didit,

364 1926 652 2003 Saevus
703 1928 870 2021 erit,
919 1952 1063 2003 nec
1114 1927 1224 2004 sic
1275 1941 1360 2001 ut
1411 1927 1741 2027 simplex
1794 1926 2127 2003 Naevius
2178 1938 2489 2001 unctam

363 2049 726 2129 Convivis
746 2054 1151 2151 praebebit
1163 2078 1467 2152 aquamz
1490 2053 1757 2127 vitium
1776 2053 1921 2127 hoc
1943 2078 2253 2153 quoque
2271 2076 2662 2149 magnum.

283 2208 336 2246 το
371 2178 662 2278 Accipe
714 2204 936 2275 nunc,
991 2178 1236 2255 victus
1282 2178 1527 2255 tenuis
1578 2203 1777 2276 quae
1830 2191 2271 2277 quantaque
2322 2202 2581 2253 secum

366 2303 718 2380 Adferat.

822 2304 919 2380 In
960 2305 1231 2402 primis
1284 2304 1540 2380 valeas
1594 2304 1829 2380 bene:
1868 2329 2047 2379 nam
2099 2303 2359 2379 variae
2402 2328 2526 2379 res

365 2426 466 2503 Ut
515 2442 848 2505 noceant
894 2428 1210 2525 homini,
1267 2427 1536 2504 credas
1590 2452 1887 2505 memor
1937 2428 2147 2503 illius
2199 2452 2439 2525 escae,

365 2548 586 2642 Quae
640 2553 973 2653 simplex
1028 2552 1213 2629 olim
1265 2551 1411 2627 tibi
1461 2551 1789 2649 sederit3
1842 2566 1924 2629 at
1972 2551 2197 2627 simul
2248 2552 2437 2681 assis

359 2676 766 2753 Miscueris
821 2677 1040 2772 elixa,
1095 2676 1320 2755 simul
1375 2678 1783 2778 conchylia
1836 2675 2100 2775 turdis,

255 2873 554 2941 Ι,19,10.
627 2876 766 2931 Inde
821 2892 949 2930 cum
1006 2876 1171 2947 gravi
1236 2875 1420 2931 ironia

259 2944 522 3001 Romana
553 2946 832 3015 iuventus3
871 2948 941 3003 cf.
975 2948 1064 3018 Ep
1065 2949 1156 3003 ist.
1183 2947 1229 3016 Ι,
1261 2952 1307 3015 1,
1331 2951 1422 3002 70.

257 3044 331 3057 -
348 3018 716 3099 sordidus],
721 3018 1006 3087 ‚Sordidus
1026 2966 1231 3077 Pvictus
1269 3037 1302 3074 a
1336 3025 1420 3074 te-

259 3088 362 3141 nui
412 3090 568 3143 victu
617 3090 870 3145 diversus
919 3096 1031 3160 est;
1092 3092 1252 3145 illum
1305 3108 1420 3145 non

257 3161 613 3216 commendo.
617 3162 650 3191 ‘⁸
725 3162 982 3217 Ceterum
1019 3179 1209 3218 omnes
1241 3179 1420 3233 prope

254 3232 396 3286 boni
441 3232 598 3287 codd.
647 3234 894 3289 distabat
911 3274 926 3303 ,
980 3234 1130 3303 quod
1183 3233 1420 3289 fortasse

254 3302 470 3359 rectius
507 3303 577 3359 de
623 3322 704 3371 re,
748 3322 894 3375 quae
939 3322 1158 3375 semper
1203 3311 1262 3360 et
1298 3309 1421 3361 erat

258 3380 324 3429 et
358 3376 481 3431 erit.
523 3404 586 3417 —·-
641 3375 810 3444 Ofello
844 3376 1043 3447 iudice]
1079 3394 1169 3433 me
1208 3377 1418 3446 iudice3

259 3446 446 3501 iudice
491 3448 731 3517 homine,
781 3448 961 3520 qualis
1009 3466 1134 3519 ego,
1184 3448 1418 3518 Ofellus,

255 3534 403 3572 snm.
457 3518 527 3574 cf.
569 3520 832 3586 Garm.1‚
875 3521 925 3587 7,
963 3523 1052 3574 27.
1090 3552 1157 3561 -
1195 3521 1418 3577 Avidie·

255 3590 393 3657 nus]
446 3590 702 3661 ignotum
752 3608 954 3646 nomen
993 3592 1206 3647 sordidi
1241 3594 1418 3647 homi-

255 3661 364 3715 nis.
427 3690 494 3701 —
558 3663 806 3734 ductum]
857 3663 948 3719 Sic
997 3665 1418 3735 antiquissimus

261 3733 514 3787 omnium
555 3734 774 3803 Bland.,
813 3735 910 3789 alii
945 3736 1168 3792 dietum.
1206 3736 1280 3792 cf.
1303 3736 1416 3790 Sat.

255 3804 333 3871 11,
377 3808 426 3868 1,
464 3807 550 3861 65.
610 3837 673 3847 -
721 3812 994 3861 mutatum
1025 3809 1234 3876 vinum]
1282 3824 1418 3877 vap·

255 3893 412 3946 pam.
453 3906 520 3917 —-·
559 3878 1159 3949 repotia]„Post1-idie
1194 3879 1418 3950 nuptias

261 3948 421 4018 apud
457 3966 664 4003 novum
691 3951 958 4005 maritum
990 3956 1246 4017 cenatum
1287 3951 1420 4019 quia

262 4020 426 4088 quasi
462 4020 714 4077 reficitur
749 4023 984 4092 potatio.
989 4024 1022 4053 “
1095 4022 1410 4077 Festus.—

260 4091 504 4232 albata}
541 4098 679 4165 toga
713 4110 904 4149 recens
931 4099 1148 4149 cretata
1172 4094 1418 4148 indutus.

259 4190 330 4203 -
367 4178 484 4231 epse
531 4182 604 4219 sc.
629 4182 702 4219 ne
729 4181 870 4234 puer
895 4167 1130 4221 nimium
1155 4166 1268 4220 olei
1291 4183 1418 4235 pro-

259 4233 482 4289 fundat.
509 4264 576 4277 —-
603 4236 813 4306 bilibn]
843 4237 1010 4291 nimis
1045 4254 1268 4309 magun,
1303 4254 1419 4291 non

261 4306 624 4375 elegantioris
651 4306 882 4363 formae.
915 4336 984 4349 -—
1153 4310 1187 4378 ”]
1212 4309 1281 4364 de
1321 4309 1420 4363 eli·

260 4376 418 4432 sione
453 4376 583 4434 vide
619 4378 692 4433 ad
725 4379 840 4434 Sat.
857 4380 902 4441 1.
923 4382 978 4450 9,
999 4382 1087 4435 80.
1127 4410 1194 4420 -
1233 4380 1419 4449 aiunt]

261 4448 322 4503 in
352 4449 684 4519 proverbiis,
735 4452 905 4506 etiam
939 4456 1007 4507 ut
1043 4452 1220 4516 aiunt,

262 4521 446 4586 aiunt,
499 4522 756 4591 quomodo
805 4522 980 4578 aiunt.
1053 4492 1248 4577 Simile
1284 4522 1420 4577 Ger·

262 4610 556 4649 manorum
581 4595 964 4665 proverbium:
1003 4595 1269 4651 moisem
1291 4594 1422 4650 nwes'

1515 2875 1731 2931 Facem
1768 2876 1964 2933 stenen
2002 2874 2289 2947 (Fritsch.)
2315 2904 2382 2915 -—-
2422 2890 2534 2945 qua
2556 2890 2668 2929 mm

1512 2946 1777 3017 offendat]
1819 2948 1913 3003 Sic
1944 2948 2081 3002 boni
2106 2945 2285 3011 codd„
2322 2947 2383 3001 in
2420 2947 2545 3001 aliis
2582 2951 2667 3000 est

1513 3020 1627 3087 qui.
1664 3020 1959 3091 Intellege:
1996 3022 2241 3086 eatenus,
2263 3022 2345 3073 ut.
2372 3048 2439 3057 —-
2464 3018 2663 3086 enatus]

1512 3092 1805 3173 genetivus
1865 3096 1951 3146 est
2000 3091 2290 3159 utrimque
2346 3107 2664 3160 suspensus:

1512 3162 1576 3217 in
1619 3168 1865 3217 neutram
1910 3168 2123 3232 partem
2168 3162 2350 3216 cultus
2406 3166 2463 3216 et
2506 3162 2670 3217 miser

1510 3234 1705 3301 culm,
1754 3239 1819 3289 ut
1866 3234 2007 3289 Stat.
2043 3233 2217 3288 Theb.
2255 3232 2351 3301 IV,
2389 3236 2520 3287 403:
2579 3235 2666 3303 „A

1511 3306 1703 3359 miseri
1758 3306 2031 3361 morum-‘⁸
2104 3305 2249 3359 Plin.
2307 3303 2517 3375 Paneg.
2578 3306 2666 3360 58.

1511 3376 1683 3431 med.:
1721 3378 1988 3444 „miseros
2024 3376 2402 3433 ambitionis.“

1583 3449 1650 3502 V.
1686 3449 1771 3503 67.
1810 3448 2031 3519 Albuci]
2082 3448 2213 3504 vide
2249 3448 2324 3503 ad
2360 3448 2473 3503 Set.
2510 3448 2583 3510 11,
2616 3450 2667 3516 1,

1513 3522 1599 3574 48.
1638 3520 1910 3575 Albucius
1934 3520 2264 3576 durissimus
2298 3524 2422 3576 erat
2454 3520 2518 3573 in
2555 3536 2666 3573 ser-

1511 3608 1611 3645 vos
1648 3592 2033 3661 maximosque
2068 3591 2349 3647 cruciatus
2385 3593 2453 3646 iis
2492 3591 2666 3645 mina·

1511 3663 1701 3728 batur,
1762 3664 1811 3719 si
1868 3665 2006 3733 quid
2056 3664 2117 3719 in
2174 3680 2311 3719 cena
2359 3681 2470 3718 non
2523 3663 2667 3717 bene

1513 3740 1659 3791 esset
1701 3739 1979 3806 paratum.
2050 3735 2294 3790 Naevius
2329 3740 2525 3790 contra
2572 3752 2665 3789 ne·

1552 3806 1964 3877 legentissimus
2000 3807 2113 3862 fuit
2149 3810 2209 3862 et
2251 3806 2457 3861 nimiae
2494 3806 2669 3860 animi

1552 3879 1787 3934 onitatis
1826 3879 1885 3934 in
1920 3896 2128 3935 servos.
2170 3908 2233 3919 —
2282 3877 2453 3948 didit]
2489 3876 2665 3947 poeti·

1513 3967 1641 4005 cum
1702 3952 2065 4020 vocabulum3
2132 3950 2453 4020 saepissime
2516 3948 2667 4018 apud

1513 4021 1857 4079 Lucretium.
1931 4024 2048 4078 Iam
2095 4027 2239 4090 tum,
2275 4039 2401 4077 cum
2436 4021 2669 4075 mandat

1511 4095 1757 4165 negotia,
1814 4111 2003 4150 severe
2046 4094 2263 4149 mulcat
2308 4110 2513 4159 servos,
2565 4108 2669 4146 nec

1513 4171 1817 4251 exspectat,
1865 4166 2131 4221 sedulone
2179 4182 2251 4220 an
2298 4165 2444 4219 male
2494 4180 2667 4235 nego·

1513 4237 1597 4292 tia
1633 4238 2066 4293 curaverintn-
2102 4236 2326 4307 aquam]
2363 4236 2436 4291 ad
2471 4236 2665 4290 vinum

1513 4309 1875 4365 miscendum.
1947 4309 2039 4363 Ad
2084 4327 2137 4363 v.
2176 4313 2399 4362 unctam
2440 4308 2510 4363 cf.
2550 4308 2666 4362 Sat.

1513 4380 1585 4447 11,
1622 4385 1675 4450 4,
1714 4384 1801 4437 78.
1830 4410 1895 4421 -
1934 4386 1998 4435 ut
2032 4378 2284 4449 noceant]
2322 4384 2668 4449 quantopere

1514 4458 1767 4508 noceant.
1815 4452 1889 4507 cf.
1930 4453 2041 4507 Cic.
2078 4450 2197 4505 Mil.
2234 4451 2323 4521 24,
2360 4452 2447 4506 64.
2485 4480 2553 4491 --
2588 4465 2668 4505 ss·

1515 4523 1683 4593 derit]
1722 4524 2003 4593 quieverit
2036 4540 2141 4579 nec
2174 4522 2319 4577 ullos
2366 4524 2425 4577 in
2461 4522 2669 4579 ventri·

1515 4595 1641 4649 culo
1694 4596 1971 4651 tumultus
2029 4594 2377 4652 excitaverit.
2441 4625 2505 4636 —
2565 4594 2665 4651 mi·
