3092 5059
992 252 1156 319 LIB.
1201 250 1318 319 ΠΙ.
1365 250 1615 319 ΟΑΒΜ.
1660 250 1835 319 VIII.

2500 248 2619 315 191

634 439 896 536 Plena,
951 439 1278 534 miraris,
1331 440 1781 539 positusque
1832 438 2064 515 carbo
2116 436 2197 512 in

835 564 1193 662 Caespite
1237 566 1437 661 vive,

575 749 602 791 s
635 717 878 795 Docte
931 740 1323 793 sermones
1375 716 1775 815 utriusque
1824 716 2173 814 linguae:

633 843 1018 919 Voveram
1075 840 1338 916 dulces
1390 839 1655 939 epulas
1710 854 1787 916 et
1838 839 2099 917 album

631 968 914 1044 Libero
975 992 1291 1066 caprum
1343 991 1588 1067 prope
1640 966 2032 1043 funeratus

845 1090 1174 1169 Arboris
1228 1093 1408 1167 ictu.

635 1244 790 1323 Hic
837 1244 1001 1320 dies
1053 1269 1254 1320 anno
1307 1240 1680 1319 redeunte
1729 1241 1969 1316 festus

547 1400 601 1439 ιο
638 1367 1028 1444 Corticem
1071 1365 1465 1442 astrictum
1515 1364 1694 1465 pice
1748 1361 2196 1439 demovebit

632 1490 1076 1591 Amphorae
1127 1491 1426 1567 fumum
1477 1489 1746 1565 bibere
1794 1488 2181 1564 institutae

831 1615 1168 1694 Consule
1219 1614 1470 1691 Tullo·

640 1768 894 1865 Sume,
945 1767 1375 1861 Maecenas,
1422 1764 1737 1865 cyathos
1788 1765 2019 1841 amici

641 1893 961 1993 Sospitis
1017 1906 1322 1969 centum
1376 1903 1452 1965 et
1502 1890 1776 1989 vigiles
1827 1891 2180 1967 lucernas

555 2054 608 2095 ιε
642 2018 917 2094 Perfer
964 2018 1046 2093 in
1094 2017 1384 2093 lucem:
1438 2015 1712 2115 procul
1765 2016 2011 2091 omnis
2063 2027 2223 2091 esto

837 2144 1150 2223 Clamor
1201 2154 1277 2221 et
1325 2142 1462 2218 ira.

639 2295 864 2369 Mitte
917 2293 1180 2368 civiles
1226 2316 1457 2388 super
1505 2291 1699 2367 urbe
1748 2314 2006 2367 curas:

640 2416 945 2495 Occidit
992 2418 1180 2495 Daci
1233 2416 1615 2493 Cotisonis
1668 2440 1969 2514 agmen,

231 2605 436 2658 torum.
477 2604 622 2658 Fuit
656 2604 828 2658 etiam
865 2621 983 2658 mos
1020 2603 1127 2657 hoc
1151 2602 1243 2657 die
1265 2620 1384 2655 mu-

225 2672 388 2729 lieres
425 2676 640 2731 strenis
676 2676 902 2729 donare.
934 2675 1182 2729 Martial.
1203 2674 1271 2736 V,
1297 2676 1392 2742 84,

230 2747 319 2799 11:
361 2746 524 2815 „Scis
564 2752 719 2802 certe
753 2750 892 2816 puto
924 2751 1112 2801 vestra
1147 2746 1260 2799 iam
1295 2764 1386 2799 ve·

225 2817 346 2871 nire
403 2818 752 2885 Saturnalia,
795 2818 1032 2873 Martias
1078 2817 1386 2883 Kalendas3

231 2885 386 2942 Tunc
421 2890 663 2945 reddam
699 2889 827 2958 tibi,
866 2890 1048 2951 Galla,
1097 2890 1246 2958 quod
1294 2890 1386 2943 de·

231 2956 417 3014 disti.“
467 2990 538 3001 —
593 2961 804 3031 acerra]
853 2978 986 3015 arca
1035 2961 1268 3015 turaria.
1319 2989 1386 2999 —

231 3031 482 3102 caespite]
523 3032 599 3087 cf.
640 3032 820 3086 Carm.
859 3032 905 3101 1,
948 3034 1030 3101 19,
1074 3033 1136 3086 18
1173 3049 1294 3101 sqq.
1320 3060 1384 3071 -—-

235 3098 406 3172 docte]
446 3104 774 3159 Admodum
815 3102 1022 3159 festiva
1068 3101 1390 3173 alloquendi

233 3172 404 3227 ratio:
463 3175 642 3245 „quid
687 3174 830 3229 mihi
883 3176 958 3230 sit
1013 3174 1215 3230 caelibi
1263 3192 1390 3229 cum

237 3246 648 3301 matronalibus
661 3286 676 3313 ,
729 3253 822 3315 tu,
879 3264 1198 3315 quanquam
1243 3246 1389 3315 peri·

233 3313 479 3371 tissimus
515 3336 576 3372 es
621 3335 811 3371 rerum
857 3336 1141 3373 sacrarum
1185 3322 1245 3372 et
1279 3318 1384 3371 La·

235 3384 481 3443 tinarum
522 3394 582 3444 et
607 3390 962 3455 Graecarum,
999 3394 1124 3445 tota
1147 3390 1256 3443 ista
1291 3388 1386 3443 do-

239 3458 422 3513 ctrina
481 3478 600 3515 non
647 3462 1012 3530 assequeris.“
1098 3460 1389 3516 Sermones

241 3528 386 3583 enim
421 3531 652 3587 litterae
687 3532 840 3601 ipsae
877 3537 1022 3587 sunt.
1059 3532 1130 3587 cf.
1169 3532 1280 3588 Cic.
1319 3532 1390 3586 de

240 3597 330 3651 off·
367 3600 412 3669 I,
451 3606 502 3672 1,
544 3608 598 3657 1.
635 3603 876 3659 Martial.
909 3605 979 3672 X,
1017 3607 1105 3672 76,
1143 3606 1177 3658 6
1221 3604 1388 3675 „ami-

245 3684 334 3723 cus
367 3671 595 3745 Lingua
630 3675 827 3730 doctus
873 3674 1162 3745 utraque.“
1239 3676 1390 3729 Suet.

245 3739 426 3799 Claud.
453 3750 553 3801 422
595 3746 864 3815 „Cuidam
898 3747 1142 3802 barbaro
1181 3746 1391 3801 Graece

247 3816 302 3893 {³²
341 3813 548 3873 Latine
591 3818 912 3887 disserenti,
959 3818 1099 3875 Cum
1141 3824 1389 3888 utroque,

251 3886 448 3955 lnquit,
483 3905 726 3945 sermone
767 3895 958 3945 nostro
995 3892 1069 3945 sis
1107 3890 1388 3961 paratus.“

247 3980 312 3993 ·-
340 3956 559 4031 Libero]
594 3962 726 4015 vide
763 3961 832 4016 ad
871 3961 1050 4016 Garm.
1085 3963 1157 4030 H,
1199 3962 1279 4029 17,
1306 3962 1389 4015 28.

253 4022 464 4107 Baccho
534 4050 634 4086 cur
699 4050 930 4103 caprum
995 4034 1392 4101 immolaverit,

252 4098 375 4152 vide
424 4118 492 4155 ex
533 4102 742 4175 Vergil.
781 4104 983 4176 Georg.
1037 4106 1108 4167 ΙΙ,
1150 4106 1284 4173 380;
1335 4108 1393 4159 et

253 4167 438 4225 album
473 4175 716 4244 quidem,
753 4177 885 4245 quia
917 4178 1133 4247 superis
1167 4175 1276 4230 diis
1313 4177 1390 4230 al·

255 4234 372 4308 bae,
417 4242 612 4301 inferis
663 4247 860 4319 nigrae
916 4249 1133 4303 hostiae
1181 4252 1392 4301 macta-

257 4305 470 4391 bantur.
509 4346 571 4357 -—
603 4319 920 4390 funeratus]
968 4320 1112 4374 Aliis
1157 4320 1390 4388 scripto·

259 4380 410 4437 ribus
438 4386 699 4451 fwnerwre
721 4396 808 4445 est
831 4391 981 4445 iusta
1012 4392 1244 4445 mortuis
1271 4406 1391 4459 per·

265 4452 479 4525 solvere,
526 4458 760 4517 Horatio
809 4478 1016 4519 necare.
1068 4492 1137 4502 —
1183 4462 1390 4530 fumum

265 4518 444 4596 δῶκε]
473 4530 680 4587 colum.
719 4534 766 4598 1,
808 4536 862 4596 6,
897 4536 995 4588 2οε
1037 4534 1392 4618 „Apothecae

269 4600 408 4651 reete
451 4608 892 4674 superponentur
927 4606 996 4659 iis
1042 4606 1194 4672 locis,
1240 4604 1390 4659 unde

1478 2603 1810 2672 plerumque
1828 2602 2015 2657 fumus
2046 2603 2323 2659 exoritur:
2363 2602 2627 2674 quoniam

1479 2675 1615 2728 vina
1636 2674 1871 2728 celerius
1894 2680 2297 2740 vetustescunt,
2324 2693 2469 2745 quae
2488 2676 2631 2731 fumi

1482 2746 1723 2814 quodam
1762 2750 1957 2801 tenore
1987 2764 2313 2816 praecocem
2336 2748 2628 2802 maturita-

1479 2822 1598 2871 tem
1634 2816 1920 2872 trahunt.“
1972 2820 2297 2889 Apothecae
2334 2819 2512 2891 igitur
2548 2820 2629 2873 di-

1479 2906 1673 2943 versae
1725 2894 1887 2943 erant
1934 2908 1969 2943 a
2018 2891 2161 2947 cella
2204 2892 2439 2949 vinaria.
2492 2908 2633 2961 quae

1481 2978 1553 3014 ne
1602 2960 1797 3014 vinum
1836 2961 2020 3016 calore
2062 2962 2379 3029 vitiaretur,
2426 2963 2483 3015 in
2530 2963 2631 3015 hu·

1481 3049 1635 3085 mum
1671 3032 1933 3101 depressa
1969 3033 2080 3087 fuit
2116 3038 2174 3087 et
2223 3034 2631 3103 septentriones

1449 3146 1452 3151 .
1483 3120 1675 3157 versus
1725 3104 1848 3158 sita.
1940 3104 2261 3173 Amphorae
2308 3109 2495 3159 autem
2542 3105 2634 3159 vel

1482 3175 1633 3229 vitro
1686 3175 1777 3229 vel
1823 3176 2027 3245 argilla
2072 3175 2373 3237 confectae,
2422 3193 2495 3230 ne
2538 3192 2634 3230 aer

1483 3246 1797 3315 accederet,
1845 3247 2230 3317 gypsabantur
2272 3248 2363 3301 vel
2408 3247 2633 3317 oppica·

1481 3318 1707 3372 bantur.
1760 3347 1827 3357 -—
1886 3318 2113 3372 Consule
2172 3318 2342 3388 Tullo]
2402 3318 2632 3372 Rectius

1483 3388 1710 3443 videtur
1736 3389 1988 3460 intellegi
2013 3389 2077 3444 L.
2101 3388 2391 3443 Volcatius
2416 3388 2631 3455 Tullus,

1484 3461 1583 3528 qui
1620 3476 1749 3515 cum
1801 3461 2033 3515 Caesare
2078 3459 2387 3514 Octaviano
2440 3461 2634 3515 consul

1484 3536 1609 3586 erat
1644 3550 1693 3585 a.
1732 3550 1787 3585 u.
1837 3548 1884 3585 c.
1934 3533 2055 3597 721,
2102 3548 2212 3601 quo
2259 3550 2405 3586 anno
2454 3532 2633 3587 Hora·

1483 3604 1597 3657 tius
1653 3602 1915 3657 Sabinam
1967 3604 2165 3658 villam
2224 3622 2259 3657 a
2312 3604 2635 3659 Maecenate

1485 3678 1791 3743 acceperat,
1836 3674 1919 3728 ita
1964 3680 2030 3729 ut
2067 3675 2503 3730 vetustissimum
2550 3676 2632 3731 vi-

1482 3764 1620 3800 num
1643 3746 1906 3800 videatur
1938 3763 2212 3815 promere,
2249 3746 2400 3816 quod
2433 3748 2494 3801 in
2532 3764 2633 3801 suo

1485 3836 1623 3889 agro
1660 3822 1857 3871 natum
1894 3822 2030 3872 erat.
2103 3818 2221 3872 Alii
2273 3818 2527 3873 referunt
2562 3819 2635 3873 ad

1485 3907 1613 3944 eum
1649 3888 1892 3957 Tullum,
1930 3890 2025 3958 qui
2066 3907 2208 3944 anno
2258 3894 2390 3944 ante
2436 3894 2635 3944 natum

1483 3960 1785 4016 Horatium
1822 3960 1894 4031 (a.
1932 3978 1987 4015 u.
2022 3960 2151 4032 688)
2190 3961 2381 4015 consul
2422 3965 2560 4015 erat.

1554 4033 1621 4086 V.
1664 4032 1745 4086 13.
1783 4032 2009 4103 cyathos
2044 4032 2210 4087 amici
2244 4031 2495 4102 sospitis]
2535 4031 2633 4100 qui

1482 4108 1716 4173 propter
1741 4104 1979 4158 salutem
2006 4104 2171 4157 amici
2196 4107 2477 4157 servatam
2518 4102 2633 4158 ebi-

1483 4176 1707 4230 bantur.
1755 4176 1823 4230 cf.
1865 4175 2045 4229 Carm-
2084 4175 2183 4233 111.
2228 4176 2309 4243 19,
2346 4176 2379 4227 9
2416 4190 2527 4242 sq.;
2570 4174 2633 4227 in

1486 4264 1597 4317 qua
1646 4265 1709 4301 re
1754 4246 1841 4301 his
1887 4247 2073 4301 verbis
2110 4246 2351 4300 Romani
2401 4245 2631 4299 uteban-

1484 4323 1603 4373 tur:
1649 4320 1776 4373 benc
1812 4324 1864 4373 tc
1898 4319 1987 4373 vel
2032 4318 2158 4373 bene
2205 4317 2323 4371 tibi.
2399 4316 2633 4371 Centum

1485 4394 1675 4445 autem
1714 4406 1980 4444 numerus
2015 4389 2109 4443 hio
2144 4393 2229 4443 est
2268 4387 2538 4442 infinitus.
2568 4418 2635 4429 --

1485 4462 1637 4515 Daci
1672 4460 1965 4531 Cotisonis]
2012 4460 2096 4514 De
2142 4461 2249 4514 hoc
2293 4460 2635 4529 reliquisque

1483 4532 1650 4587 rebus
1701 4533 1772 4587 ad
1808 4532 2119 4587 Romanam
2163 4531 2460 4586 historiam
2508 4550 2635 4602 per-

1481 4604 1793 4659 tinentibus
1828 4604 1959 4658 vide
1995 4602 2067 4659 ad
2105 4602 2286 4658 Carm.
2310 4602 2381 4673 11,
2412 4606 2494 4657 13.
2534 4602 2633 4659 Co-
