3092 5059
459 203 579 267 122

1422 206 1876 275 CARMINUM

856 392 1071 471 Arsit
1123 393 1431 471 Atrides
1486 396 1744 473 medio
1797 398 1876 473 in
1931 399 2323 500 triumpho

1059 519 1383 618 Virgine
1434 534 1682 621 rapta,

848 672 1240 749 Barbarae
1283 684 1695 772 postquam
1714 710 1724 719 ·
1746 672 2092 751 cecidere
2145 688 2445 753 turmae

766 831 814 870 ιο
849 795 1214 872 Thessalo
1264 796 1551 871 victore
1603 810 1678 873 et
1727 796 2134 895 ademptus
2185 800 2477 877 Hector

852 920 1211 997 Tradidit
1254 921 1477 999 fessis
1528 922 1826 999 leviora
1875 923 2046 999 tolli

1052 1046 1434 1144 Pergama
1486 1048 1738 1127 Grais.

848 1194 1163 1270 Nesciae
1221 1220 1319 1269 an
1372 1208 1449 1270 te
1499 1220 1872 1293 generum
1925 1197 2133 1273 beati

852 1316 1230 1416 Phyllidis
1280 1318 1529 1395 flavae
1582 1318 1950 1395 decorent
2000 1332 2392 1420 parentes:

766 1476 815 1517 ιι
850 1444 1177 1541 Regium
1232 1455 1437 1523 certe
1490 1469 1732 1543 genus
1783 1458 1860 1521 et
1912 1458 2230 1545 penates

1052 1570 1346 1645 Maeret
1392 1568 1725 1668 iniquos,

856 1720 1107 1798 Crede
1162 1746 1317 1795 non
1370 1719 1586 1797 illam
1637 1721 1780 1797 tibi
1831 1721 1930 1797 de
1981 1723 2301 1798 scelesta

852 1846 1094 1923 Plebe
1146 1845 1529 1939 dilectam,
1585 1871 1836 1945 neque
1881 1848 1985 1922 sic
2034 1847 2367 1943 fidelem,

852 1970 979 2046 Sic
1029 1970 1245 2048 lucro
1298 1997 1646 2047 aversam
1692 1972 2037 2067 potuisse
2089 1972 2300 2047 nasci

760 2128 813 2169 ιο
1048 2098 1296 2172 Matre
1341 2094 1730 2196 pudenda.

847 2246 1223 2322 Bracchia
1274 2259 1350 2321 et
1400 2246 1699 2323 vultum
1751 2261 2186 2345 teretesque
2239 2222 2454 2323 suras

848 2372 1163 2469 Integer
1213 2371 1480 2467 laud03
1534 2373 1724 2470 fuge
1774 2373 2168 2469 suspicari,

852 2495 1087 2573 Cuius
1142 2509 1497 2573 octavum
1555 2497 1974 2594 trepidavit
2018 2510 2226 2573 aetas

1053 2621 1435 2701 Claudere
1485 2622 1833 2699 lustrum.

452 2835 619 2905 regis,
674 2832 808 2894 filia,
854 2832 925 2887 ab
962 2832 1137 2887 Aiace
1184 2838 1377 2903 capta3
1427 2833 1598 2903 Soph-

449 2907 539 2959 Δί.
583 2907 691 2959 210
736 2904 910 2959 παῖδα
947 2909 1190 2973 Φρυγίου
1241 2874 1600 2965 Τελεύταντος

448 2996 573 3031 eam
608 2982 791 3031 vocat.
827 3006 893 3015 —
932 2975 1101 3046 arsit]
1139 2977 1269 3031 vide
1308 2977 1380 3032 ad
1414 2976 1596 3031 Carm.

446 3046 542 3116 IV,
578 3050 629 3115 9,
671 3049 753 3101 18.
792 3077 857 3087 -
893 3047 1103 3117 virgine
1136 3046 1331 3119 rapta]
1368 3048 1598 3104 Cassan-

448 3120 568 3175 dra.
606 3120 766 3175 Hom.
796 3118 897 3173 Od.
934 3120 1033 3187 XI,
1068 3122 1193 3173 420.
1232 3150 1299 3160 —
1340 3120 1597 3175 Thessalo

446 3192 670 3260 metare]
707 3208 821 3245 non
858 3190 1007 3245 eolus
1036 3192 1279 3246 Achilles
1318 3196 1417 3246 aut
1453 3190 1592 3246 Neo·

448 3262 754 3332 ptolemus3
804 3262 901 3317 sed
936 3262 1191 3318 Thessali
1240 3282 1343 3333 pro
1382 3264 1597 3319 cunctis

449 3334 692 3402 Graecis,
713 3335 845 3402 quia
862 3335 971 3388 nisi
988 3334 1385 3389 Thessalorum
1404 3336 1598 3389 Achil-

448 3406 539 3473 lis,
592 3406 965 3475 Neoptolemi,
1021 3406 1437 3475 Myrmidonum
1490 3426 1598 3476 ope

448 3476 618 3531 Troia
663 3496 776 3533 non
820 3478 1011 3546 potuit
1045 3479 1189 3547 capi.
1245 3508 1317 3519 -
1371 3478 1598 3547 Hector]

448 3548 609 3603 Hom.
648 3549 715 3603 11.
753 3550 929 3613 XXII,
974 3550 1093 3603 607.
1136 3550 1337 3618 XXIV,
1376 3552 1497 3604 243.

492 3621 583 3675 -V.
628 3624 709 3675 11.
750 3621 975 3690 Duplex
1010 3627 1098 3677 eet
1134 3622 1455 3677 antitheton
1490 3622 1595 3688 fes-

448 3695 527 3745 sis
578 3693 781 3747 leviora
836 3698 894 3747 et
960 3692 1228 3762 Pet-gama
1280 3692 1467 3749 Grais.
1527 3722 1593 3732 —

448 3763 637 3831 Grais]
688 3765 758 3819 de
794 3764 1019 3819 Graecis
1071 3765 1336 3832 antiquis.
1382 3765 1595 3834 praeci-

446 3853 556 3904 pue
594 3834 821 3890 heroica
856 3840 1059 3903 aetate,
1095 3841 1161 3890 ut
1196 3836 1285 3905 Ep
1288 3836 1375 3891 od.
1402 3836 1484 3902 10,
1514 3839 1596 3891 12.

449 3906 610 3961 Ovid.
630 3906 766 3962 Met.
787 3908 940 3976 XIII,
960 3908 1083 3961 218.
1108 3910 1229 3961 241.
1238 3854 1427 3971 pCorn.
1453 3907 1595 3976 Nep.

446 3978 691 4033 Hannib.
720 3980 779 4047 ὃς
817 3979 947 4033 inde
985 3978 1092 4033 hoc
1128 3962 1353 4033 nomine
1388 3979 1595 4061 saepis·

446 4052 585 4105 sime
622 4068 755 4105 usus
795 4055 882 4105 est
911 4050 1194 4121 Vergilius
1230 4050 1290 4105 in
1328 4048 1592 4105 Aeneide.

446 4122 665 4177 Deinde
728 4121 873 4177 Grai
944 4122 1303 4191 appellantur
1371 4122 1593 4191 poetico

446 4194 689 4261 nomine,
726 4212 853 4249 cum
891 4194 1124 4263 antiqua
1162 4210 1357 4248 eorum
1394 4193 1594 4259 virtus,

448 4265 742 4329 nobilitas,
809 4266 992 4335 poesin
1050 4264 1467 4333 praedicantur,
1528 4270 1594 4318 ut

450 4337 629 4391 Carm.
668 4338 743 4405 11,
786 4339 870 4404 16,
906 4340 992 4390 38.
1065 4336 1161 4400 IV,
1198 4338 1247 4401 8,
1288 4340 1337 4391 4.
1408 4336 1591 4405 Epist.

448 4408 522 4474 II,
562 4411 609 4473 1,
651 4410 732 4463 19.
775 4411 842 4462 A.
880 4408 941 4461 P.
982 4408 1106 4463 323.
1143 4408 1209 4461 In
1244 4408 1434 4475 lyricis
1472 4426 1591 4462 car-

446 4480 690 4535 minibus
727 4480 969 4534 alterum
1004 4496 1207 4533 nomen
1240 4478 1443 4534 Graeci
1480 4497 1592 4533 non

1699 2834 1998 2903 reperitur,
2053 2833 2164 2889 nisi
2213 2835 2364 2903 quod
2425 2833 2534 2889 adi.
2607 2834 2862 2889 Graecam

1699 2910 1785 2959 est
1835 2905 2018 2961 Carm.
2055 2906 2103 2973 I,
2139 2907 2227 2974 20,
2265 2908 2316 2959 2.
2388 2906 2489 2971 111,
2523 2906 2614 2973 24,
2653 2908 2744 2959 57.
2783 2935 2854 2945 -

1699 2977 1910 3031 nescias
1943 2978 2036 3046 an]
2073 2978 2329 3032 fortasse.
2376 2977 2620 3032 Inclinat
2659 2977 2732 3031 ad
2758 2977 2859 3031 ad·

1697 3048 2090 3104 firmationem.
2155 3078 2220 3089 —
2277 3048 2446 3118 beati]
2503 3048 2731 3103 divites.
2786 3078 2858 3089 -

1701 3120 1982 3189 Phyllidis
2013 3120 2210 3191 flavae]
2249 3120 2326 3175 Et
2350 3137 2554 3177 nomen
2580 3120 2770 3190 ipsum
2797 3128 2860 3175 et

1699 3192 2010 3260 epithetum
2073 3194 2424 3247 iuventutem
2485 3192 2858 3247 mulierculae

1699 3263 1975 3332 indicant3
2015 3263 2161 3319 flava
2198 3269 2284 3318 est
2317 3268 2383 3318 ut
2419 3263 2558 3317 folia
2583 3264 2860 3317 arborum

1698 3336 1971 3403 recentia3
2023 3336 2105 3389 sic
2141 3335 2314 3390 chlois
2359 3334 2507 3389 flava
2543 3340 2630 3389 est
2667 3336 2856 3389 Carm-

1699 3406 1797 3467 111.
1819 3408 1873 3474 9,
1895 3408 1984 3475 19,
2009 3406 2466 3475 GanymedeeIV.
2486 3408 2537 3467 4,
2559 3410 2611 3459 4.
2639 3405 2858 3475 Phyllis

1699 3482 1888 3533 autem
1921 3447 2178 3563 (φύλλον)
2215 3479 2362 3534 idem
2393 3476 2678 3547 significat
2703 3478 2858 3547 quod

1699 3548 1868 3604 Chloe
1889 3498 2104 3620 (χλόη);
2129 3551 2315 3620 prima
2339 3567 2408 3604 ex
2433 3549 2644 3605 cortice
2666 3566 2856 3605 excre-

1697 3622 1912 3675 scentia
1935 3622 2090 3677 folia.
2113 3652 2182 3663 ·—
2201 3627 2400 3677 maeret
2422 3621 2637 3690 regium
2655 3619 2854 3691 yeme]

1699 3694 1848 3777 quod
1909 3712 2008 3749 sua
2073 3694 2342 3749 servitute
2403 3692 2856 3747 contaminatum

1697 3766 1892 3832 sensit,
1929 3783 2040 3821 non
2069 3764 2220 3833 quod
2255 3764 2458 3819 amisit.
2495 3763 2644 3819 Nam
2676 3782 2854 3835 genua

1698 3837 1962 3891 amittere
2007 3836 2132 3905 quis
2171 3836 2398 3905 potest?
2444 3864 2512 3875 —
2571 3835 2850 3905 dilectam]

1698 3908 1790 3961 Sic
1851 3926 2038 3963 omnes
2097 3907 2259 3963 codd.
2317 3906 2657 3975 Gruquiani3
2709 3907 2854 3961 dicit

1696 3985 1884 4033 autem
1923 3980 2053 4047 hoc;
2095 3979 2258 4033 crede
2295 3978 2470 4045 illam,
2507 3994 2680 4047 quam
2719 3979 2852 4033 ada·

1695 4050 1878 4113 manti,
1915 4068 2029 4106 non
2053 4066 2172 4105 esse
2197 4050 2268 4105 de
2295 4050 2526 4105 scelesta
2561 4050 2748 4118 plebe.
2786 4050 2853 4103 In

1695 4122 1820 4176 aliis
1843 4122 1998 4177 MSS.
2024 4120 2297 4179 delectam.
2325 4150 2390 4161 --
2409 4120 2636 4191 inteoorl
2659 4138 2853 4177 amore

1693 4210 1807 4247 non
1845 4200 2058 4263 captus,
2095 4194 2251 4248 cuiue
2288 4192 2558 4248 iudicium
2601 4208 2718 4247 ιιοιι
2771 4200 2856 4249 eet

1695 4282 1884 4321 amore
1903 4271 2250 4335 corruptum,
2275 4264 2352 4319 cf.
2373 4264 2553 4319 Carm.
2574 4264 2678 4331 111,
2698 4266 2752 4331 7,
2763 4266 2849 4319 22.

1695 4366 1762 4377 --
1800 4338 1928 4406 fuya
1963 4337 2262 4407 auspicari]
2297 4336 2428 4391 vide
2464 4335 2537 4391 ad
2577 4336 2766 4391 Carm.
2805 4338 2852 4404 1,

1700 4412 1748 4475 1,
1766 4410 1816 4463 8.
1845 4408 2254 4478 —trept'davifl
2293 4406 2394 4463 cfr.
2423 4407 2496 4463 ad
2530 4406 2626 4475 IV,
2653 4409 2856 4477 11,11.
