3092 5059
1101 242 1262 309 LIB.
1305 243 1422 310 III.
1467 244 1719 311 CARM.
1758 246 1809 310 Ι.

2526 248 2645 315 165

643 428 972 507 -Cervice
1023 431 1330 531 pendet,
1376 458 1531 507 non
1586 430 1886 509 Siculae
1940 433 2174 532 dapes

747 554 1068 632 Dulcem
1125 556 1631 632 elaborabunt
1678 583 2059 655 saporem,

555 711 649 753 εο-
841 682 1016 758 Non
1064 684 1326 759 avium
1380 683 1871 783 citharaeque
1926 698 2188 761 cantus

651 829 1022 907 Somnum
1071 831 1465 909 reducent.
1563 830 1892 909 Somnus
1944 834 2361 933 agrestium

648 954 875 1031 Lenis
926 956 1266 1032 virorum
1320 983 1476 1032 non
1529 956 1856 1034 humiles
1910 958 2181 1033 domos

745 1080 1076 1172 Fastidit
1122 1083 1726 1181 umbrosamque
1774 1082 2025 1181 ripam

842 1206 1018 1281 Non
1059 1206 1434 1307 Zephyris
1485 1208 1775 1306 agitata
1827 1208 2139 1308 Tempe.
2250 1246 2259 1250 ·

565 1386 617 1427 ετ,
648 1355 1230 1433 Desiderantem
1279 1358 1490 1457 quod
1539 1358 1721 1433 satis
1775 1371 1888 1434 est
1938 1382 2193 1457 neque

649 1481 1238 1585 Tumultuosum
1289 1482 1651 1559 sollicitat
1696 1508 1929 1577 mare,

742 1606 904 1681 Nec
955 1632 1225 1683 saevus
1277 1606 1595 1682 Arcturi
1639 1607 1980 1683 cadentis

843 1730 1188 1831 Impetus
1242 1745 1376 1808 aut
1428 1732 1742 1808 orientis
1792 1731 2067 1825 Haedi,

646 1879 818 1955 Non
871 1881 1319 1957 verberatae
1370 1881 1749 1980 grandine
1800 1882 2067 1958 vineae

564 2036 618 2077 so
649 2004 1119 2104 Fundusque
1171 2005 1500 2082 mendax
1545 2007 1824 2083 arbore
1876 2031 2077 2081 nunc
2134 2028 2403 2105 aquas-

558 2140 562 2143 ’
748 2128 1130 2232 Culpante·
1178 2157 1382 2207 nunc
1432 2133 1803 2208 torrentia
1861 2157 2089 2228 agros

843 2254 1116 2332 Sidera
1165 2283 1368 2332 nunc-
1420 2256 1707 2331 hiemes
1759 2257 2085 2355 iniquas.

646 2406 1062 2485 Contracta-
1106 2407 1348 2508 pisces
1394 2432 1733 2507 aequora
1783 2407 2113 2483 sentiunt

533 2604 540 2611 .
644 2530 870 2607 Iactis
923 2530 1004 2605 in
1056 2530 1298 2607 altum
1350 2532 1717 2629 molibus3
1772 2531 1920 2607 huc
1972 2533 2337 2631 frequens

231 2733 424 2787 carm.
463 2728 539 2794 11,
575 2730 626 2795 3,
659 2730 746 2782 26.
787 2759 854 2769 —
902 2729 1194 2784 destrictus
1227 2729 1394 2801 ensis]

229 2802 608 2875 Significatur
623 2806 757 2855 nota
782 2800 882 2855 illa
901 2802 1052 2871 apud
1074 2801 1396 2857 Ciceronem

227 2874 400 2929 Tusc.
425 2872 498 2933 V.
535 2874 604 2925 21
643 2873 896 2927 narratio
936 2873 1006 2927 de
1030 2872 1299 2941 Dionysio
1337 2878 1397 2928 et

231 2945 536 3011 Damocle3
573 2942 704 2997 inde
743 2944 914 2998 etiam
951 2944 1169 3000 Siculae
1206 2944 1394 3015 dapes,

233 3018 394 3087 apud
450 3015 710 3083 antiquos
757 3019 876 3069 tam
922 3015 1167 3071 famosae
1219 3022 1284 3071 ut
1335 3017 1396 3070 in

235 3087 607 3159 proverbium
643 3103 822 3156 prope
857 3087 1093 3142 abirent.
1143 3088 1286 3142 Plat.
1325 3088 1396 3142 de

235 3160 380 3229 Rep.
401 3159 505 3212 III.
541 3175 596 3227 p.
615 3157 739 3212 404.
760 3156 854 3211 D.:
895 3164 1278 3227 ,,Συρακοσίαν
1313 3159 1396 3228 δὲ,

235 3223 282 3285 ὦ
317 3233 467 3302 φίλε,
507 3223 780 3299 τράπεζαν
821 3234 914 3281 καὶ
947 3226 1239 3297 Σικελικὴν
1274 3250 1396 3283 ποι·

238 3304 423 3355 mitur
459 3294 643 3369 ὄψων,
689 3298 763 3360 ὡς
807 3300 1004 3370 ἔοικας,
1042 3298 1140 3354 οὐκ
1174 3303 1394 3361 aiv-5539

239 3402 306 3413 —
345 3374 561 3442 amum]
610 3371 908 3427 Habebunt
957 3374 1106 3427 enim
1154 3373 1394 3428 Romani

235 3462 340 3500 sua
375 3446 616 3509 aviaria,
652 3442 849 3498 Graeci
885 3438 1206 3513 ὄρνιθῶνας.
1244 3445 1395 3500 Bene

235 3517 383 3571 dicit
447 3515 829 3583 elaborabunt3
886 3517 968 3570 sic
1023 3517 1170 3570 enim
1227 3518 1394 3571 senti·

235 3594 338 3642 tur
391 3588 554 3642 labor
609 3590 668 3640 et
719 3603 906 3655 opera,
967 3603 1134 3656 quam
1189 3587 1394 3642 divites

235 3659 558 3729 superando
619 3656 848 3713 fastidio
904 3658 1156 3713 ciborum
1221 3660 1394 3713 etiam

237 3730 770 3786 delicatissimorum
805 3730 1145 3799 nequiquam
1181 3730 1392 3800 impen-

239 3802 402 3855 dunt.
442 3830 508 3841 --
547 3799 827 3869 reducent]
852 3801 1018 3870 Impii
1039 3802 1110 3869 (v.
1135 3804 1226 3871 17)
1251 3818 1392 3857 som-

237 3872 1016 3999 3232300333233202332
1034 3878 1394 4013 fflffissssefflg

463 3984 478 4012 9

235 4020 478 4085 possunt
505 4014 798 4069 dulcedine
824 4020 1021 4070 cantus
1049 4034 1114 4071 ac
1139 4016 1390 4085 sympho-

237 4087 482 4140 niarum.
520 4114 590 4127 —
625 4087 870 4155 somus]
905 4087 1128 4141 Horatii
1168 4104 1390 4143 consue-

239 4156 388 4211 tudo
421 4158 572 4212 hunc
603 4174 722 4211 esse
745 4158 1002 4213 ordinem
1023 4158 1214 4214 docet:
1253 4160 1390 4213 lenis

239 4246 470 4283 somnus
704 4229 820 4283 ium
855 4230 1105 4283 virorum
1149 4248 1264 4284 non
1310 4230 1390 4285 fa·

237 4299 414 4354 stidit-
457 4299 692 4354 humiles
742 4300 936 4355 domos
988 4306 1093 4356 cet.
1164 4302 1392 4356 Etenim

242 4386 474 4425 somnus
509 4388 616 4441 quo
656 4373 900 4427 recreari
934 4373 1188 4427 videmus
1232 4391 1389 4444 agre-

243 4447 372 4496 stes
406 4442 668 4506 homines,
705 4460 818 4497 non
855 4443 1078 4498 fastidit
1100 4462 1277 4515 parva
1302 4462 1390 4499 eo-

245 4528 386 4567 rum
419 4514 641 4584 tuguria
663 4519 762 4569 aut
785 4517 1084 4585 caespitem
1120 4516 1224 4570 sub
1261 4516 1392 4572 divo

241 4582 514 4657 positum.
549 4584 736 4641 Senec-
761 4586 832 4641 de
852 4588 1073 4656 provid.
1097 4590 1156 4641 3:
1185 4588 1392 4657 „(Mae·

1487 2732 1693 2801 cenati)
1748 2748 1971 2787 somnus
2024 2749 2127 2802 per
2180 2730 2633 2799 symphoniarum

1487 2808 1713 2857 cantum
1748 2821 1816 2857 ex
1854 2803 2161 2874 longinquo
2206 2803 2329 2857 lene
2374 2818 2634 2856 resonan-

1487 2876 1631 2929 tium
1670 2875 2013 2943 quaeritur.“

1559 2945 1625 2999 V.
1648 2946 1733 3000 25.
1772 2946 2183 3016 desiderantem]
2226 2944 2297 3001 cf.
2324 2945 2506 2999 Carm.
2532 2942 2633 3012 111,

1491 3019 1577 3087 16,
1599 3019 1669 3070 42
1691 3035 1810 3087 sqq.
1848 3018 2028 3088 Epist.
2066 3018 2110 3085 Ι,
2148 3020 2200 3085 2,
2236 3018 2323 3071 46.
2361 3017 2405 3078 1,
2437 3015 2522 3083 10,
2546 3016 2635 3068 44.

1491 3118 1557 3127 —
1601 3090 1857 3160 Arcturi]
1901 3090 2225 3143 Indicantur
2279 3090 2637 3157 tempestates

1488 3161 1774 3226 autumni;
1832 3168 1953 3215 tum
2000 3162 2149 3215 enim
2204 3159 2494 3214 occidebat
2529 3159 2635 3211 Ar-

1489 3236 1681 3287 cturus
1715 3250 1765 3287 a.
1804 3234 1857 3286 d.
1894 3232 1988 3286 IV.
2026 3231 2148 3286 Kal.
2185 3232 2344 3297 Now,
2382 3229 2635 3284 orieban-

1487 3308 1584 3357 tur
1642 3304 1823 3358 Haedi
1879 3304 2024 3373 prid.
2080 3303 2222 3357 Non.
2278 3300 2504 3356 Octobr.
2568 3325 2636 3337 -·

1485 3374 1717 3443 fundus]
1771 3373 1979 3429 Poetae
2032 3375 2157 3445 agri
2203 3390 2423 3442 quoque
2478 3369 2637 3440 quasi

1487 3445 1718 3500 vivunt:
1776 3445 1905 3499 inde
1948 3450 2114 3516 grata
2168 3445 2306 3499 haec
2352 3460 2637 3511 προςωπο-

1487 3516 1660 3585 ποιΐα,
1712 3534 1821 3586 qus.
1867 3516 2073 3570 fundus
2128 3516 2485 3570 sterilitatem
2544 3530 2635 3567 ex·

1488 3592 1781 3643 cussturus
1840 3606 1911 3643 ne
1964 3606 1999 3643 a
2054 3587 2356 3643 mendaciis
2411 3585 2635 3655 quidem

1487 3660 1741 3714 abstinet
1775 3675 1925 3714 nunc
1959 3660 2093 3713 hinc
2127 3675 2277 3713 nunc
2312 3658 2470 3713 illinc
2514 3674 2639 3713 cau·

1487 3748 1607 3785 sam
1659 3736 1934 3799 repetens.
2009 3731 2231 3785 Incerta
2282 3729 2421 3785 fides
2478 3746 2634 3800 agro·

1486 3820 1614 3856 rum
1671 3802 1953 3857 indicatur
2016 3801 2297 3872 particula
2347 3817 2493 3856 nunc
2550 3804 2639 3853 ter

1487 3874 1694 3943 posita3
1756 3891 1886 3928 nam
1942 3874 2095 3928 omni
2150 3890 2327 3944 prope
2385 3878 2639 3940 tempore

1487 3944 1693 4000 fundus
1730 3945 1902 3999 habet
1938 3962 2047 4014 quo
2086 3949 2397 3999 excusetur.
2454 3943 2635 4013 Epist.

1485 4018 1528 4077 Ι,
1564 4020 1616 4085 7,
1654 4018 1742 4070 87.
1782 4046 1848 4055 -
1886 4016 2192 4087 contracta]
2234 4016 2305 4071 cf.
2343 4016 2415 4070 ad
2454 4016 2633 4074 Garm.

1484 4088 1557 4155 H,
1600 4090 1681 4141 15.
1720 4088 1791 4155 ΙΙ,
1834 4090 1915 4156 18,
1952 4089 2037 4141 20.
2101 4087 2395 4157 Quicquid,
2434 4086 2636 4155 inquit,

1485 4160 1583 4213 isti
1620 4163 1913 4221 conantur.
1954 4177 2329 4229 quascumque
2364 4159 2536 4212 etiam
2562 4157 2641 4210 al·

1485 4231 1727 4285 tissimus
1778 4231 1949 4285 moles
2008 4230 2321 4293 exstruunt,
2376 4229 2635 4283 comitem

1485 4303 1695 4357 habent
1727 4307 2058 4371 perpetuam
2094 4303 2320 4356 Curam:
2360 4317 2526 4369 quam
2566 4317 2633 4352 ne

1485 4373 1721 4427 navibus
1773 4374 1995 4442 quidem
2048 4377 2146 4427 aut
2190 4389 2459 4441 equorum
2496 4371 2635 4425 cele-

1486 4445 1659 4499 ritate
1716 4450 1950 4514 possunt
1996 4445 2258 4515 effugere,
2309 4444 2523 4498 scilicet
2576 4442 2637 4495 in

1487 4516 1675 4571 animo
1711 4517 1919 4585 ubique
1950 4520 2241 4571 retentam.
2268 4546 2335 4555 -—
2357 4514 2633 4584 frequens]

1486 4586 1593 4643 Est
1640 4588 1973 4643 adjectivum
2023 4604 2127 4656 pro
2171 4586 2471 4642 adverbio:
2528 4583 2635 4651 fre-
