3092 5059
1037 213 1199 280 LIB.
1239 217 1288 281 Ι.
1334 216 1607 285 EPIST.
1649 216 1895 286 XVIII.
2546 222 2670 288 565

355 392 845 473 Alterutrum
896 400 1126 477 velox
1178 401 1528 481 Victoria
1580 406 1861 484 fronde
1910 421 2252 485 coronet.

260 551 322 593 es
368 519 824 600 Consentire
875 527 1034 602 suis
1079 528 1353 604 studiis
1411 533 1545 629 qui
1598 531 2021 610 crediderit
2062 549 2162 630 te,

357 647 659 725 Fautor
708 663 1042 750 utroque
1095 666 1308 730 tuum
1359 654 1715 733 laudabit
1762 659 2047 755 pollice
2097 659 2393 736 ludum.

350 775 722 852 Protinus
773 787 859 851 ut
907 803 1290 876 moneam,
1346 781 1412 856 si
1465 781 1659 881 quid
1712 785 2113 860 monitoris
2170 811 2349 884 eges
2399 797 2504 882 tu,

355 899 572 994 Quid
628 900 727 978 de
783 927 1095 1004 quoque
1151 906 1322 980 viro
1377 919 1456 984 et
1507 908 1631 983 cui
1684 907 1917 1004 dicas,
1972 934 2203 1007 saepe
2257 908 2540 986 videto.

352 1027 986 1104 Percontatorem
1038 1027 1314 1128 fugito,
1367 1057 1546 1107 nam
1595 1030 1951 1130 garrulus
2003 1030 2214 1108 idem
2269 1045 2383 1107 est

254 1185 312 1225 το
351 1152 432 1228 N
434 1177 524 1228 ec
574 1152 913 1229 retinent
960 1152 1272 1249 patulae
1319 1156 1731 1231 commissa
1777 1155 2115 1232 fideliter
2168 1181 2415 1252 aures,

349 1277 456 1353 Et
499 1277 740 1354 semel
791 1278 1156 1354 emissum
1205 1280 1416 1357 volat
1463 1282 1981 1358 irrevocabile
2030 1283 2380 1357 verbum.

351 1402 534 1479 Non
587 1403 872 1478 ancilla
913 1415 1126 1479 tuum
1181 1404 1395 1482 iecur
1444 1407 1741 1483 ulceret
1788 1407 1951 1483 ulla
1997 1432 2292 1506 puerve

344 1529 574 1605 Intra
622 1554 1147 1604 marmoreum
1197 1531 1618 1606 venerandi
1669 1531 1909 1608 limen
1962 1531 2211 1628 amici,

347 1655 474 1732 Ne
525 1655 882 1730 dominus
936 1656 1158 1753 pueri
1208 1655 1515 1754 pulchri
1568 1683 1889 1734 caraeve
1938 1656 2246 1753 puellae

258 1815 314 1858 τε
351 1782 686 1857 Munere
739 1794 813 1857 te
862 1807 1107 1882 parvo
1153 1782 1331 1858 beet
1383 1796 1517 1858 aut
1565 1780 2101 1859 incommodus
2154 1795 2408 1882 angat.

353 1906 695 1999 Qualem
723 1906 1240 1997 commendes,
1268 1908 1496 1983 etiam
1525 1921 1761 2007 atque
1788 1907 2017 1984 etiam
2044 1909 2325 2008 aspice,
2356 1933 2455 1984 ne
2484 1934 2665 1984 mox

347 2032 748 2108 Incutiant
797 2033 1054 2109 aliena
1092 2033 1238 2108 tibi
1289 2045 1603 2129 peccata
1653 2033 2059 2130 pudorem.

351 2157 748 2233 Fallimur
799 2170 875 2233 et
926 2157 1322 2257 quondam
1372 2185 1527 2234 non
1584 2160 1905 2256 dignum
1960 2159 2373 2236 tradimus:
2428 2183 2615 2257 ergo

351 2282 608 2376 Quem
657 2309 795 2358 sua
847 2283 1078 2384 culpa
1127 2296 1446 2380 premet,
1497 2283 1862 2381 deceptus
1917 2284 2182 2359 omitte
2230 2285 2451 2380 tueri,

261 2445 316 2483 so
355 2409 468 2486 Ut
519 2409 822 2508 penitus
874 2420 1164 2505 notum,
1221 2409 1286 2483 si
1331 2420 1623 2484 tentent
1678 2409 2021 2506 crimina,
2076 2434 2334 2486 serves

349 2536 818 2634 Tuterisque
869 2548 1002 2610 tuo
1060 2534 1425 2611 fidentem
1479 2534 1910 2633 praesidio:
1967 2536 2099 2634 qui

345 2664 601 2738 Dente
653 2659 1055 2737 Theonino
1109 2684 1284 2736 cum
1339 2659 1950 2756 circumroditur,
2006 2661 2289 2760 ecquid

239 2927 329 2976 tes
367 2921 528 2977 haud
565 2921 734 2976 dubie
770 2923 1054 2991 aspernati
1095 2923 1298 2990 essent)
1339 2939 1410 2976 ex
1502 2920 1567 2976 P.
1603 2923 1728 2976 257.
1767 2949 1836 2960 —
1868 2920 2160 2991 Quondam]
2200 2920 2331 2975 vide
2367 2918 2440 2975 ad
2476 2917 2663 2974 Cam.

239 2995 435 3050 vicina
475 2993 838 3049 collectorum
866 2993 1132 3065 gregibus
1166 2995 1316 3048 inter
1352 3011 1410 3048 se
1503 2993 1575 3058 H,
1616 2995 1701 3055 10,
1741 2995 1822 3048 18.
1898 2993 1979 3047 De
2014 3009 2077 3046 re
2124 2992 2193 3047 cf.
2238 2991 2487 3062 Theogn.
2526 2991 2658 3045 963:

241 3066 464 3120 divisis.
510 3093 576 3104 ·—
611 3065 785 3136 velox]
832 3066 966 3136 quia
1003 3065 1255 3120 Victoria
1306 3065 1410 3120 dea
1503 3059 1645 3132 „le
1690 3065 1812 3118 ποτ’
1871 3060 2171 3136 ἓπαινήσῃς
2218 3067 2351 3134 πρὶν
2395 3061 2469 3117 ἂν
2512 3062 2661 3150 εἰδῇς

243 3143 332 3192 est
374 3143 436 3192 et
476 3137 644 3191 alata.
683 3167 752 3176 —
789 3137 1009 3207 pollice]
1054 3137 1200 3192 Plin.
1234 3137 1302 3192 N.
1339 3135 1410 3190 H.
1501 3133 1679 3205 ἄνδρα
1703 3136 2007 3208 -σαφηνῶς,
2046 3131 2241 3220 Ὀρχὴν
2287 3139 2383 3188 καὶ
2439 3137 2663 3207 ῥυθμον

241 3209 514 3276 XXVIII,
550 3210 601 3268 2,
638 3211 694 3262 5:
734 3209 1022 3277 „Pollicem
1059 3225 1188 3263 cum
1223 3208 1408 3263 favea-
1502 3214 1595 3263 καὶ
1620 3202 1829 3277 τρόπον
1852 3204 2003 3266 ὅστις
2026 3201 2097 3262 ἂν
2132 3207 2221 3280 ῃ.“
2262 3237 2329 3248 —
2368 3223 2523 3275 quem
2558 3221 2663 3262 sua

241 3280 1411 3422 ssxssufffflssrffitmgzsszxss‘?{?p3332·
1503 3278 2662 3408 ffffkffssezffznfsszffifflsffszz

241 3424 424 3478 tionis
461 3423 687 3494 signum
733 3428 872 3478 erat.
946 3424 1036 3478 Ex
1083 3424 1408 3478 muneribus
1501 3443 1561 3480 se
1596 3423 1982 3491 maculaverit,
2036 3423 2155 3476 noli
2196 3439 2323 3476 eum
2360 3421 2661 3477 defendere

243 3495 608 3565 gladiatoriis
647 3495 785 3550 haec
819 3495 1000 3564 petita
1043 3498 1189 3550 sunt.
1264 3495 1410 3550 Vide
1501 3515 1570 3552 ac
1604 3495 1809 3564 tutari3
1858 3493 2329 3564 quemadmodum
2364 3494 2412 3547 si
2449 3493 2659 3562 probus

248 3567 322 3620 ad
359 3565 547 3636 Epist.
589 3567 635 3635 I,
675 3571 725 3636 1,
763 3569 813 3621 6.
1502 3573 1589 3623 est
1631 3572 1689 3622 et
1730 3566 1905 3622 falsae
1949 3570 2175 3621 tentant
2221 3583 2349 3621 eum
2396 3565 2660 3619 crimina-

319 3639 388 3692 V.
419 3639 508 3692 70.
554 3639 808 3708 putidae]
855 3655 1108 3708 „semper
1153 3644 1408 3708 patentes
1501 3641 1701 3701 tiones,
1727 3642 1791 3692 ut
1814 3642 1945 3693 ante
1970 3637 2375 3692 commendasti
2414 3637 2497 3691 ita
2533 3653 2659 3705 per-

246 3709 322 3762 ad
375 3709 745 3778 audiendum,
802 3711 1106 3766 curiosae.“
1199 3711 1408 3766 Comm.
1501 3729 1635 3784 gere
1670 3711 1839 3766 debes
1884 3727 2110 3765 servare
2163 3727 2289 3764 eum
2327 3726 2394 3762 ac
2428 3708 2663 3762 tutari.“

249 3780 422 3851 Cruq.
459 3811 534 3821 —
573 3782 942 3853 irrevocabile]
979 3783 1051 3836 cf.
1090 3785 1157 3836 A.
1197 3780 1260 3836 P.
1286 3784 1408 3837 890.
1514 3783 1583 3839 Ut
1636 3787 1784 3853 part.
1842 3799 1957 3836 non
2000 3787 2085 3836 est
2139 3785 2229 3835 tva
2291 3780 2387 3835 sed
2443 3777 2660 3848 ὥσπερ;

247 3851 538 3907 Emiseum
585 3855 816 3923 proprie
861 3855 930 3909 de
967 3855 1192 3925 sagitta,
1231 3855 1410 3924 hasta,
1501 3855 1563 3908 in
1600 3855 1956 3910 coniunctivo
1994 3869 2171 3909 serves
2212 3851 2511 3920 tuterisque
2546 3867 2661 3905 non

247 3923 549 3979 similibus.
597 3925 669 3981 cf.
707 3926 930 3981 Luci-et.
967 3927 1037 3996 V,
1079 3929 1240 3980 1042:
1282 3945 1409 3996 „va-
1503 3930 1588 3982 eet
1647 3925 2019 3981 haerendum:
2091 3930 2177 3980 est
2232 3924 2379 3978 enim
2444 3923 2661 3991 positus

245 3995 364 4049 rios
419 3997 638 4052 sonitus
682 3999 940 4054 emittere
988 3999 1274 4070 linguae;“
1327 3999 1408 4053 in-
1501 4017 1607 4069 pro
1648 3997 2003 4068 impet-atim.
2047 3997 2139 4052 Sic
2173 3997 2287 4051 iam
2324 3995 2663 4050 scholiastae

249 4065 342 4120 fra
389 4067 434 4130 I,
483 4070 572 4137 20,
619 4071 669 4123 6.
717 4099 786 4110 —
830 4071 1048 4141 ulceret]
1098 4071 1167 4126 cf.
1225 4071 1409 4126 Germ.
1502 4070 1908 4141 intellegebant
1933 4071 2142 4137 locum3
2168 4069 2345 4122 Acro:
2386 4066 2663 4135 „defende

247 4136 292 4203 Ι,
345 4141 427 4200 13,
469 4142 521 4193 4.
589 4141 633 4209 Ι,
671 4143 760 4209 25,
804 4143 884 4196 13.
924 4171 991 4182 -
1029 4142 1408 4213 mmoreum]
1501 4161 1569 4197 ac
1632 4142 1845 4208 tuere‚“
1912 4141 2219 4195 Comment.
2294 4139 2490 4207 Cruq.:
2561 4141 2664 4205 „ut

247 4213 315 4262 ut
355 4211 416 4264 in
442 4212 620 4268 divite
661 4213 843 4268 dome.
883 4243 950 4254 -·
987 4229 1208 4269 munere
1235 4231 1409 4282 parvo
1499 4215 1725 4285 penitus
1760 4213 1981 4282 notum]
2019 4213 2074 4266 h.
2114 4231 2159 4266 e.
2196 4229 2311 4265 non
2352 4211 2519 4265 debes
2560 4210 2661 4264 ali-

251 4279 388 4352 beet]
427 4284 512 4338 Ne
546 4302 724 4353 parvo
759 4285 869 4340 hoc
902 4303 1133 4340 munere
1177 4287 1313 4340 satis
1349 4291 1410 4341 te
1503 4304 1671 4355 quem
1716 4285 1825 4340 tibi
1876 4285 2131 4356 ignotum
2183 4285 2265 4337 ita
2312 4283 2479 4343 tueri,
2514 4281 2662 4336 sicut

249 4351 482 4408 beatum
530 4357 724 4412 credat
769 4357 842 4411 ab
891 4358 1126 4427 aliisque
1182 4357 1408 4412 maiori·
1501 4359 1743 4414 amicum
1792 4357 1902 4412 tibi
1942 4361 1999 4411 et
2036 4353 2432 4410 familiarem.“
2472 4353 2657 4408 Bentl.

249 4423 356 4477 bus
393 4425 558 4481 donis
594 4445 662 4483 ac
695 4427 977 4484 beneficiis
1015 4429 1313 4484 abstineat.
1340 4457 1407 4469 —
1499 4447 1572 4485 ex
1608 4431 1929 4484 coniectura
1968 4429 2049 4482 At
2086 4427 2323 4496 penitus.
2370 4455 2439 4466 —-
2488 4425 2659 4480 Theo-

250 4492 642 4568 ineommodue]
677 4517 892 4555 morem
929 4519 1044 4555 non
1079 4517 1296 4573 gerens.
1334 4501 1406 4557 ef.
1499 4502 1659 4571 nino]
1698 4501 2046 4570 „Luthienns
2084 4499 2296 4563 Theon,
2340 4498 2659 4562 libertinus,

254 4563 437 4622 Germ.
475 4569 570 4640 IV,
605 4575 657 4641 8,
699 4575 746 4626 1.
817 4573 924 4642 Ep.
962 4573 1035 4644 11,
1076 4578 1122 4644 1,
1162 4574 1286 4628 227.
1337 4577 1407 4628 A.
1502 4573 1821 4630 dicacitatis
1866 4571 2243 4628 amaritudine
2288 4574 2517 4641 praeter
2572 4587 2659 4625 ce·
