3092 5059
1046 215 1207 283 LIB.
1246 215 1330 282 11.
1376 214 1629 285 GARM.
1675 216 1815 285 VH.

2497 218 2615 283 127

720 402 911 497 Quis
962 417 1040 481 te
1089 404 1501 484 redonavit
1555 404 1938 498 Quiritem

822 530 957 606 Dis
1010 532 1283 632 patriis
1335 529 1692 630 Italoque
1746 532 1982 629 caelo,

565 715 591 757 s
628 681 947 782 Pompei
999 706 1349 758 meorum
1403 684 1655 781 prime
1707 681 2144 759 sodalium?

626 804 820 882 Cum
878 832 1031 905 quo
1078 820 1508 883 morantem
1561 833 1794 905 saepe
1845 807 2054 883 diem
2105 834 2320 883 mero

720 931 959 1031 Fregi
1008 944 1413 1009 coronatus
1468 934 1793 1009 nitentes

821 1056 1314 1133 Malobathro
1370 1056 1595 1157 Syrio
1651 1058 1998 1155 capillos.

623 1208 913 1283 Tecum
964 1206 1367 1306 Philippos
1414 1220 1491 1282 et
1543 1208 1872 1283 celerem
1923 1209 2196 1305 fugam

538 1368 589 1407 ιο
626 1330 847 1408 Sensi
896 1330 1166 1407 relicta
1214 1357 1375 1405 non
1424 1332 1625 1407 bene
1668 1330 2044 1431 parmula,

726 1457 919 1534 Cum
971 1454 1219 1532 fracta
1268 1457 1515 1532 virtus
1569 1466 1644 1531 et
1693 1456 2034 1531 minaces

822 1580 1085 1678 Turpe
1137 1578 1387 1654 solum
1438 1580 1762 1679 tetigere
1815 1593 2096 1655 mento.

622 1729 775 1807 Sed
830 1756 957 1807 me
1004 1756 1148 1830 per
1198 1730 1455 1805 hostes
1507 1731 1936 1807 Mercurius
1987 1730 2194 1808 celer

624 1856 879 1932 Denso
933 1868 1347 1955 paventem
1399 1853 1702 1929 sustulit
1753 1868 1963 1951 aere3

220 2072 444 2134 nutum3
506 2065 623 2119 fuit
680 2070 868 2119 autem
917 2066 1128 2135 triplex
1174 2065 1375 2134 capitis

220 2137 551 2191 deminutio.
579 2136 895 2208 Singularis
918 2154 1182 2191 numerus
1199 2136 1374 2190 nomi-

222 2208 303 2261 nis
339 2207 655 2276 Quiritium
691 2226 804 2263 non
841 2209 1053 2277 legitur
1087 2208 1197 2262 nisi
1224 2207 1376 2277 apud

225 2286 428 2348 poetas.
468 2280 542 2335 cf.
568 2280 753 2349 Epist.
786 2280 830 2348 I,
864 2282 913 2347 6,
940 2284 991 2335 7.
1025 2310 1091 2320 -
1124 2279 1373 2349 Pompa]

224 2350 353 2405 duas
372 2356 602 2406 tantum
630 2350 807 2406 efficit
829 2352 1068 2421 syllabas
1092 2370 1195 2421 per
1215 2369 1373 2421 syna-

224 2421 469 2507 loephen.
500 2422 596 2477 Sic
622 2423 805 2477 Carm.
832 2423 879 2491 Ι,
892 2426 988 2507 335,
1018 2428 1096 2479 17.
1121 2426 1209 2509 372
1233 2426 1281 2477 5.
1306 2453 1372 2462 -

223 2494 405 2620 {1⁸35}
411 2512 1224 2637 2¹21‘1'2'0‘tl‘ilnanssssi‘1ffiilssitlk
1243 2512 1373 2620 ἓὲἓῑ

230 2636 433 2692 iunctus
492 2636 601 2691 fui.
682 2636 911 2692 Sodales
970 2642 1163 2693 autem
1222 2637 1277 2690 h.
1337 2638 1375 2691 1.

228 2714 345 2762 sunt
379 2708 728 2779 quibuscum
783 2709 921 2764 olim
970 2711 1256 2764 militavit.
1305 2737 1374 2747 —

224 2778 403 2850 Saepe]
460 2781 629 2834 Inter
704 2780 909 2835 itinera
976 2787 1033 2836 et
1088 2780 1375 2851 praesidia

222 2850 363 2906 haud
398 2870 539 2907 raro
574 2852 950 2907 militantibus
988 2853 1239 2907 accidere
1275 2870 1372 2921 po·

219 2923 355 2991 tuit,
416 2928 487 2979 ut
550 2922 687 2993 quid
749 2923 999 2978 facerent
1066 2923 1372 2977 nescientes

222 2995 413 3063 quavis
439 2998 574 3050 arte
598 2995 747 3049 diem
773 2996 1043 3049 conficere
1068 2996 1371 3049 studerent.

220 3066 305 3121 Ad
328 3084 421 3121 vv.
449 3071 501 3119 7.
529 3068 572 3119 8
610 3065 863 3120 conferas
900 3066 1079 3121 Carm-
1120 3066 1190 3134 11,
1216 3070 1267 3135 3,
1306 3069 1373 3137 13

219 3142 272 3191 et
306 3156 451 3206 quae
490 3136 571 3191 ad
610 3154 738 3191 eum
774 3139 960 3193 locum
992 3144 1190 3193 notata
1224 3142 1372 3191 sunt.

218 3208 357 3265 Nam
392 3208 826 3264 Malobathrum
860 3209 1083 3279 Syrium
1120 3211 1157 3264 i.
1197 3228 1245 3264 e.
1284 3210 1372 3263 In-

217 3281 401 3335 dicum
438 3280 656 3351 (Carm.
675 3281 747 3350 11,
776 3280 853 3349 11,
882 3281 1019 3351 16.1,
1044 3284 1129 3351 31,
1153 3281 1240 3351 12)
1273 3299 1373 3334 un-

215 3359 487 3423 guentum
540 3358 627 3406 est
674 3370 743 3407 ex
792 3354 1120 3424 cognomine
1168 3352 1377 3408 frutice

217 3442 565 3495 expressum.

285 3497 352 3551 V.
376 3500 431 3551 9.
468 3495 765 3565 Siquidem
789 3496 1174 3551 conviviorum
1210 3501 1376 3566 grata

217 3573 298 3622 est
332 3570 633 3629 memoria,
658 3584 773 3621 non
809 3569 1035 3638 ingrata
1068 3572 1259 3622 tamen
1292 3571 1377 3621 est

218 3642 407 3696 amicis
447 3639 771 3694 recordatio
809 3641 1103 3707 malorum,
1138 3656 1280 3707 quae
1306 3638 1374 3691 si-

216 3712 329 3765 mul
364 3711 627 3782 perpessi
674 3716 829 3779 sunt;
876 3728 1015 3779 quas
1064 3710 1377 3766 contrarias

216 3800 301 3838 res
337 3788 515 3854 poeta
548 3783 786 3837 diversis
810 3782 1055 3852 strophis
1092 3781 1373 3837 distraxit.

220 3884 283 3895 —
318 3854 547 3923 relicta]
586 3852 836 3908 Pessima
879 3860 964 3909 est
1010 3871 1201 3909 eorum
1250 3870 1380 3906 sen·

216 3927 423 3995 tentia,
474 3925 576 3994 qui
623 3924 947 3980 timiditatis
1001 3930 1059 3980 et
1114 3926 1376 3995 ignaviae

216 4004 443 4067 turpem
462 3996 747 4066 quandam
764 3997 1166 4051 confessionem
1188 3996 1245 4049 in
1270 3996 1378 4050 hoc

218 4069 337 4124 loco
374 4069 607 4123 odorati
654 4072 800 4123 sunt.
888 4068 1035 4136 Quid
1072 4068 1263 4123 enim?
1316 4066 1377 4121 Si

218 4158 281 4195 ea
335 4158 478 4196 vera
537 4145 681 4194 esset
735 4142 1037 4203 sententia,
1096 4138 1374 4209 quomodo

217 4212 448 4267 tandem
496 4210 647 4264 idem
682 4211 950 4267 Horatius
986 4212 1166 4282 Epist.
1203 4211 1246 4270 Ι.
1285 4212 1376 4280 20,

218 4286 287 4337 23
322 4300 389 4339 eo
428 4281 702 4352 progredi
748 4284 1022 4353 potuisset
1074 4283 1376 4339 iactantiae

218 4362 274 4410 et
328 4353 711 4423 arrogantiae,
768 4359 833 4408 ut
888 4355 1085 4425 primis
1137 4373 1194 4409 se
1240 4354 1374 4408 olim

216 4426 495 4495 placuisse
526 4425 661 4479 belli
695 4424 929 4480 ducibus
954 4428 1144 4497 palam
1169 4426 1377 4510 gloria·

215 4496 411 4552 retur?
460 4495 575 4551 Sed
620 4496 729 4550 hoc
767 4498 929 4551 dicit:
971 4503 1067 4567 „tu
1114 4498 1253 4552 m1hi
1285 4515 1371 4551 co-

218 4586 333 4623 mes
373 4585 503 4624 eras
542 4568 691 4636 apud
730 4567 1041 4640 Philippos,
1062 4570 1143 4625 ibi
1170 4574 1234 4623 tu
1260 4585 1372 4623 me-

1476 2080 1602 2117 cum
1625 2064 1849 2119 sensisti
1871 2064 2084 2119 cladem
2105 2068 2162 2119 et
2190 2064 2436 2136 fugam“,
2458 2082 2624 2134 quam

1475 2135 1715 2190 Brutum
1777 2136 1978 2204 ipsum,
2028 2140 2329 2205 antequam
2383 2143 2624 2191 mortem

1474 2208 1584 2261 sibi
1621 2208 1802 2274 daret,
1850 2208 2043 2261 amicis
2091 2208 2452 2262 vehementer
2498 2225 2620 2262 sua·

1474 2280 1610 2333 sisse
1649 2280 1867 2333 scimus.
1943 2279 2202 2333 Ceterum
2254 2280 2312 2334 in
2347 2281 2454 2335 hoc
2491 2296 2625 2349 quo-

1474 2368 1583 2419 que
1638 2352 1760 2405 loco
1817 2350 2096 2405 festivitas
2159 2352 2432 2419 quaedam
2485 2352 2626 2405 bene

1472 2423 1724 2477 notanda
1779 2428 1890 2490 est,
1938 2428 1996 2477 et
2039 2423 2226 2477 iocosa
2280 2424 2624 2493 comparatio

1474 2494 1815 2563 Archilochi,
1852 2495 2062 2560 Alcaei,
2100 2496 2486 2561 Anacreontis,
2527 2495 2626 2564 qui

1470 2564 1624 2619 idem
1662 2566 1732 2620 de
1759 2584 1816 2620 se
1851 2566 2105 2621 confiteri
2133 2584 2247 2619 non
2275 2567 2625 2621 dubitarunt.

1475 2636 1646 2691 Docti
1684 2636 1942 2705 Romani,
1981 2638 2078 2706 qui
2118 2638 2218 2691 hos
2253 2656 2447 2692 versus
2478 2638 2624 2709 lege-

1474 2708 1631 2778 bant,
1667 2710 1820 2762 ultro
1849 2709 2168 2763 inciderunt
2197 2710 2258 2763 in
2287 2710 2627 2764 Graecorum

1473 2786 1768 2850 poetarum
1825 2781 2036 2835 similes
2090 2782 2257 2835 locos.
2317 2811 2383 2821 —
2447 2782 2629 2851 Turpe

1471 2853 1640 2906 solum
1698 2852 1918 2922 πείρετε
1971 2852 2170 2923 men-to]
2229 2870 2355 2908 eum
2415 2853 2626 2907 virtute

1472 2923 1585 2977 iam
1622 2924 1764 2977 nihil
1802 2923 2121 2978 efficeretur
2159 2930 2216 2978 et
2255 2942 2460 2995 magna
2487 2942 2619 2994 pars

1472 2994 1906 3049 fortissimorum
1946 2996 2392 3050 commilitonum
2428 2997 2488 3050 in
2523 2997 2618 3050 iis·

1472 3084 1582 3135 que
1617 3066 1827 3120 Brutus
1873 3068 2160 3121 interfecti
2199 3072 2382 3122 essent
2427 3069 2487 3121 in
2525 3068 2625 3121 hu-

1472 3156 1734 3207 mumque
1788 3139 2060 3207 prostrati
2124 3139 2304 3193 minas
2362 3144 2419 3193 et
2481 3140 2624 3193 iram

1473 3211 1646 3263 etiam
1682 3210 1844 3264 vultu
1881 3210 2257 3266 ostenderent.
2297 3210 2364 3265 cf.
2397 3209 2625 3264 Sallust.

1476 3280 1594 3335 Cat.
1635 3282 1720 3335 61.
1802 3282 1982 3352 Turpe
2019 3282 2196 3336 solum
2233 3282 2449 3351 poetice
2486 3281 2621 3335 dici-

1474 3358 1587 3415 tur,
1633 3352 1895 3420 quoniam
1925 3355 1984 3406 in
2019 3372 2083 3408 eo
2112 3354 2333 3408 macula
2365 3354 2540 3407 cladis
2569 3357 2628 3407 et

1473 3424 1844 3493 turpitudinis
1881 3430 2149 3495 concepta
2186 3430 2286 3479 est.
2348 3425 2624 3478 Ludibrio

1474 3500 1662 3550 autem
1708 3513 1800 3549 eos
1845 3496 2084 3562 laedere,
2133 3498 2462 3565 quibuscum
2505 3496 2628 3565 ipse

1475 3572 1846 3637 pugnaverat,
1896 3569 1967 3621 ab
2003 3568 2228 3621 Horatii
2265 3569 2451 3622 animo
2494 3568 2624 3622 alie-

1474 3656 1610 3692 num
1647 3643 1747 3693 est.

1545 3710 1615 3762 V.
1654 3711 1737 3763 13.
1783 3710 2124 3780 Mercurius]
2173 3710 2242 3765 Se
2287 3730 2391 3781 per
2436 3710 2624 3766 hostes

1475 3800 1509 3835 a
1563 3780 1844 3836 Mercurio
1905 3782 2188 3835 sublatum
2249 3784 2329 3837 ait
2385 3784 2421 3837 i.
2471 3801 2518 3837 e.
2569 3801 2628 3837 se

1476 3854 1694 3907 abiecta
1749 3870 1848 3922 spe
1909 3870 2067 3908 arma
2130 3856 2378 3923 posuisse
2441 3858 2498 3908 et
2555 3853 2628 3909 ad

1474 3925 1686 3993 poesim
1733 3924 2067 3995 confugisse,
2112 3925 2352 3979 amicum
2403 3924 2464 3977 in
2507 3924 2624 3979 bel-

1478 3996 1592 4050 lum
1629 4013 1746 4051 esse
1781 4000 2106 4051 retractum.
2160 3997 2340 4050 Carm.
2359 3995 2459 4062 111,
2481 3998 2531 4061 4,
2552 3997 2622 4049 26

1476 4069 1716 4123 salutem
1751 4085 1808 4122 se
1843 4066 2134 4121 Musarum
2170 4068 2383 4122 tutelae
2419 4066 2622 4122 debere

1476 4139 1643 4208 dicit;
1701 4138 2012 4193 Mercurius
2063 4144 2253 4195 autem
2288 4156 2401 4193 non
2439 4138 2624 4192 minus

1477 4216 1662 4266 custos
1709 4215 1794 4266 est
1843 4216 2155 4280 poetarum,
2201 4210 2624 4265 Mercurialium

1474 4283 1729 4337 virorum
1771 4282 1976 4351 (Carm.
2017 4283 2090 4347 11,
2135 4284 2214 4345 17,
2254 4282 2364 4353 29).
2412 4312 2479 4322 —
2519 4299 2626 4353 pa·

1473 4352 1700 4422 ventem]
1747 4359 1982 4423 propter
2029 4352 2280 4409 volatum
2333 4371 2436 4423 per
2485 4354 2626 4408 altas

1474 4425 1668 4492 nubes,
1696 4426 1792 4493 qui
1819 4431 2015 4480 contra
2039 4426 2340 4480 humanam
2364 4430 2626 4481 naturam

1475 4501 1575 4551 est.
1649 4496 1716 4551 cf.
1744 4497 1840 4561 IV,
1875 4500 1928 4565 4,
1961 4500 2012 4550 9.
2083 4496 2386 4551 Praeterea
2430 4504 2624 4553 notan-

1473 4569 1608 4623 dum
1648 4572 1732 4623 est
1767 4568 2050 4623 fictionem
2087 4568 2232 4623 hanc
2273 4586 2390 4623 esse
2419 4568 2620 4624 Home-
