3092 5059
1077 224 1238 290 LIB.
1285 225 1369 290 ΙΙ.
1413 225 1685 292 EPIST.
1731 228 1813 294 ΙΙ.

2520 229 2640 294 601

338 412 816 512 Scriptorum
857 413 1132 490 chorus
1181 414 1430 489 omnis
1476 427 1683 490 amat
1718 441 1991 492 nemus
2031 429 2106 492 et
2151 417 2353 518 fugit
2388 417 2645 509 urbes,

339 538 512 615 Rite
564 539 800 614 cliens
851 539 1134 614 Bacchi
1177 565 1446 614 somno
1500 539 1905 638 gaudentis
1959 555 2027 618 et
2090 544 2400 618 umbra:

336 665 453 738 Tu
509 689 630 739 me
673 664 876 740 inter
927 665 1289 764 strepitus
1335 679 1755 741 nocturnos
1807 682 2037 766 atque
2091 668 2406 766 diurnos

251 823 306 864 so
340 787 482 864 Vis
537 815 831 866 canere·
858 802 934 864 et
985 802 1378 865 contracta
1430 791 1647 890 sequi
1700 792 2025 889 vestigia
2068 795 2379 868 vatum?

341 913 774 1012 Ingenium,
831 913 980 989 sibi
1035 913 1244 1013 quod
1299 941 1579 991 vacuas
1630 917 2053 1013 desumpsit
2105 916 2445 993 Athenas

341 1037 436 1111 Et
489 1037 758 1114 studiis
811 1065 1054 1115 annos
1105 1052 1402 1137 septem
1453 1039 1669 1116 dedit
1720 1041 2207 1140 insenuitque

341 1161 595 1238 Libris
650 1175 724 1239 et
775 1164 1000 1261 curis,
1054 1177 1306 1238 statua
1355 1166 1812 1242 taciturnius
1864 1166 2023 1242 exit

343 1288 810 1389 Plerumque
863 1301 936 1364 et
985 1291 1145 1365 risu
1196 1291 1572 1390 populum
1629 1291 1911 1390 quatit:
1962 1291 2088 1366 hic
2140 1317 2287 1389 ego
2340 1317 2599 1368 rerum

256 1445 308 1486 ss
342 1413 738 1490 Fluctibus
790 1415 867 1489 in
923 1415 1198 1490 mediis
1251 1427 1326 1490 et
1377 1417 1959 1516 tempestatibus
2009 1416 2221 1492 urbis

344 1539 606 1615 Verba
655 1539 870 1639 lyrae
920 1553 1222 1615 motura
1273 1567 1542 1616 sonum
1593 1553 1991 1617 conectere
2048 1542 2370 1640 digner?

341 1664 614 1741 Frater
661 1677 826 1740 erat
875 1667 1165 1742 Romae
1212 1667 1536 1742 consulti
1588 1667 1871 1765 rhetor,
1924 1680 2009 1744 ut
2058 1667 2253 1743 alter

239 1925 420 1994 Epist.
475 1923 520 1988 1,
576 1925 759 1984 6,17.
815 1953 880 1962 -
928 1923 1172 1992 canoros]
1217 1925 1286 1978 A.
1335 1923 1397 1979 Ρ.

243 1997 366 2049 322.
479 1995 711 2048 Certant
765 2011 959 2049 versus
1017 1995 1210 2049 canori
1273 2013 1397 2050 cum

243 2066 373 2120 rudi
418 2067 818 2134 plaustrorum,
865 2065 1143 2134 funerum,
1187 2067 1399 2121 machi-

242 2155 446 2192 narum
483 2138 725 2207 strepitu
765 2139 1249 2208 redemptorisque
1289 2139 1398 2193 cla-

243 2227 415 2264 more.
449 2238 518 2247 —-
554 2209 663 2262 rite
695 2208 880 2278 cliens]
913 2210 1132 2276 merito,
1169 2213 1236 2264 ut
1272 2227 1399 2264 eum

247 2281 423 2344 decet,
476 2280 664 2334 cliens.
737 2280 808 2335 cf.
855 2281 1038 2335 Carm.
1083 2281 1182 2344 111,
1223 2281 1309 2349 25,
1351 2286 1398 2336 1.

248 2382 318 2392 —-
356 2352 658 2421 contracta]
693 2349 786 2406 Sic
819 2371 970 2408 nunc
1005 2370 1132 2408 cum
1155 2352 1399 2422 Keller0,

167 2451 174 2456 ·
243 2423 498 2484 Lehrsio‚
538 2423 816 2494 KriigerO,
852 2424 1228 2486 DoederliniO.
1255 2425 1398 2480 Mffl-

241 2498 380 2557 lero,
444 2495 788 2565 EcksteiniO,
855 2514 922 2551 ex
984 2497 1177 2567 paucis
1237 2497 1398 2551 codd.

240 2567 442 2637 scripsi
467 2571 525 2620 et
548 2567 985 2638 intellegendum
1010 2573 1150 2638 puto
1176 2569 1246 2623 de
1274 2573 1400 2622 arta

241 2640 352 2704 via,
396 2655 506 2707 qua
553 2638 625 2692 ad
659 2638 849 2694 Musas
897 2639 1140 2694 eundum
1177 2645 1289 2706 est;
1327 2640 1398 2694 cf.

241 2712 500 2780 Propert.
537 2709 634 2777 IV,
675 2714 720 2774 1,
767 2714 854 2763 14:
919 2711 1084 2779 „Non
1122 2711 1290 2766 datur
1327 2711 1400 2765 ad

241 2783 431 2838 Musas
483 2798 708 2836 currere
757 2782 873 2837 lata
921 2783 1069 2836 via.“
1140 2783 1399 2837 Alterum

242 2854 394 2923 quod
451 2853 513 2906 in
568 2853 825 2923 plurimis
891 2855 1050 2908 codd.
1113 2859 1399 2925 repertum

239 2929 344 2986 est.
390 2930 658 2982 contacta.
705 2942 820 2978 non
870 2925 1037 2981 facile
1073 2925 1397 2996 explicabis.

241 2996 476 3066 Cruquii
537 2996 908 3064 antiquissim.
967 2999 1090 3053 cod.
1143 3003 1398 3064 cantata,

237 3070 382 3123 alius
440 3069 690 3122 eiusdem
741 3073 1020 3137 cunctata,
1077 3087 1220 3124 unus
1266 3071 1397 3124 Pot-

239 3141 394 3195 tierii
417 3145 684 3206 contemta,
703 3157 846 3194 uuus
867 3139 1107 3194 Bentleii
1129 3141 1397 3210 οἰησίαέας

239 3211 430 3267 omnia
485 3211 576 3265 vel
634 3227 702 3264 ex
765 3228 956 3266 errore
1011 3213 1102 3267 vel
1152 3230 1221 3266 ex
1271 3229 1397 3267 con-

240 3285 459 3338 iectura
505 3283 718 3353 inepta.
766 3311 836 3322 —-·
885 3283 1200 3353 Inyenium]
1255 3285 1400 3339 Nam

241 3356 286 3408 ii
341 3355 538 3421 etiam,
595 3355 806 3422 inquit,
866 3355 1068 3424 quibus
1122 3372 1226 3424 per
1281 3357 1399 3408 lon-

241 3445 377 3497 gum
427 3430 648 3496 tempus
694 3427 754 3479 in
805 3427 927 3480 loco
965 3427 1036 3481 ab
1073 3427 1225 3480 omni
1263 3432 1399 3482 stre·

241 3498 368 3567 pitu
413 3515 592 3552 vacuo
607 3538 621 3565 ,
677 3503 742 3552 ut
789 3501 922 3552 sunt
968 3499 1248 3565 Athenae,
1308 3499 1398 3553 lit-

243 3570 382 3624 teris
428 3573 486 3624 et
531 3569 695 3623 libris
742 3585 972 3638 operam
1031 3570 1166 3623 dare
1221 3569 1400 3636 licuit,

245 3659 314 3695 eo
350 3657 480 3695 raro
519 3641 872 3710 perveniunt.
922 3645 988 3695 ut
1033 3657 1187 3710 spem
1233 3641 1304 3695 de
1341 3659 1400 3695 se

243 3717 458 3766 motam
504 3713 784 3781 expleant,
833 3716 1030 3768 contra-
1075 3712 1220 3766 mira
1262 3711 1400 3767 taci-

243 3785 523 3839 turnitate
549 3784 802 3853 absorpti
827 3785 887 3838 in
910 3784 1200 3853 publicum
1233 3783 1400 3854 prod-

244 3861 386 3910 eunt
420 3861 478 3909 et
513 3856 688 3908 risum
725 3856 976 3910 excitant
1010 3855 1237 3925 populo.
1305 3857 1400 3910 In-

242 3928 465 3996 qenium
509 3943 684 3996 prope
721 3929 966 3996 positum
1016 3933 1102 3982 est
1147 3944 1250 3997 pro
1300 3927 1398 3981 ho-

243 3999 396 4052 mine
471 3998 741 4068 singulari
811 3998 1038 4068 iugenio
1111 3999 1397 4068 praedito,

243 4085 568 4139 quanquam
639 4069 796 4124 aliud
867 4070 1216 4138 exemplum,
1288 4088 1398 4139 quo

240 4141 1134 4282 fftfftfflsfflgsffissztm,
1133 4159 1398 4269 ”5¹12ssssAE

243 4303 517 4354 nusquam
567 4284 862 4353 reperiam.
937 4285 1022 4338 De
1065 4284 1276 4354 plurali
1325 4284 1397 4339 cf.

243 4357 425 4426 Epist.
465 4355 536 4416 11,
577 4359 624 4423 l,
663 4357 750 4409 88.
843 4355 1066 4410 Sueten.
1110 4357 1254 4425 Aug.
1301 4357 1394 4410 89:

245 4428 518 4498 „Ingenia
553 4427 760 4482 saeculi
799 4427 883 4550 suli
887 4426 1180 4551 8omnibus
1215 4427 1399 4482 modis

243 4500 442 4555 fovitf‘
525 4499 607 4553 Id.
646 4497 792 4567 Vesp
1026 4497 1295 4567 „Ingenia
1341 4505 1400 4554 et

245 4575 400 4626 artes
423 4571 516 4626 vel
539 4570 780 4626 maxime
697 4499 964 4626 espfolvgit.
968 4569 1002 4598 ‘⁶
1041 4569 1228 4626 Seneo.
1265 4569 1400 4624 Gon-

1493 1926 1593 1979 sol.
1622 1924 1695 1978 ad
1713 1923 1909 1993 Polyb.
1929 1925 1987 1977 8:
2032 1923 2416 1992 „Intentatum
2443 1921 2644 1978 Roma-

1491 1997 1579 2050 nis
1598 1997 1835 2066 ingeniis
1861 1995 2056 2066 opus.“
2094 1995 2168 2048 id.
2195 1995 2301 2065 Ep.
2328 1997 2388 2048 2:
2431 1993 2645 2064 „Certis

1493 2069 1735 2138 ingeniis
1770 2067 2061 2121 immorari
2097 2071 2156 2121 et
2191 2067 2460 2121 innutriri
2484 2083 2647 2136 opor-

1491 2144 1595 2206 tet,
1630 2139 1676 2192 si
1711 2139 1851 2194 velis
1888 2138 2103 2207 aliquid
2140 2139 2415 2194 trahere.“
2452 2167 2521 2177 —
2553 2153 2645 2192 va-

1490 2209 1645 2280 cuas]
1696 2210 1930 2278 quietas,
1974 2214 2041 2265 ut
2086 2211 2191 2280 Ep.
2238 2210 2282 2278 1,
2334 2213 2384 2278 7,
2435 2211 2521 2262 45.
2577 2239 2643 2248 -

1493 2297 1668 2336 annos
1708 2282 1925 2351 septem]
1960 2281 2134 2337 Recte
2161 2281 2401 2337 Orellius
2437 2281 2647 2349 docuit,

1491 2355 1553 2408 in
1601 2353 1711 2408 hoc
1750 2371 1983 2408 numero
2029 2355 2208 2409 inesse
2249 2353 2509 2408 festivam
2545 2352 2643 2407 ali·

1494 2443 1663 2494 quam
1699 2424 2084 2494 hyperbolum,
2124 2441 2227 2480 nec
2263 2425 2492 2496 proprie
2528 2441 2647 2479 esse

1491 2497 1898 2566 accipiendum,
1936 2497 2095 2566 quasi
2142 2497 2411 2551 Horatius
2446 2496 2540 2550 hic
2576 2496 2646 2549 si-

1491 2567 1789 2639 gnificaret
1836 2573 2013 2624 semet
2058 2569 2239 2638 ipsum
2278 2568 2517 2622 Athenis
2565 2585 2645 2621 se-

1494 2645 1649 2710 ptem
1690 2657 1863 2694 annos
1898 2641 2099 2696 studiis
2124 2640 2358 2694 dedisse.
2388 2669 2455 2678 —-
2479 2639 2646 2707 curis]

1493 2712 1878 2767 meditatione.
1920 2712 2028 2768 Cic.
2066 2711 2227 2766 Tusc.
2254 2711 2321 2780 V,
2346 2713 2436 2779 24,
2462 2713 2551 2766 69.
2579 2739 2646 2750 -

1493 2783 1709 2853 statua]
1750 2783 1851 2837 cfr.
1882 2781 2391 2871 Lucian.1mag.l·
2432 2778 2649 2866 „figat-¹3

1496 2871 1559 2908 σε
1592 2859 1684 2908 καὶ
1719 2856 1835 2956 τῶνι
1876 2849 2215 2923 ἀνδριάντων
2267 2823 2649 2923 ακινηιόιερον

1491 2923 1835 2998 ἀποφανεῖ.ιι

1565 2997 1631 3052 V.
1666 3000 1753 3052 87.
1808 2997 2013 3052 Frater
2076 2998 2216 3065 erat]
2265 2998 2387 3052 Iam
2442 2998 2646 3051 transit

1493 3070 1566 3124 ad
1598 3071 1861 3124 molestas
1894 3069 2184 3123 hominum
2209 3070 2501 3124 doctorum
2526 3087 2647 3123 mu-

1493 3149 1621 3195 tuas
1658 3141 2025 3208 laudationes,
2062 3157 2203 3208 quae
2240 3146 2461 3195 tantum
2487 3141 2648 3194 abest

1493 3216 1560 3267 ut
1578 3213 1847 3272 alliciant.
1872 3217 1937 3266 ut
1956 3212 2277 3266 deterreant
2297 3231 2330 3266 a
2350 3212 2645 3267 scribendo

1494 3302 1640 3352 eum,
1680 3285 1779 3352 qui
1814 3287 1965 3338 recte
2001 3283 2245 3337 scribere
2280 3283 2445 3338 malit
2477 3300 2648 3353 quam

1495 3355 1720 3410 laudem
1758 3355 1867 3409 sibi
1908 3353 2173 3424 colligere
2210 3355 2467 3410 aliorum.
2536 3354 2647 3408 Suo

1494 3433 1684 3482 autem
1746 3443 1902 3482 more
1968 3426 2154 3480 subito
2217 3427 2291 3480 ad
2346 3443 2468 3480 eam
2529 3444 2650 3480 rem

1493 3498 1702 3552 transit
1775 3498 2031 3566 exemplo
2098 3497 2338 3552 duorum
2406 3496 2650 3550 fratrum

1493 3571 1785 3654 proposito
1813 3569 2079 3623 Romanis
2113 3569 2267 3623 haud
2306 3569 2475 3622 dubie
2512 3569 2649 3622 satis

1495 3642 1737 3712 cognito.
1782 3641 2039 3696 Ceterum
2075 3640 2415 3694 Meinekius:
2458 3640 2648 3709 „haec,

1493 3713 1699 3783 inquit.
1726 3713 2223 3783 quotienscumque
2258 3712 2387 3782 legi.
2412 3728 2527 3764 non
2562 3728 2647 3765 re-

1495 3789 1586 3840 cte
1622 3785 1857 3838 dicentis
1903 3789 2104 3853 poetae
2151 3784 2247 3838 sed
2296 3784 2499 3836 misere
2528 3782 2647 3836 bal·

1496 3856 1767 3910 butientis
1804 3855 2117 3910 orationem
2154 3855 2351 3911 audire
2386 3854 2525 3907 mihi
2568 3854 2649 3908 vi-

1495 3945 1587 3982 sus
1624 3945 1765 3982 sum.
1843 3925 1991 3994 Quid
2028 3927 2177 3980 euim
2214 3927 2321 3982 hoc
2360 3930 2467 3979 est.
2540 3925 2648 3980 Ro-

1495 4017 1619 4054 mae
1656 3999 1793 4054 olim
1816 4015 1921 4068 par
1956 3999 2197 4052 fratrum
2237 3998 2364 4065 fuit,
2398 4001 2465 4051 ut
2499 4015 2645 4052 sum-

1493 4072 1603 4125 mis
1643 4087 1702 4124 se
1748 4070 1987 4124 invicem
2033 4069 2291 4125 laudibus
2338 4067 2645 4124 efferrent?

1493 4141 1647 4210 Quae
1689 4158 1803 4196 non
1850 4141 2090 4196 infautia
2142 4141 2365 4225 dicendi
2411 4143 2512 4206 est,
2546 4141 2645 4194 sed

1491 4213 1744 4284 perfecta
1778 4213 2135 4282 perversitas,
2174 4213 2263 4268 cui
2300 4211 2646 4282 mitigandae

1491 4303 1563 4340 ne
1598 4285 1641 4339 ii
1686 4283 1911 4355 quidem
1956 4284 2171 4353 aliquid
2217 4284 2470 4339 attulisse
2519 4300 2644 4338 oen-

1491 4357 1650 4411 sendi
1700 4360 1847 4423 suut,
1899 4355 1995 4424 qui
2046 4355 2277 4416 fratrem
2327 4355 2398 4409 de
2444 4371 2509 4409 eo
2546 4355 2644 4424 qui

1491 4427 1746 4482 fraterno
1771 4444 1963 4482 amore
1976 4432 2127 4482 amat
2142 4427 2642 4496 interpretanturf‘

1493 4499 1693 4570 Itaque
1748 4500 1935 4553 locum
1980 4499 2302 4553 lacunosum
2348 4515 2466 4552 esse
2522 4515 2645 4553 cen·

1495 4571 1611 4626 suit
1646 4587 1900 4640 eumque,
1946 4587 2057 4641 quo
2092 4570 2204 4625 fuit
2250 4571 2397 4626 miro
2431 4570 2645 4642 ingemi
