3092 5059
299 241 424 309 260

1259 237 1721 307 CARMINUM

695 426 901 504 Sicci
951 451 1181 502 mane
1232 425 1380 521 die,
1437 424 1761 501 dicimus
1818 423 2049 521 uvidi,

617 586 669 625 ιο
903 551 1100 628 Οιιιιι
1149 550 1267 626 sol
1319 550 1634 627 Oceano
1688 550 1969 626 subest.

1213 870 1593 957 GARMEN
1656 870 1787 956 VI.

699 1039 912 1137 Dive,
969 1065 1196 1138 quem
1254 1037 1511 1139 proles
1560 1037 1861 1113 Niobea
1910 1062 2237 1134 magnae

703 1164 1108 1240 Vindicem
1160 1163 1473 1260 linguae
1526 1161 1948 1260 Tityosque
1999 1173 2267 1257 raptor

697 1290 946 1367 Sensit
997 1303 1074 1365 et
1125 1287 1404 1364 Troiae
1456 1313 1707 1386 prope
1756 1287 2004 1361 victor
2051 1284 2253 1401 altae

895 1414 1217 1490 Phthius
1271 1410 1637 1508 Achilles,

648 1599 674 1640 ι
711 1563 1005 1642 Ceteris
1057 1563 1324 1658 maior,
1382 1563 1527 1638 tibi
1577 1560 1797 1637 miles
1849 1560 2126 1660 impar,

703 1690 944 1766 Filius
1001 1690 1348 1789 quamvis
1400 1685 1746 1764 Thetidis
1798 1685 2139 1761 marinae

702 1814 1100 1891 Dardanas
1152 1828 1398 1890 turres
1454 1824 1806 1912 quateret
1854 1812 2253 1888 tremenda

911 1937 1254 2034 Cuspide
1306 1962 1638 2034 pugnax,

307 2157 416 2212 dic.
434 2157 535 2210 int.
560 2161 618 2211 et
653 2155 760 2210 dic.
788 2153 939 2209 uvid.
977 2153 1166 2208 eadem
1194 2153 1452 2208 obtinent

307 2246 569 2284 versuum
606 2227 746 2281 looa.
796 2255 861 2266 —
901 2225 1078 2294 uvidi]
1118 2225 1268 2295 apud
1309 2243 1452 2281 oom-

307 2301 671 2371 potationem.
707 2297 780 2353 cf.
820 2297 1001 2350 Carm.
1037 2297 1134 2362 IV,
1177 2299 1224 2365 1,
1261 2297 1349 2350 25.

680 2411 874 2465 Carm
889 2427 968 2465 en
1004 2410 1098 2465 VI.

379 2509 681 2562 Horatium
717 2525 840 2562 cum
879 2526 927 2562 a.
949 2526 1001 2562 ιι.
1021 2525 1068 2562 c.
1091 2509 1194 2562 737
1234 2508 1307 2561 ab
1342 2509 1458 2561 Au-

309 2585 476 2652 gusto
518 2580 696 2634 iussus
734 2595 958 2633 carmen
1003 2579 1286 2634 saeculare
1324 2579 1456 2633 sori-

309 2653 528 2722 psisset,
581 2650 688 2704 hoc
744 2668 965 2705 carmen
1032 2651 1192 2718 quasi
1262 2666 1458 2720 prooe-

309 2724 486 2778 mium
532 2721 766 2776 addidit.
841 2721 985 2776 Nam
1025 2723 1298 2804 scriptum
1345 2739 1460 2776 esse

311 2799 470 2864 patet
517 2792 771 2848 confecto
819 2793 931 2848 iam
980 2794 1227 2848 carmine
1277 2811 1460 2848 saecu·

309 2866 418 2921 lari
463 2865 700 2920 necdum
751 2865 1046 2920 celebratis
1106 2866 1240 2934 ipsis
1296 2865 1459 2920 ludis.

310 2937 538 2992 Etenim
591 2936 776 3004 „idem
832 2936 984 3004 deus,
1031 2937 1219 3004 inquit
1273 2941 1460 3006 poeta,

311 3009 409 3078 qui
455 3009 723 3077 superbos
781 3007 1036 3078 castigat,
1091 3009 1215 3077 pios
1271 3013 1460 3062 autem

313 3096 611 3148 omnesque
650 3080 746 3149 qui
783 3097 945 3134 suum
981 3095 1187 3133 numen
1223 3080 1334 3134 rite
1371 3097 1459 3134 oo-

311 3151 438 3206 lunt
481 3155 702 3206 tutatur
753 3167 820 3206 ae
867 3168 969 3220 per
1015 3150 1365 3206 incommoda
1401 3155 1461 3205 et

311 3223 658 3278 calamitates
689 3222 761 3277 ad
786 3223 1114 3277 felicitatem
1137 3227 1194 3277 et
1221 3223 1462 3292 gloriam

311 3294 586 3364 perducit,
643 3294 799 3348 cuius
852 3293 1036 3348 tutela
1091 3295 1226 3348 urbs
1280 3294 1462 3348 Roma

313 3366 476 3420 condi
511 3366 700 3435 potuit
733 3369 806 3432 (v.
849 3367 958 3432 24),
995 3383 1082 3420 me
1119 3382 1340 3434 quoque
1377 3366 1460 3418 ιιι-

312 3437 472 3492 vabit
506 3438 822 3506 iustamque
858 3437 1092 3491 canendi
1131 3437 1461 3492 facultatem

313 3509 544 3563 tribuet.
616 3509 762 3563 Huic
809 3510 959 3564 enim
1007 3514 1188 3563 artem
1239 3513 1298 3563 et
1346 3508 1461 3561 lau·

312 3579 438 3634 dem
495 3587 778 3648 acceptam
833 3581 1034 3634 refero.
1109 3579 1292 3647 Quare
1345 3597 1463 3646 vos,

312 3652 480 3720 pueri
533 3657 590 3706 et
643 3652 879 3720 puellae,
948 3653 1046 3720 qui
1101 3652 1266 3706 electi
1329 3651 1462 3706 estis

313 3721 386 3776 ad
423 3723 730 3777 canendum
779 3740 1006 3778 carmen
1043 3723 1341 3786 saeculare,
1379 3722 1460 3776 di-

313 3810 426 3863 gna
451 3793 711 3848 carminis
741 3795 854 3849 mei
889 3795 1205 3849 reverentia
1244 3793 1463 3862 impleti

313 3865 424 3919 rite
474 3865 702 3920 laudate
741 3866 1060 3935 Apollinem
1111 3870 1168 3920 et
1204 3865 1463 3932 Dianam,

311 3953 688 4006 magnumque
732 3938 892 3992 vobis
951 3937 1240 3991 obvenisse
1291 3936 1462 3989 1ιοιιο·

315 4024 432 4062 rem
507 4008 739 4074 credite,
817 4007 1286 4089 quemadmodum
1358 4024 1462 4076 ego

315 4078 512 4143 laetor,
562 4079 712 4149 quod
747 4080 899 4134 inter
944 4097 1135 4134 omnes
1183 4079 1279 4148 qui
1315 4095 1461 4132 oom-

314 4167 578 4219 ponerem
651 4167 874 4206 carmen
946 4150 1148 4220 dignus
1236 4148 1462 4203 habitus

315 4237 454 4274 sum.
458 4222 491 4251 “
561 4221 720 4276 Duae
779 4225 912 4276 sunt
975 4221 1140 4275 huius
1199 4221 1461 4274 carminis

314 4299 530 4362 partes3
602 4297 996 4362 argumentum
1059 4292 1305 4361 positum
1374 4295 1460 4345 est

317 4364 528 4432 partim
589 4363 648 4417 ιιι
705 4381 772 4418 ea
831 4365 1112 4418 sententia
1177 4379 1320 4432 quae
1377 4367 1464 4416 est

317 4379 500 4488 Carm.
521 4434 594 4502 11,
622 4435 706 4498 10,
735 4435 958 4501 18-28,
995 4434 1202 4504 partim
1242 4435 1302 4488 in
1333 4449 1462 4488 oon-

317 4505 552 4586 seientia
580 4474 792 4560 'favoris
829 4505 1076 4561 eiusdem
1112 4505 1221 4569 dei,
1265 4505 1326 4559 in
1370 4521 1462 4559 cu-

315 4574 404 4629 ius
439 4575 706 4631 honorem
741 4577 859 4632 ludi
891 4577 1261 4633 celebrantur.
1325 4575 1460 4629 Fue-

1543 3935 1699 3987 ’θεοῦ
1747 3935 1799 3988 δ’
1846 3930 1971 4003 ὕπο,

1556 2154 1705 2211 runt.
1743 2151 1842 2221 qui
1878 2168 1930 2204 v.
1972 2153 2039 2204 29
2077 2150 2305 2206 initium
2339 2153 2475 2206 novi
2512 2152 2711 2207 earmi-

1556 2224 1642 2276 nis
1700 2222 1965 2284 facerent,
2036 2223 2447 2292 Pmlkampius
2515 2241 2711 2278 versus

1558 2297 1737 2348 7—10
1793 2299 1851 2348 et
1907 2300 2174 2362 quattuor
2230 2300 2508 2350 extremas
2567 2299 2712 2350 stro-

1556 2364 1695 2434 phas
1724 2365 1941 2436 spurias
1968 2365 2181 2432 habuit,
2210 2365 2497 2435 Gmppius
2533 2384 2717 2436 nuper

1558 2454 1623 2492 eo
1670 2454 1998 2508 progressus
2042 2443 2128 2492 est
2161 2437 2448 2506 audaciae,
2496 2443 2565 2492 ut
2600 2439 2720 2493 Ho-

1557 2509 1705 2562 ratio
1762 2527 1833 2563 ex
1877 2513 2001 2564 toto
2046 2509 2293 2564 carmine
2344 2509 2491 2562 nihil
2540 2510 2712 2564 relin-

1560 2586 1759 2648 queret
1792 2580 1902 2633 nisi
1938 2581 2181 2650 primam
2216 2579 2506 2650 stropham
2534 2586 2593 2635 et
2628 2598 2711 2636 se·

1560 2651 1825 2720 ptimam3
1864 2650 2140 2706 Linkerus
2160 2657 2357 2706 contra
2375 2669 2545 2706 unam
2567 2657 2713 2707 stro—

1559 2723 1730 2792 pham
1766 2724 2063 2792 septimam
2098 2724 2159 2776 in
2204 2724 2571 2792 suspicionem
2616 2739 2714 2778 vo-

1560 2795 1726 2848 cavit.
1798 2794 1967 2849 Vides
2004 2812 2173 2863 quam
2210 2795 2423 2849 incerta
2462 2794 2577 2849 sint
2612 2795 2713 2849 ho-

1560 2884 1687 2920 rum
1743 2866 2069 2920 criticorum
2121 2866 2347 2934 iudicia,
2404 2883 2575 2933 quam
2628 2866 2713 2920 lu-

1560 2936 1718 2991 brica
1754 2954 1821 2992 ac
1856 2937 2063 2992 debilia
2108 2955 2301 2992 eorum
2359 2941 2719 3006 argumenta,

1562 3009 1659 3076 qui
1714 3009 1992 3063 communi
2042 3009 2227 3064 studio
2285 3009 2343 3063 ιιι
2398 3010 2718 3065 contrarias

1562 3084 1751 3149 partes
1864 3084 2048 3135 antur.

1634 3150 1695 3205 V.
1731 3154 1776 3204 1.
1880 3152 2054 3220 iobea]
2095 3151 2166 3206 cf.
2202 3151 2365 3206 Hom.
2401 3150 2468 3204 11.
2506 3151 2721 3222 XXIV,

1562 3223 1667 3275 602
1708 3238 1829 3290 sqq.
1889 3221 2051 3278 Ovid.
2089 3221 2235 3278 Met.
2263 3222 2355 3291 VI,
2396 3224 2517 3277 148.
2604 3223 2723 3280 cie.

1562 3293 1722 3348 Tuso.
1776 3292 1875 3355 111,
1932 3295 2019 3358 26,
2066 3297 2152 3348 63.
2227 3293 2363 3348 Tria
2416 3295 2723 3364 superbiae

1562 3365 1818 3434 exempla
1864 3334 2158 3434 particulis
2206 3381 2334 3434 que,
2379 3371 2431 3421 et
2482 3367 2725 3422 coniun-

1562 3441 1653 3491 cta
1690 3441 1835 3498 sunt,
1885 3441 1951 3490 ut
1998 3437 2333 3506 saepissime.
2418 3437 2491 3492 cf.
2532 3437 2609 3492 ad
2644 3439 2722 3508 11,

1566 3509 1649 3574 10,
1688 3509 1739 3562 9.
1812 3507 1893 3562 De
1930 3506 2095 3578 Tityo
2131 3507 2261 3562 vide
2314 3508 2385 3562 ad
2423 3509 2611 3564 Carm.
2647 3511 2727 3581 11,

1568 3581 1648 3643 14,
1674 3581 1724 3632 8.
1748 3595 2003 3648 —prope
2027 3527 2229 3650 victor]
2268 3579 2399 3635 vide
2435 3580 2509 3634 ad
2534 3551 2727 3638 Carm.

1564 3619 2195 3718 111’‚17,9;00nf0m
2232 3650 2397 3734 Verg.
2441 3655 2584 3707 Aen.
2624 3653 2729 3724 VI,

1566 3723 1635 3775 56
1658 3738 1777 3790 sqq.
1809 3749 1875 3760 -—
1900 3721 2067 3792 altae]
2112 3717 2266 3787 atavi,
2305 3735 2371 3776 ut
2406 3724 2571 3778 Hom.
2612 3695 2729 3780 Od.

1562 3791 1821 3860 111,130.
1882 3821 1953 3832 —
2008 3794 2211 3862 impar]
2258 3793 2429 3882 Soph.
2476 3795 2724 3852 Philoct.

1564 3865 1693 3918 334.
1812 3868 2134 3948 „Tg-<imur
2200 3862 2407 3952 ἇνδρος
2475 3863 2725 3938 οὐδενὸς,

2024 3934 2285 3997 Τοξευτὸς
2330 3934 2407 3997 ὥς
2442 3941 2726 4009 λέγουσιν,

1565 4007 1627 4058 ἐκ
1662 4011 1873 4072 Φοίβου
1900 4007 2149 4077 δαμείς-(ι
2176 4037 2243 4047 -
2270 4009 2541 4081 quamvis]
2580 4011 2729 4068 Vide

1564 4077 1637 4132 ad
1689 4077 1871 4131 Carm.
1919 4076 1963 4144 1,
2012 4077 2097 4142 28,
2155 4083 2238 4134 13.
2280 4109 2347 4120 --
2386 4081 2723 4155 Dardanas]

1564 4147 1649 4202 De
1697 4147 1961 4202 adiectivi
2010 4149 2195 4204 forma
2239 4151 2371 4206 vide
2422 4153 2495 4208 ad
2534 4153 2724 4210 Carm.

1562 4219 1659 4286 IV,
1686 4221 1737 4287 5,
1767 4221 1812 4272 1.
1866 4217 2007 4273 Tam
2042 4219 2139 4274 diu
2172 4227 2345 4304 poeta
2380 4222 2443 4277 in
2476 4225 2726 4282 Achillis

1564 4295 1747 4344 morte
1768 4306 1837 4344 ao
1854 4288 2188 4347 fortitudine
2208 4293 2564 4365 immoratur,
2585 4299 2727 4366 quia

1565 4361 1783 4417 Achille
1816 4361 2048 4430 gravior
2084 4362 2262 4418 hostis
2295 4383 2411 4420 non
2444 4367 2559 4422 fuit
2583 4367 2725 4424 Tro-

1562 4432 1723 4500 ianis,
1761 4432 1857 4500 qui
1894 4432 1941 4486 si
1968 4432 2229 4490 diruisset
2264 4437 2465 4492 urbem
2502 4456 2725 4496 omnes·-

1564 4521 1673 4571 que
1718 4503 1945 4570 incolas,
2000 4505 2173 4560 etiam
2228 4507 2475 4564 infantes
2533 4528 2725 4568 necas-

1562 4579 1673 4642 set,
1729 4575 1863 4628 urbs
1918 4573 2097 4630 Roma
2154 4595 2267 4631 non
2332 4573 2563 4648 poterat
2616 4602 2722 4639 un-
