3092 5059
455 232 582 299 460

1407 231 1906 301 SATIRARUM

471 456 524 495 so
559 420 741 497 Sive
787 422 1048 519 gravis
1101 424 1340 499 veteri
1395 437 1740 500 craterae
1789 422 2021 497 limus
2073 420 2448 497 adhaesit.

552 546 853 621 Vilibus
905 548 986 622 in
1038 548 1312 647 scopis,
1367 549 1448 625 in
1501 547 1826 647 mappis,
1882 548 1963 622 in
2016 546 2247 622 scobe
2290 556 2623 645 quantus

557 670 921 747 Consistit
970 685 1312 772 sumptus
1331 673 1370 747 ⁴?
1419 672 1814 772 neglectis,
1868 671 2249 769 flagitium
2298 669 2595 769 ingens.

558 794 724 907 Ten
773 794 1076 893 lapides
1128 798 1382 873 varios
1433 797 1811 874 lutulenta
1852 796 2129 873 radere
2176 794 2439 893 palma

559 917 655 991 Et
707 919 976 1019 Tyrias
1032 919 1218 997 dare
1275 921 1565 996 circum
1615 920 1857 997 inlota
1898 919 2175 996 toralia
2226 932 2496 1015 vestes,

476 1073 526 1114 su
565 1041 934 1141 Oblitum,
992 1059 1276 1146 quanto
1331 1071 1597 1121 curam
1648 1058 2191 1147 sumptumque
2239 1045 2619 1119 minorem

558 1166 779 1243 Haec
822 1170 1181 1265 habeant,
1225 1183 1436 1245 tanto
1490 1170 1959 1271 reprehendi
2008 1170 2277 1246 iustius
2326 1167 2505 1263 illis,

562 1290 782 1385 Q'uae
829 1294 979 1369 nisi
1032 1293 1392 1369 divitibus
1443 1308 1831 1394 nequeant
1880 1294 2326 1391 contingere
2378 1290 2660 1368 mensis
2679 1286 2770 1362 ?“

559 1416 801 1493 Docte
857 1420 1048 1515 Cati,
1101 1444 1245 1518 per
1295 1420 1711 1495 amicitiam
1766 1419 2143 1519 divosque
2193 1430 2507 1517 rogatus

558 1542 862 1619 Ducere
913 1570 1038 1620 me
1085 1544 1453 1639 auditum,
1507 1570 1787 1645 perges
1840 1568 2347 1644 quocumque,
2401 1554 2813 1619 memento,

477 1705 530 1744 so
559 1666 759 1741 Nam
813 1670 1164 1767 quamvis
1213 1668 1507 1745 referas
1558 1669 1887 1745 memori
1924 1668 2121 1744 mihi
2169 1681 2487 1769 pectore
2538 1682 2837 1763 cuncta,

527 1792 734 1869 'Non
785 1805 1040 1868 tamen
1093 1793 1472 1891 interpres
1525 1794 1979 1871 tantundem
2028 1794 2341 1869 iuveris.

457 2000 802 2064 'vetustatem
851 2010 1098 2077 pretioso
1146 2011 1244 2066 sed
1279 2012 1619 2067 adhaerente

465 2080 601 2135 limo
639 2080 970 2135 deformato.
1007 2081 1080 2136 cf.
1121 2082 1237 2137 Sat.
1261 2083 1305 2152 1,
1333 2086 1383 2151 3,
1419 2086 1507 2137 91.
1545 2084 1617 2147 ΙΙ,

465 2154 518 2219 3,
557 2153 641 2207 21.
727 2151 919 2222 Pauly.
973 2153 1200 2209 Linker.
1245 2154 1444 2210 Lehrs.
1487 2172 1615 2209 cum

466 2223 713 2292 Gruquio
749 2241 819 2278 ex
837 2222 1032 2278 Bland.
1065 2227 1444 2281 vetustissimo
1481 2228 1614 2282 scri-

463 2300 701 2365 pserunt
733 2300 1012 2364 creterrae,
1059 2298 1212 2366 quod
1259 2299 1317 2352 in
1363 2298 1615 2353 adnotat.

465 2368 638 2422 etiam
691 2366 965 2421 Miillerus
1023 2369 1292 2423 laudavit.
1399 2370 1617 2424 Eadem

465 2438 648 2520 forma
680 2444 898 2493 cratera
938 2456 992 2493 v.
1019 2446 1224 2495 cratera
1249 2444 1468 2511 (graece
1492 2460 1615 2509 κρη-

465 2514 582 2578 τηρ)
617 2514 844 2579 reperta
887 2515 970 2565 est
1015 2511 1165 2581 apud
1202 2514 1359 2567 Arat.
1400 2514 1458 2566 in
1504 2514 1615 2568 Cic.

466 2582 595 2636 Nat.
631 2580 700 2635 D.
736 2580 807 2641 11.
848 2584 940 2635 44:
1026 2582 1125 2652 „In
1161 2583 1454 2653 medioque
1489 2586 1615 2639 sinu

466 2653 548 2706 ful
593 2670 688 2706 ens
727 2652 958 2707 Cratera
989 2654 1252 2710 relucet.“

589 2764 602 2777 .
644 2726 733 2777 81.
789 2722 981 2778 vilibus·
1034 2724 1096 2780 in
1156 2727 1362 2796 scopis]
1425 2728 1614 2782 Etiam

465 2796 712 2849 minimis
733 2794 900 2849 rebus
919 2814 1122 2866 magna
1145 2798 1464 2853 adhibenda
1481 2816 1617 2853 cura

465 2871 568 2932 est,
605 2883 676 2920 ne
711 2867 962 2921 convivis
998 2868 1286 2923 fastidium
1328 2871 1616 2925 exoriatur

465 2937 752 3007 neglectis.
793 2966 859 2977 --
905 2939 1080 3009 scobe]
1131 2941 1274 3011 „Hic
1321 2942 1504 2995 scobis
1560 2947 1618 2995 et

467 3009 606 3063 haec
621 3008 816 3063 scobes
851 3009 1059 3066 dicitur
1083 3030 1280 3067 rasura
1308 3030 1615 3079 serrarum3

465 3079 565 3134 sed
612 3079 707 3135 hic
749 3096 854 3149 pro
898 3085 1052 3137 omni
1101 3089 1474 3155 purgamento
1519 3085 1615 3139 do-

465 3168 590 3205 mus
615 3152 899 3221 ponitur.“
939 3154 1147 3209 Oomm.
1170 3156 1336 3225 Cruq.
1357 3186 1422 3196 —
1441 3172 1614 3225 quan-

467 3224 581 3291 tus]
617 3240 784 3292 quam
829 3241 1057 3292 parvus.
1095 3256 1160 3267 -·
1197 3227 1440 3297 mappis]
1487 3228 1618 3282 vide

465 3294 540 3347 ad
578 3295 692 3349 Sat.
719 3295 791 3353 11.
833 3298 884 3360 8,
929 3299 1018 3353 63.
1056 3326 1121 3337 -
1159 3300 1373 3368 lapides
1405 3300 1616 3369 varios]

465 3365 648 3434 Epist.
703 3366 748 3433 I,
815 3370 896 3435 10,
957 3370 1046 3437 193
1099 3375 1186 3424 est
1233 3372 1617 3439 pavimentum

465 3438 837 3498 tessellatum.
907 3441 1336 3497 vermiculatum
1351 3484 1365 3511 ,
1423 3442 1619 3497 sectile

465 3507 934 3579 (Mosaikboden).
991 3540 1054 3551 -
1117 3514 1338 3583 toralia]
1387 3514 1616 3569 Becker.
1675 3509 1685 3519 ”

467 3579 612 3664 Gall.
649 3581 718 3633 11.
757 3598 812 3651 p.
859 3584 984 3636 1492
1080 3583 1218 3651 „Die
1265 3585 1396 3641 lecti
1439 3586 1618 3639 tricli-

465 3668 650 3706 mares
675 3670 864 3707 waren
887 3654 1126 3725 niedrig.
1154 3674 1268 3711 was
1289 3676 1422 3712 men
1445 3658 1617 3712 echon

463 3723 670 3777 daraus
691 3724 990 3779 schliessen
1025 3726 1191 3795 kann,
1227 3728 1354 3783 dass
1389 3732 1617 3783 siimmt—

465 3794 614 3849 liche
659 3796 884 3863 Tische,
937 3798 1147 3852 welche
1191 3800 1310 3854 sich
1365 3801 1456 3855 hie
1501 3800 1619 3855 und

465 3866 540 3919 da
573 3866 858 3936 gesunden
905 3868 1105 3936 haben,
1151 3870 1466 3927 bedentend
1502 3874 1617 3927 nie-

464 3938 660 4021 driger
699 3937 841 4006 sind,
885 3939 970 3993 als
1018 3940 1112 3995 die
1155 3944 1438 4013 unsrigen.
1511 3944 1617 3999 Ue-

464 4009 692 4079 bngcns
727 4010 989 4065 mochten
1035 4014 1118 4067 sie
1165 4032 1278 4069 von
1325 4016 1619 4069 derselben

465 4079 914 4135 Beschaffenheit
947 4084 1083 4152 sein,
1120 4086 1224 4140 wie
1258 4085 1352 4140 die
1395 4086 1618 4141 cubicu-

467 4151 631 4233 lares,
668 4150 724 4205 d.
761 4151 816 4205 h.
853 4153 960 4207 mit
995 4156 1210 4211 Gurten
1255 4159 1369 4213 und
1414 4158 1624 4213 darauf

465 4222 778 4305 liegendem
817 4224 1054 4287 Polster‚
1105 4228 1248 4283 iiber
1283 4229 1382 4283 das
1419 4231 1620 4299 prach-

465 4298 586 4363 tige
619 4294 970 4363 gewiihnlich
1006 4300 1448 4371 purpurfarbige
1474 4301 1620 4355 Dek—
1652 4305 1655 4308 ’

466 4364 576 4419 ken
629 4366 910 4436 gebrcitet
965 4370 1214 4424 wurden.
1323 4372 1374 4427 N
1375 4373 1621 4428 atiirlich

466 4436 601 4491 fand
667 4456 798 4492 man
863 4440 997 4494 aber
1061 4442 1184 4497 hier
1247 4443 1392 4498 noch
1459 4444 1621 4499 mehr

467 4508 899 4579 Veranlassung,
925 4510 1016 4566 die
1053 4514 1294 4569 reichste
1317 4514 1528 4571 Pracht
1551 4534 1621 4570 zu

465 4580 740 4635 entfalten
779 4581 895 4637 und
941 4582 1116 4652 daher
1157 4585 1384 4653 werden,
1427 4586 1622 4659 haufig

2444 1791 2677 1869 Adde

1712 2012 1870 2067 nicht
1914 2030 2024 2067 nur
2058 2011 2257 2079 aerati,
2304 2009 2546 2066 sondem
2592 2009 2867 2080 argentei,

1711 2084 2011 2138 testudinei
2053 2086 2321 2153 genannt.
2410 2080 2535 2135 Von
2571 2078 2681 2135 den
2718 2080 2865 2135 Dek-

1710 2156 1836 2224 ken,
1872 2154 2083 2211 welche
2126 2154 2371 2209 dal-iiber
2405 2152 2687 2223 gebreitet
2716 2170 2865 2205 wur-

1710 2227 1818 2281 den
1831 2268 1845 2296 ,
1903 2226 2028 2281 sind
2073 2224 2351 2280 durchaus
2400 2243 2468 2278 zu
2524 2224 2869 2279 antei-schei-

1708 2298 1819 2353 den
1852 2298 1947 2353 die
1990 2297 2245 2352 toralia.“
2284 2314 2340 2365 p.
2382 2298 2509 2350 150:
2586 2296 2701 2363 „Es
2751 2296 2869 2365 (die

1710 2368 1936 2440 toralia)
1997 2369 2123 2423 sind
2176 2368 2470 2439 Behfinge,
2525 2368 2633 2421 mit
2686 2366 2869 2423 denen

1709 2440 1809 2495 der
1860 2441 2037 2496 lectus
2092 2456 2205 2494 von
2259 2440 2385 2494 dem
2439 2444 2599 2493 torus
2658 2455 2732 2492 an
2782 2439 2871 2494 bis

1708 2530 1836 2567 zum
1858 2512 2183 2567 Fussboden
2216 2511 2500 2567 bekleidet
2534 2510 2699 2575 wir-d,
2736 2528 2869 2579 pro-

1708 2588 2011 2653 ponuntur,
2048 2582 2163 2637 und
2200 2582 2375 2638 daher
2410 2586 2536 2653 sagt
2572 2581 2718 2635 auch
2758 2581 2869 2636 Ho-

1708 2674 1803 2709 raz
1866 2656 2076 2710 circum
2127 2655 2324 2723 Tyrias
2388 2658 2571 2708 vestes
2631 2652 2867 2723 (purpu-

1707 2745 1867 2782 reum
1912 2725 2128 2796 torum)
2175 2726 2311 2781 dare
2363 2726 2541 2779 inlota
2604 2724 2871 2779 toralia.“

1710 2799 1781 2853 cf.
1830 2799 2011 2868 Epist.
2058 2797 2099 2865 1,
2145 2800 2197 2859 5,
2246 2798 2333 2849 22.
2388 2826 2453 2836 —
2498 2796 2703 2864 halom]
2752 2796 2869 2849 Alii

1710 2875 1775 2925 ut
1826 2870 2071 2935 Holder„
2122 2868 2383 2935 Fritsch„
2444 2866 2732 2921 Eckstein.
2800 2886 2869 2923 ex

1710 2941 1939 3011 optimis
1984 2940 2142 2995 codd.
2195 2941 2395 2994 inluta.
2476 2938 2762 3007 Gruquius
2798 2938 2869 2995 de

1709 3014 1817 3068 hac
1850 3012 2188 3080 antiquiore,
2214 3016 2279 3065 nt
2312 3009 2554 3077 videtur,
2578 3010 2767 3065 forma
2796 3011 2867 3065 nd

1710 3084 1859 3139 hunc
1896 3086 2080 3138 locum
2116 3083 2189 3138 de
2234 3082 2349 3136 suis
2398 3082 2687 3137 codicibus
2722 3082 2871 3135 nihil

1712 3156 2021 3221 adnotavit,
2057 3154 2155 3209 sed
2192 3155 2264 3208 ad
2290 3152 2406 3208 Sat.
2428 3153 2501 3221 11,
2522 3155 2579 3220 8,
2606 3155 2707 3207 52:
2750 3154 2867 3221 „in-

1709 3228 1872 3295 lutos,
1910 3228 1991 3281 sic
2024 3227 2084 3280 in
2120 3226 2281 3280 codd.
2320 3224 2581 3279 Blandin.
2622 3230 2683 3279 et
2718 3225 2867 3287 aliis,

1712 3316 1851 3368 quos
1886 3303 2108 3353 secutus
2146 3314 2268 3352 sum
2300 3302 2535 3367 propter
2560 3297 2867 3365 antiqnita-

1710 3370 1879 3425 tem.“
1966 3370 2089 3424 Non
2129 3370 2263 3423 licet
2298 3384 2607 3438 provocare
2646 3367 2717 3421 ad
2756 3367 2868 3421 for·

1712 3460 1829 3496 mas
1884 3442 2116 3504 ablutus,
2168 3442 2438 3509 prolutus,
2489 3440 2689 3507 elam,
2733 3456 2871 3509 quo-

1712 3514 1863 3567 nia'm
1900 3514 2004 3567 hae
2028 3513 2305 3582 originem
2332 3510 2544 3566 ducunt
2581 3528 2650 3565 ex
2680 3511 2869 3565 verbis

1712 3586 1941 3653 abluere,
1972 3586 2239 3655 proluere,
2276 3584 2473 3651 εῖναι-ες
2530 3581 2738 3636 inlotus
2770 3600 2867 3653 ‘an-

1710 3661 1825 3711 tem
1862 3656 2233 3724 compositum
2280 3658 2367 3707 est
2410 3670 2479 3708 ex
2515 3654 2580 3707 in
2624 3658 2687 3707 et
2724 3654 2870 3707 lotus

1712 3728 1984 3793 (Martial.
1998 3728 2068 3795 X,
2087 3730 2171 3794 11,
2192 3728 2252 3778 ⁴7:
2276 3725 2489 3792 „lotam
2514 3730 2717 3793 terque
2736 3742 2869 3793 qua-

1712 3808 1909 3868 terque
1945 3799 2187 3869 togam.“
2222 3795 2753 3865 Plin.N.H.xxlv,
2780 3800 2869 3849 11:

1714 3888 1891 3941 „pure
1925 3870 2059 3925 lotis
2095 3868 2409 3939 pedibus“).
2433 3897 2500 3907 —
2520 3866 2867 3937 reprehendi]

1715 3944 1953 4011 „Sensus
2000 3947 2107 3996 est:
2166 3940 2365 3994 iustius
2422 3938 2871 4009 reprehenderis,

1714 4016 1761 4069 si
1796 4032 1909 4069 non
1946 4013 2208 4067 habueris
2243 4012 2396 4066 domi
2420 4010 2609 4065 omnia
2640 4010 2869 4077 munda,

1714 4104 1859 4155 quae
1899 4086 2131 4139 minoris
2168 4087 2445 4139 constant.
2486 4099 2657 4150 quam
2694 4082 2743 4136 si
2780 4082 2869 4136 de-

1716 4158 1929 4212 fuerint
1964 4156 2073 4211 tibi
2120 4155 2355 4225 pretiosi
2396 4155 2577 4224 pisces
2622 4158 2685 4208 et
2728 4154 2869 4223 opti·

1710 4248 1805 4283 ma
1861 4230 2020 4294 vina,
2076 4244 2219 4296 quae
2274 4242 2387 4279 non
2435 4226 2617 4279 solent
2662 4224 2869 4280 habere

1713 4301 1821 4354 nisi
1858 4316 2079 4353 mensae
2116 4298 2409 4353 divitum.“
2454 4296 2667 4350 Comm.
2706 4298 2868 4365 Cruq.

1714 4400 1781 4411 —
1838 4370 2160 4425 tantundem
2209 4369 2435 4437 iuveris]
2484 4385 2653 4437 quam
2702 4370 2751 4422 si
2802 4368 2870 4421 ad

1713 4444 1891 4512 ipsum
1934 4459 2025 4496 me
2062 4441 2314 4508 duxeris3
2364 4456 2541 4509 quare
2570 4440 2719 4495 adde
2752 4440 2867 4493 vnl-

1714 4520 1835 4569 tum
1872 4514 2241 4583 habitumque
2264 4512 2507 4567 hominis
2532 4517 2642 4567 cet.
2666 4540 2734 4551 —-
2752 4513 2869 4567 bea-

1714 4586 1825 4655 tus]
1862 4586 2075 4645 ironice
2110 4584 2339 4652 dictum,
2382 4588 2449 4638 ut
2480 4590 2681 4659 postea
2724 4582 2869 4641 idem
