3092 5059
1540 60 1572 71 -σ

1411 77 1503 103 “¹¹'‘

1126 232 1290 297 LIB.
1335 232 1418 297 11.
1461 230 1647 298 SAT.
1694 231 1815 297 111.
2542 234 2667 297 453

367 417 628 517 Atque
681 417 911 494 etiam
962 419 1355 515 insanum3
1405 430 1701 495 tantum
1749 418 1901 494 hoc
1937 418 2291 513 edissere,
2352 444 2504 518 quo
2542 445 2667 495 me

369 542 804 641 Aegrotare
851 557 1075 645 putes
1125 545 1366 619 animi
1417 544 1629 622 vitio.
1736 545 2111 642 „Accipez
2167 543 2502 641 primum

373 667 782 763 Aedificas,
831 669 982 744 hoc
1035 683 1171 765 est,
1225 668 1498 769 longos
1541 670 1865 745 imitaris
1917 669 2018 745 ab
2059 668 2217 743 imo

363 791 494 867 Ad
545 818 927 869 summum
978 807 1184 870 totus
1238 794 1540 871 moduli
1590 792 1995 893 bipedalia,
2050 806 2127 869 et
2172 792 2383 869 idem

257 950 340 991 810
367 915 716 1018 Corpore
766 909 1139 994 maiorem
1191 917 1400 994 rides
1452 918 1839 994 Turbonis
1889 918 1970 992 in
2024 916 2257 993 armis

363 1042 733 1141 Spiritum
788 1055 866 1119 et
914 1042 1326 1119 incessum:
1380 1042 1511 1142 qui
1566 1041 1941 1119 ridiculus
1993 1041 2244 1117 minus
2294 1039 2485 1117 illo?

363 1168 491 1242 An
522 1166 1064 1267 quodcumque
1108 1167 1296 1242 facit
1324 1168 1749 1262 Maecenas,
1784 1178 1861 1241 te
1903 1190 2211 1267 quoque
2248 1190 2513 1241 verum
2552 1178 2664 1241 est

361 1292 692 1369 Tantum
745 1291 1195 1367 dissimilem
1247 1303 1324 1367 et
1365 1303 1579 1366 tanto
1635 1304 1931 1367 certare
1980 1289 2412 1366 minorem?

362 1415 730 1493 Absentis
777 1441 1014 1493 ranae
1063 1415 1298 1514 pullis
1351 1416 1577 1492 vituli
1627 1415 1831 1513 pede
1878 1416 2163 1515 pressis

254 1574 338 1615 ωε
361 1542 574 1621 Unus
620 1542 758 1619 ubi
809 1542 1106 1641 effugit,
1159 1542 1388 1617 matri
1443 1541 1825 1638 denarrat,
1880 1554 1964 1616 ut
2012 1540 2287 1639 ingens

357 1667 603 1745 Belua
655 1680 1019 1765 cognatos
1075 1667 1396 1745 eliserit:
1451 1667 1591 1743 illa
1637 1692 1935 1765 rogare,

362 1793 818 1886 Quantane?
862 1792 1068 1869 Num
1117 1806 1438 1891 tantum,
1487 1793 1810 1869 sufflans
1856 1818 1959 1889 se,
2015 1817 2297 1890 magna
2346 1792 2661 1869 fuisset?

359 1917 658 2014 „Maior
693 1916 1090 1996 dimidi0.“
1149 1918 1401 2016 „Num
1435 1914 1830 1996 tantum?“
1882 1918 2081 1997 Cum
2128 1917 2378 2015 magis
2430 1930 2665 2017 atque

359 2043 461 2121 Se
512 2044 760 2143 magis
809 2044 1151 2122 inflaret:
1205 2044 1328 2141 „N
1331 2071 1453 2142 on,
1507 2046 1577 2121 si
1623 2057 1699 2119 te
1748 2038 2126 2143 ruperis,“
2174 2044 2451 2140 inquit,

256 2202 333 2243 320
360 2168 564 2265 „Par
617 2169 790 2245 eris.
798 2165 844 2205 ‘⁴
943 2169 1160 2247 Haec
1210 2198 1256 2247 a
1305 2184 1383 2247 te
1431 2195 1592 2245 non
1647 2168 1975 2245 multum
2026 2167 2328 2244 abludit
2375 2167 2658 2263 imago.

359 2292 595 2370 Adde
643 2306 1005 2391 poemata
1054 2321 1279 2392 nunc,
1340 2296 1490 2370 hoc
1536 2305 1670 2390 est,
1720 2293 1976 2369 oleum
2024 2291 2226 2369 adde
2264 2293 2617 2387 ‚camin03

359 2419 580 2510 Quae
629 2418 695 2493 si
745 2419 918 2518 quis
971 2446 1198 2495 sanus
1252 2419 1463 2513 facit,
1518 2431 1594 2494 et
1645 2444 1873 2493 sanus
1925 2417 2161 2493 facies
2211 2429 2319 2493 tu.

354 2542 532 2619 Non
554 2542 727 2618 dico
759 2542 1227 2620 horrendam
1248 2539 1618 2621 rabiem.“
1654 2540 1873 2639 „Iam
1901 2539 2242 2619 desine.“
2294 2541 2660 2637 „Cultum

355 2666 735 2745 Maiorem
788 2664 1096 2745 censu.“
1148 2668 1516 2765 „Teneas,
1570 2668 2060 2765 Damasippo,
2112 2668 2259 2743 tuis
2310 2664 2461 2744 te.“

257 2828 333 2868 πο
361 2792 634 2887 „Mille
683 2793 1140 2893 puellarum,
1189 2818 1607 2892 puerorum
1658 2792 1873 2870 mille
1922 2790 2300 2869 furores.“

363 2916 434 2994 O
487 2918 734 2994 maior
777 2919 1092 2996 tandem
1146 2945 1440 3018 parcas,
1495 2920 1783 3015 insane,
1834 2918 2149 2995 minori!

257 3156 518 3227 margine
552 3159 617 3213 in
654 3176 880 3213 versum
915 3164 1310 3230 transsumpta.
1347 3188 1416 3201 --

255 3228 440 3297 liceat]
479 3228 572 3283 Sic
613 3236 765 3285 recte
807 3231 1055 3286 codices:
1114 3232 1417 3287 Horkelius

255 3299 498 3353 coniecit
550 3302 637 3357 la
693 3308 798 3366 est,
849 3302 1162 3359 Meinekius
1211 3304 1414 3358 vincat·

257 3400 324 3409 —
383 3372 661 3443 aedificas]
717 3374 778 3427 in
827 3374 1036 3429 Sabino
1091 3392 1271 3444 nuper
1325 3392 1414 3430 ao-

257 3447 439 3525 eepto.
485 3442 612 3498 Liv.
650 3445 744 3513 vl,
787 3446 868 3513 11,
907 3449 965 3501 9·
1024 3446 1138 3514 „Et
1166 3451 1290 3501 erat
1325 3464 1414 3501 ae-

255 3514 334 3567 ris
373 3515 544 3569 alieni
579 3535 634 3569 ιιι

259 3602 351 3640 ma
383 3586 555 3641 etiam
591 3587 880 3655 divitibus,
919 3588 1264 3643 aedificando
1283 3607 1412 3643 con-

257 3659 497 3711 tracta.“
540 3659 650 3713 Cic.
689 3660 760 3715 de
798 3628 892 3714 011³.
929 3661 972 3722 1,
1011 3662 1098 3728 39,
1141 3663 1258 3715 139.
1304 3660 1412 3715 No—

258 3728 433 3783 tanda
474 3730 646 3785 etiam
691 3731 1262 3787 Lacedaemoniorum
1309 3733 1411 3787 im-

257 3801 534 3867 precatio:
573 3798 846 3873 οἷκοδομά
883 3820 946 3857 σε
983 3799 1156 3869 λάβοι.
1197 3832 1257 3842 -
1299 3802 1410 3858 lon-

258 3871 374 3940 9⁰⁸]
415 3873 676 3955 ambigue
711 3874 926 3929 dictum
952 3874 1022 3929 de
1058 3874 1412 3946 longitudine

259 3945 509 4011 corporis
530 3950 588 3999 et
605 3945 676 3999 de
706 3946 1096 4015 magnitudine
1115 3964 1302 4016 opum.
1340 3946 1410 4001 cf.

259 4030 314 4065 v.
354 4018 477 4068 212.
514 4046 584 4055 -
619 4017 914 4087 bipedalis]
949 4018 1020 4073 of.
1041 4018 1224 4087 Epist.
1259 4018 1302 4084 Ι,
1323 4020 1412 4086 20,

261 4088 346 4139 24.
373 4116 442 4125 —
475 4087 726 4157 TurbOJ,
729 4089 1032 4172 gladiator
1063 4090 1170 4143 fuit
1199 4106 1414 4214 exffuo

261 4172 494 4226 corpore
531 4158 630 4213 sed
665 4160 947 4214 animosus
983 4178 1192 4231 pugna.
1329 4178 1414 4214 or-

259 4228 416 4297 phyr.
457 4259 524 4269 —
561 4231 844 4301 spiritum]
895 4232 1205 4297 audaciam,
1245 4238 1412 4286 teme-

259 4299 504 4356 ritatem.
551 4332 612 4341 —
665 4308 882 4357 tantum
917 4303 1262 4372 dissimilem]
1299 4304 1416 4372 alii,

261 4376 326 4423 ut
363 4372 586 4442 Keller„
623 4374 883 4442 Fritsoh„
913 4374 1200 4430 Eckstein.
1245 4380 1417 4429 tantm

821 3518 926 3586 vis,
961 3534 1024 3572 re
1060 3518 1413 3572 damnosissi—
1431 3561 1456 3569 -

1509 3161 1583 3217 of.
1616 3160 1691 3215 ad
1726 3160 1841 3215 Sat.
1882 3160 1927 3227 1,
1964 3162 2015 3227 8,
2056 3163 2139 3213 17.
2186 3188 2255 3199 -
2302 3161 2497 3231 ranae]
2545 3160 2659 3215 Me-

1509 3250 1633 3286 mor
1670 3232 1835 3286 huius
1884 3232 1993 3286 loci
2036 3232 2263 3286 videtur
2306 3231 2478 3286 fuisse
2513 3231 2661 3286 Mar-

1507 3304 1661 3358 tialis
1682 3303 1754 3367 X,
1775 3305 1870 3357 79:
1905 3304 2172 3373 „grandis
2196 3308 2261 3357 ut
2280 3304 2541 3374 exiguam
2559 3303 2661 3357 bos

1507 3392 1703 3429 ranam
1741 3382 1973 3443 ruperat
2016 3375 2171 3435 olim.
2215 3374 2309 3431 Sic
2342 3379 2481 3444 puto
2522 3374 2658 3428 Tor-

1507 3452 1711 3516 quatus
1740 3447 1957 3514 rumpit
1982 3446 2338 3500 Otacilium.“
2376 3474 2445 3486 —
2481 3446 2661 3500 maior

1506 3517 1757 3586 dimidio]
1817 3517 1909 3571 Sic
1946 3518 2247 3587 respondet
2300 3517 2514 3587 pullus,
2570 3518 2661 3571 cui

1507 3589 1897 3659 obstupefacto
1932 3594 1993 3643 et
2032 3589 2295 3658 imperito
2338 3594 2553 3643 rectum
2591 3588 2661 3642 de

1678 3660 1895 3715 itudine
1930 3661 2097 3714 vituli
2122 3660 2392 3714 iudicium
2419 3677 2532 3714 non
2558 3664 2661 3714 est.

1506 3732 1723 3787 Fabula
1776 3732 1926 3801 apud
1972 3731 2289 3787 Phaedrum
2346 3736 2432 3785 est.
2479 3730 2522 3798 1,
2572 3732 2659 3783 24.

1505 3834 1573 3842 —
1608 3803 1797 3872 oleum]
1809 3750 1935 3857 pEx
1974 3802 2301 3872 proverbi03
2346 3802 2427 3856 sio
2462 3802 2661 3856 Graeci

1506 3879 1666 3947 πίττῃ
1714 3878 1805 3927 καὶ
1849 3875 2011 3943 ἐλαίῳ
2060 3875 2169 3944 πῦρ
2212 3871 2659 3940 κατασβεννύναι.

1505 3946 1991 4017 —QuaesiquisJ
2028 3946 2100 3999 of.
2124 3926 2191 4000 Ᾰ.
2212 3946 2274 4001 Ρ.
2292 3946 2507 4014 296sq.
2544 3944 2659 3999 Sat.

1505 4017 1579 4085 11,
1616 4018 1827 4086 7,117.
1884 4046 1952 4057 —-
1998 4016 2225 4085 mboem]
2273 4016 2452 4085 Epist.
2454 3964 2537 4083 q1,
2574 4018 2661 4080 20,

1507 4090 1593 4143 25.
1634 4120 1699 4128 -
1735 4090 1952 4159 insane]
1990 4090 2267 4160 Egregius
2304 4088 2396 4142 hic
2422 4087 2660 4141 versicu-

1507 4161 1611 4228 lus,
1637 4161 1734 4230 dui
1763 4161 1897 4216 dum
1926 4178 2188 4231 magnam
2227 4160 2451 4214 laudem
2479 4164 2661 4229 parat,

1508 4250 1619 4286 uno
1657 4232 1929 4287 vocabulo
1967 4232 2026 4284 in
2062 4232 2463 4286 salsissimam'
2448 4230 2659 4286 misio-

1507 4322 1635 4358 nem
1672 4304 1857 4359 subito
1894 4302 2064 4361 eadit.
