3092 5059
1152 244 1427 311 LIBER.
1500 243 1754 310 GARM.
1804 244 1915 310 lv.

2596 243 2719 309 299

668 463 695 505 ιε
730 432 944 509 Licet
992 432 1371 531 superbus
1424 431 1772 509 ambules
1824 432 2170 532 pecunia,

924 556 1271 633 Fortuna
1319 582 1477 633 non
1519 569 1768 633 mutat
1811 581 2075 655 genus.

729 682 1087 779 Videsne,
1134 682 1447 760 Sacram
1499 682 1857 758 metiente
1910 695 1987 757 te
2038 682 2245 757 viam

928 807 1127 884 Cum
1175 808 1294 883 bis
1346 808 1576 883 trium
1617 804 1975 882 ulnarum
2021 820 2225 906 toga,

731 930 837 1008 Ut
889 958 1027 1008 ora
1076 945 1325 1008 vertat
1373 932 1535 1015 huc,
1580 946 1654 1007 et
1706 931 1858 1007 huc
1909 932 2252 1009 euntium

644 1093 695 1131 io
930 1056 1367 1134 Liberrima
1416 1056 1910 1156 indignatio?

732 1180 999 1259 Sectus
1049 1180 1380 1280 flagellis
1433 1183 1562 1258 hic
1611 1181 2223 1258 triumviralibus

928 1306 1339 1383 Praeconis
1393 1306 1492 1383 ad
1551 1306 1945 1383 fastidium

737 1430 931 1507 Arat
970 1430 1282 1507 Falerni
1334 1430 1546 1506 mille
1599 1431 1822 1507 fundi
1868 1431 2140 1529 iugera

927 1553 1027 1629 Et
1077 1553 1411 1653 Appiam
1467 1555 1770 1630 mannis
1823 1554 2024 1650 terit,

644 1710 690 1751 ιε.
728 1678 1275 1779 Sedilibusque
1328 1704 1654 1776 magnus
1707 1680 1788 1755 in
1842 1680 2113 1780 primis
2159 1705 2422 1779 eques.

934 1802 1245 1881 Othone
1296 1816 1734 1904 contempto
1787 1804 2024 1880 sedet.

735 1927 943 2021 Quid
996 1929 1273 2005 attinet
1318 1941 1435 2004 tot
1490 1954 1627 2005 ora
1675 1929 1988 2006 navium
2039 1931 2264 2028 gravi

928 2054 1284 2130 Rostrata
1335 2054 1514 2130 duci
1564 2054 1911 2151 pondere

316 2309 411 2361 tur
450 2304 694 2359 hominis
730 2302 1035 2359 adfectatio
1070 2303 1129 2359 di
1215 2304 1367 2359 'tatis
1410 2310 1469 2359 et

315 2375 631 2447 gravitatis.
708 2375 993 2431 claudian.
1041 2376 1101 2429 in
1194 2379 1379 2445 utrop.
1424 2377 1469 2444 I,

316 2448 449 2503 306:
477 2452 698 2516 „erecto
723 2451 951 2517 pectore
966 2446 1122 2501 dives
1140 2447 1468 2503 Ambulat.“

316 2518 517 2573 Catull.
542 2520 629 2586 29,
650 2520 711 2572 6:
750 2525 842 2587 „et
876 2518 974 2573 ille
1011 2536 1163 2574 nunc
1200 2520 1470 2589 superbus

320 2595 381 2645 et
407 2590 749 2659 superfluens
774 2589 1197 2645 Perambulabit
1219 2592 1471 2647 omnium

321 2661 532 2717 cubilia
553 2661 633 2717 Ut
648 2661 868 2717 albulus
889 2662 1176 2717 columbus
1201 2667 1301 2718 aut
1319 2663 1469 2718 Ado·

318 2750 457 2789 neus
466 2733 529 2788 ’θ’
576 2762 640 2775 --
690 2734 888 2803 genus]
923 2734 1073 2789 Male
1109 2734 1471 2804 interpretati

316 2810 451 2860 sunt
487 2805 749 2860 servilem
784 2805 1184 2872 condicionem,
1234 2822 1360 2861 cum
1396 2808 1473 2863 sit

356 2894 493 2932 enus
553 2894 790 2931 morum.
862 2876 1027 2931 Illam
1080 2876 1349 2932 Horatius
1406 2880 1471 2933 li·

386 2949 525 3003 rtini
575 2946 723 3002 filius
770 2954 928 3003 recto
978 2948 1187 3003 iudicio
1222 2952 1471 3007 munitus

316 3037 431 3075 non
469 3019 857 3089 vituperasset.
896 3018 970 3075 cf.
989 3020 1172 3089 Epist.
1198 3022 1241 3085 Ι,
1272 3024 1356 3089 12,
1387 3026 1470 3078 10.

318 3120 385 3131 -
428 3090 655 3147 Sacram
712 3090 977 3161 mente]
1026 3090 1253 3147 Sacram
1298 3095 1491 3163 viam,

316 3180 459 3232 quae
520 3162 593 3217 ad
653 3162 989 3232 Capitolium
1047 3164 1303 3230 ducebat,
1360 3166 1470 3221 fre·

317 3238 591 3303 quentare
644 3234 861 3290 solebat
924 3234 1233 3290 otiosorum
1296 3238 1469 3293 homi-

316 3324 454 3360 num
488 3306 675 3361 turba.
715 3305 831 3360 Sat.
868 3304 911 3373 1,
950 3306 1004 3373 9,
1048 3310 1093 3359 1.
1140 3308 1339 3363 Metiri
1373 3327 1467 3364 au-

318 3383 435 3433 tem
480 3378 679 3432 acerbe
716 3378 933 3432 dietum
983 3378 1053 3433 de
1098 3378 1323 3435 homine
1374 3383 1471 3449 qui

314 3448 531 3504 otiosus
580 3454 640 3503 et
692 3466 869 3503 vanus
920 3454 1101 3505 totam
1146 3451 1299 3507 viam
1345 3470 1469 3522 per-

318 3520 591 3588 ambulat,
648 3520 777 3575 aliis
826 3520 1041 3575 scilicet
1088 3528 1155 3576 ut
1210 3524 1469 3579 ostendat

316 3610 489 3661 quam
522 3592 724 3661 amplis
772 3599 831 3647 et
867 3592 1129 3662 pretiosis
1174 3596 1469 3650 vestimen·

320 3664 394 3717 tis
432 3668 647 3717 utatur.
684 3662 837 3719 Talis
856 3664 1006 3719 enim
1042 3670 1179 3735 toga
1215 3670 1301 3721 est
1328 3684 1471 3737 quae

316 3735 1231 3876 fflztssit‘ssuzfflssaeffssffi
1254 3738 1471 3864 1:³32.ss

316 3882 546 3949 gratum
582 3882 639 3933 et
679 3878 891 3933 iustum
930 3880 1111 3948 possit
1145 3881 1342 3936 videri.
1404 3882 1471 3936 In

320 3949 477 4005 codd.
540 3950 815 4020 scriptum
872 3955 959 4004 est
1014 3950 1097 4005 bis
1153 3956 1262 4020 ter3
1318 3954 1469 4022 quod

317 4025 473 4077 recte
526 4022 773 4077 correxit
826 4020 1096 4077 Bai-thius
1148 4025 1471 4079 coniectura

317 4091 403 4147 bis
450 4092 638 4161 trium,
693 4095 1029 4162 praesertim
1074 4111 1197 4149 cum
1255 4097 1471 4166 aliquid

314 4162 515 4219 auxilii
574 4165 805 4219 accedat
862 4182 931 4219 ex
990 4166 1273 4235 scriptura
1334 4168 1469 4223 duo—

314 4252 443 4289 rum
496 4236 775 4291 bonorum
830 4235 1085 4291 codicum
1132 4238 1215 4293 bie
1260 4241 1469 4295 .t.ul-

314 4322 545 4377 namma
590 4324 758 4375 quam
806 4307 963 4362 vides
1011 4306 1175 4363 facile
1222 4311 1470 4379 potuisse

315 4378 391 4433 ab
457 4378 697 4433 incautis
756 4378 953 4433 scribis
1010 4382 1313 4451 corrumpi.
1395 4381 1467 4437 cf.

290 4449 433 4531 'Gic3
472 4449 700 4577 (gat-UIII,
744 4450 810 4506 10
856 4452 1029 4519 „velis
1066 4452 1320 4579 αωὶἪ,
1342 4470 1469 4580 1:331

468 4560 483 4575 .
666 4538 867 4575 narum
914 4538 1176 4579 numerus
1424 4544 1468 4579 1-

313 4526 573 4649 ffiem
614 4592 959 4649 referendus.
1006 4624 1071 4635 -
1118 4594 1223 4650 huc
1255 4601 1307 4652 et
1340 4597 1469 4666 Ικιο]

1575 2305 1796 2376 poetice
1856 2322 1964 2376 pro
2033 2306 2144 2361 huc
2215 2310 2274 2361 et
2339 2306 2491 2361 illuc.
2587 2303 2731 2360 Vide

1577 2376 1650 2431 ad
1699 2377 1878 2448 Epod.
1926 2380 1977 2441 2,
2015 2379 2101 2431 31.
2151 2406 2215 2417 -·
2267 2374 2728 2445 triunwirals'bus]

1578 2448 1730 2516 Quae
1800 2454 2110 2519 sequuntur
2175 2467 2352 2519 usque
2419 2448 2492 2504 ad
2561 2446 2730 2502 finem

1578 2521 1843 2575 carminis
1887 2521 2183 2575 imitantur
2227 2536 2508 2575 sermones
2553 2518 2730 2573 homi·

1577 2609 1729 2660 num,
1787 2593 1886 2662 qui
1937 2598 2058 2647 tam
2109 2591 2389 2647 nefarium
2447 2590 2732 2645 hominem

1578 2665 1916 2733 sumptuosis
1970 2664 2284 2718 mollissimi
2349 2680 2420 2718 ue
2479 2661 2728 2717 vestibus

1577 2735 1839 2791 indutum
1934 2735 2168 2806 gloriari
2265 2735 2326 2790 in
2365 2734 2730 2806 ignabantur.

1578 2805 1886 2862 Triumviri
1931 2807 2202 2877 capitales
2245 2806 2318 2863 de
2361 2806 2580 2861 delictis
2617 2822 2731 2860 ser-

1577 2896 1782 2934 vorum
1817 2880 2166 2948 aliorumque
2199 2878 2488 2933 hominum
2511 2877 2730 2932 vilioris

1578 2951 1818 3020 generis,
1857 2950 2029 3005 etiam
2063 2951 2494 3021 peregrinorum
2529 2965 2730 3019 cogno·

1579 3022 1808 3077 scebant
1868 3022 2268 3092 suppliciisque
2325 3036 2516 3075 eorum
2570 3038 2729 3090 prae-

1579 3100 1758 3149 erant.
1829 3096 1882 3149 A
1920 3094 2122 3163 quibus
2170 3092 2468 3147 damnatus
2513 3092 2562 3146 si
2607 3092 2730 3160 quis

1579 3166 1922 3229 caederetur,
1959 3181 2164 3235 praeco
2196 3166 2363 3219 simul
2397 3163 2648 3218 criminis
2674 3168 2732 3217 et

1579 3254 1792 3363 {2⁰:¹⁸⁰
1812 3254 2068 3363 sagmas
2016 3254 2225 3378 ”²5⁸3
2241 3234 2733 3362 vss’ssffifflissi

1579 3380 1932 3435 fertilissimi.
1951 3408 2023 3419 --
2035 3378 2282 3447 mannis]
2301 3378 2432 3433 vide
2459 3378 2530 3432 ad
2549 3378 2730 3433 Carm.

1579 3451 1681 3519 111,
1717 3453 1804 3513 27,
1839 3454 1888 3504 7.
1925 3480 1998 3491 —-
2035 3452 2184 3519 terit]
2229 3448 2618 3520 frequentibus
2658 3448 2731 3503 ad

1580 3540 1682 3577 sua
1715 3524 1777 3577 in
1804 3522 2110 3592 Campania
2145 3522 2379 3591 praedia
2415 3520 2728 3577 itineribus.

1581 3594 1686 3649 Sic.
1725 3594 1866 3648 Stat.
1905 3594 2040 3649 Silv.
2065 3594 2138 3657 11,
2160 3598 2212 3662 2,
2241 3596 2330 3647 12:
2371 3610 2516 3662 „qua
2551 3592 2732 3646 limite

1579 3671 1714 3721 noto
1733 3666 1922 3735 Appia
1957 3666 2012 3720 lo
2127 3682 2254 3719 rum
2290 3665 2499 3719 teritur
2535 3681 2566 3717 r
2641 3664 2732 3718 ’na

1579 3737 1850 3791 viarum.“
1885 3766 1954 3777 -
1984 3736 2054 3792 Οὐ
2191 3736 2212 3806 ]
2243 3736 2300 3789 L.
2329 3680 2732 3791 Rosciusogltho

1579 3810 1712 3864 trib.
1733 3810 1809 3879 pl.
1835 3826 1883 3863 a.
1901 3826 1956 3862 u.
1981 3826 2024 3862 c.
2046 3810 2148 3865 687
2175 3808 2196 3861 l
2267 3826 2298 3862 e
2315 3807 2500 3862 vetuit
2517 3824 2590 3861 ne
2608 3806 2732 3875 quis

1579 3882 1638 3937 in
1651 3880 2103 3950 quattuordecim
2266 3880 2386 3934 'bus
2396 3878 2735 3961 orchestrae,

1579 3970 1684 4079 31³
1697 3950 2733 4092 ffiffiessgaffifqusseglgggntssutpggg

1579 4096 1684 4151 stri
1731 4112 1898 4150 censu
1945 4098 2106 4149 esset.
2179 4094 2290 4149 Hic
2337 4094 2515 4165 igitur
2563 4091 2732 4146 homo

1579 4172 1698 4223 tam
1743 4165 1854 4221 fuit
1899 4165 2072 4231 dives,
2128 4170 2196 4220 ut
2241 4166 2424 4237 legem
2471 4164 2732 4218 Rosciam

1579 4238 1914 4293 theatralem
1943 4237 2108 4293 facile
2135 4242 2324 4306 posset
2350 4239 2733 4303 contemnere;

1580 4315 1895 4379 equestrem
1933 4310 2082 4363 em'm
2117 4326 2342 4363 censum
2370 4306 2588 4362 divitiis
2618 4308 2734 4361 suis

1579 4381 1746 4452 longe
1779 4382 2083 4450 superavit.
2109 4408 2178 4423 ο·-
2210 4379 2360 4451 Quid
2393 4376 2616 4447 attinet]
2651 4378 2734 4432 nil

1581 4453 1826 4522 expedit,
1872 4452 1956 4507 nil
2003 4451 2250 4521 prodest.
2325 4452 2437 4506 Cic.
2475 4448 2600 4505 Fin.
2638 4448 2732 4517 IV,

1582 4525 1676 4577 22:
1731 4523 1914 4593 „Quid
1949 4523 2186 4578 attinuit
2218 4540 2346 4579 cum
2381 4523 2470 4587 iis,
2505 4522 2731 4591 quibus-

1581 4612 1710 4651 cum
1767 4613 1832 4651 re
1885 4594 2232 4664 concinebat,
2287 4594 2475 4651 verbis
2527 4595 2730 4650 disere·
