3092 5059
1159 177 1321 242 LIB.
1365 177 1447 243 11.
1495 175 1765 244 EPIST.
1808 178 1894 242 II.

2599 181 2724 245 599

427 365 636 442 Dura
688 367 822 441 sed
878 391 1236 442 emovere
1281 366 1452 440 loco
1509 392 1634 440 me
1686 380 2037 463 tempora
2082 381 2303 465 grato

424 491 848 590 Civilisque
898 491 1172 566 rudem
1229 491 1415 566 belli
1465 489 1643 566 tulit
1690 504 1941 566 aestus
1985 493 2063 565 in
2110 519 2322 567 arma

426 618 776 694 Caesaris
827 615 1166 713 Augusti
1217 642 1376 691 non
1423 641 1883 714 responsura
1931 615 2257 692 lacertis.

419 741 648 818 Unde
699 741 928 816 simul
977 742 1320 836 primum
1375 767 1496 816 me
1551 739 1915 816 dimisere
1964 740 2331 840 Philippi,

336 901 392 941 50
425 866 718 942 Decisis
776 865 1144 941 humilem
1197 867 1470 964 pennis
1521 866 1990 963 inopemque
2041 866 2341 961 paterni

421 992 517 1065 Et
559 991 742 1067 laris
795 1004 872 1067 et
920 991 1148 1067 fundi
1197 1004 1615 1090 paupertas
1660 989 1969 1086 impulit
2019 989 2289 1085 audax,

421 1115 522 1193 Ut
569 1141 834 1192 versus
887 1117 1265 1212 facerem3
1317 1116 1453 1192 sed
1507 1115 1719 1214 quod
1774 1141 1928 1189 non
1983 1115 2176 1190 desit
2228 1115 2637 1192 habentem

424 1239 642 1331 Quae
693 1253 1056 1340 poterunt
1105 1268 1443 1341 unquam
1503 1242 1685 1354 satis
1739 1265 2175 1339 expurgare
2224 1243 2536 1339 cicutae,

425 1367 528 1442 Ni
569 1367 844 1444 melius
898 1367 1240 1444 dormire
1290 1381 1550 1466 putem
1602 1391 1834 1465 quam
1884 1366 2222 1441 scribere
2272 1372 2589 1444 versus?

337 1527 392 1568 ω
430 1491 754 1590 Singula
801 1492 899 1569 de
947 1493 1170 1568 nobis
1217 1493 1401 1566 anni
1452 1491 1921 1588 praedantur
1976 1503 2276 1567 euntes:

421 1617 792 1716 Eripuere
842 1617 1078 1714 iocos,
1131 1641 1520 1713 venerem,
1578 1615 1949 1710 convivia,
2007 1614 2315 1707 ludum,

421 1741 781 1817 Tendunt
832 1755 1292 1841 extorquere
1343 1756 1741 1838 poemata:
1792 1740 1975 1838 quid
2036 1740 2318 1816 faciam
2370 1740 2539 1815 vis?

421 1867 771 1964 Denique
823 1893 982 1941 non
1031 1893 1296 1943 omnes
1352 1867 1623 1943 eadem
1674 1867 2051 1941 mirantur
2100 1877 2550 1964 amantque:

424 1992 788 2070 Carmine
837 2005 918 2067 tu
970 1991 1285 2090 gaudee,
1341 1993 1463 2068 hic
1515 1991 1941 2067 delectatur
1992 1991 2289 2084 iambis,

327 2151 386 2190 oo
420 2114 568 2190 Ille
617 2114 926 2201 Bioneis
978 2117 1458 2191 sermonibus
1512 2127 1588 2190 et
1640 2114 1799 2190 sale
1849 2117 2097 2213 nigro.

317 2371 522 2442 Nepot.
549 2375 670 2428 Att.
712 2377 778 2428 12
811 2377 1088 2445 legamusz
1127 2375 1348 2444 optimis
1383 2391 1473 2429 ar-

310 2443 470 2498 tibm
504 2445 788 2516 eruditus3
837 2446 1006 2517 vulgo
1060 2452 1249 2500 tamen
1293 2447 1474 2501 bonae

315 2519 472 2569 artes
509 2521 706 2572 contra
745 2519 920 2573 malas
949 2523 1098 2573 artes
1124 2519 1160 2572 i.
1188 2535 1234 2572 e.
1277 2523 1476 2572 contra

311 2586 658 2642 calliditates
705 2607 772 2644 ac
823 2590 1048 2644 fraudes
1108 2590 1473 2644 collocantur.

315 2686 388 2698 --
421 2659 656 2729 possem]
695 2659 938 2715 Orellius
985 2679 1053 2715 ex
1099 2662 1261 2716 bonis
1313 2661 1472 2715 codd.

311 2730 545 2799 scripsit
577 2731 772 2800 venem,
811 2734 964 2801 quod
1007 2733 1088 2787 sic
1135 2734 1472 2802 interpreta-

311 2807 438 2855 tur:
480 2807 579 2868 „ut
629 2803 883 2858 arderem
935 2805 1120 2858 studio
1158 2805 1278 2858 veri
1315 2822 1471 2873 repe-

311 2872 498 2926 riendi
537 2875 766 2943 proprio
807 2877 980 2930 animi
1006 2877 1330 2930 instinctu.“
1381 2877 1474 2930 Sic

311 2943 490 2997 etiam
525 2944 720 3000 Lehrs.
773 2952 831 3001 et
869 2948 1094 3016 Keller.,
1142 2948 1240 3016 qui
1292 2948 1472 3002 vellem

310 3014 703 3084 recipiendum
749 3035 867 3072 esse
923 3037 990 3072 ex
1038 3021 1206 3089 longe
1261 3019 1472 3074 maiore

313 3088 658 3142 auctorit-ate
714 3089 873 3144 codd.
926 3091 1252 3144 affirmavit.
1339 3089 1472 3144 Cru-

315 3158 482 3226 quius
517 3159 588 3212 de
625 3160 738 3214 suis
775 3161 936 3215 codd.
981 3162 1125 3215 nihil
1161 3162 1474 3230 adnotavit,

315 3229 418 3282 sed
452 3231 680 3300 scripsit
724 3249 959 3301 possem3
1012 3234 1160 3288 idem
1195 3234 1472 3302 praetule-

312 3305 454 3355 runt
465 3300 724 3356 Lambin.
748 3304 967 3357 Miiller.
991 3305 1302 3372 Eckstein.;
1328 3305 1471 3358 Krii-

314 3389 437 3442 ger.
474 3378 664 3428 tamen
709 3376 903 3430 vellem.
975 3375 1081 3430 Sed
1121 3376 1472 3430 consideran-

314 3443 452 3497 dum
489 3451 592 3510 est,
635 3450 700 3499 ut
743 3447 930 3501 studio
981 3448 1099 3502 veri
1156 3448 1474 3516 reperiendi

318 3514 546 3571 arderet
593 3517 890 3584 Horatius,
935 3521 1115 3588 patris
1159 3516 1474 3588 diligentis-

313 3588 459 3641 sima
497 3605 631 3643 cura
674 3595 730 3644 et
766 3590 1064 3660 disciplina
1108 3593 1220 3645 iam
1259 3591 1470 3645 factum

315 3675 463 3727 esse3
535 3665 734 3715 contra
805 3667 871 3716 ut
941 3667 1122 3732 posset
1183 3663 1473 3716 dinoscere

319 3730 455 3799 quid
493 3737 638 3786 esset
683 3738 898 3788 rectum
945 3735 1080 3803 quid
1117 3751 1373 3803 pravum,
1412 3733 1472 3787 id

317 3800 602 3857 addidisse
638 3810 832 3872 postea
877 3806 1191 3860 doctrinam
1227 3805 1471 3874 philoso-

316 3875 576 3944 phorum.
621 3905 688 3913 —
726 3877 1012 3946 Acade-mi]
1062 3877 1366 3931 Academia
1399 3877 1470 3930 ab

319 3945 492 4000 heroe
543 3946 734 4014 aliquo
781 3948 1061 4002 Academo
1117 3948 1270 4003 dicta
1316 3949 1471 4002 locus

317 4021 442 4071 erat
495 4035 817 4073 nemorosus
873 4019 950 4072 M.
1000 4020 1062 4073 P.
1115 4018 1187 4074 ab
1232 4020 1470 4074 Athenis

317 4088 557 4155 distans;
595 4089 676 4142 ibi
715 4090 950 4144 docebat
986 4090 1148 4145 Plato
1185 4090 1256 4145 ab
1294 4109 1471 4160 eaque

317 4159 500 4214 dictae
537 4165 668 4214 sunt
686 4161 1052 4216 Academicae
1085 4163 1472 4232 philosophiae

317 4231 556 4286 scholae.
581 4262 645 4270 —
666 4233 909 4302 emovere]
949 4233 1040 4288 Sic
1065 4235 1266 4303 optimi
1291 4235 1470 4302 codd.,

317 4319 508 4357 omnes
554 4303 882 4372 Cruquiani3
939 4305 1038 4359 alii
1093 4321 1352 4360 amovere.
1401 4335 1468 4345 ———

317 4375 448 4428 tulit
483 4375 690 4446 aestus]
733 4374 802 4430 cf.
839 4375 1020 4430 Garm.
1045 4377 1117 4443 11,
1155 4379 1209 4443 7,
1251 4381 1332 4430 15.
1373 4377 1470 4432 Ce-

317 4449 502 4500 terum
573 4451 834 4501 construe
900 4447 1082 4503 civilis
1151 4453 1338 4502 aestus
1407 4449 1468 4502 in

323 4533 478 4572 arma
533 4519 668 4573 tulit
721 4518 910 4574 rudem
951 4519 1089 4589 beni,
1137 4520 1236 4575 alii
1283 4519 1468 4574 minus

1567 2378 1719 2428 recte
1768 2379 1952 2430 aestus
1999 2373 2121 2429 beni
2170 2373 2350 2428 civilis
2402 2389 2483 2427 me
2538 2372 2723 2428 rudem

1568 2445 1703 2502 beni.
1776 2445 1848 2500 cf.
1888 2446 2068 2500 Carm.
2106 2445 2201 2508 IV,
2243 2445 2326 2508 15,
2369 2446 2452 2497 18.
2526 2444 2627 2506 ΠΙ,
2669 2446 2721 2508 8,

1569 2520 1654 2571 17.
1692 2517 1797 2588 Ep.
1828 2517 1871 2584 1,
1906 2519 1960 2585 2,
1995 2520 2046 2570 8.
2072 2547 2140 2556 -
2164 2516 2363 2571 decisis
2394 2515 2617 2584 pennis]
2649 2515 2719 2569 cf.

1566 2589 1747 2658 Epist.
1784 2589 1829 2657 1,
1868 2591 1955 2657 20,
1997 2591 2083 2642 21.
2150 2589 2235 2642 De
2272 2592 2395 2642 toto
2434 2587 2554 2642 loco
2595 2587 2721 2640 vide

1566 2677 1736 2730 supra
1772 2679 1827 2730 p.
1868 2663 1900 2714 5
1922 2677 1999 2729 sq.
2071 2661 2341 2715 Estraem
2367 2658 2719 2782 (prosopgfr.

1566 2732 1698 2786 Hor.
1732 2749 1788 2801 p.
1825 2733 1952 2798 282)
2000 2731 2263 2786 distinxit
2306 2734 2436 2800 post
2482 2730 2595 2798 imp
2655 2730 2721 2798 it,

1567 2809 1630 2858 ut
1671 2805 1768 2858 sit:
1806 2809 2110 2872 paupertas
2149 2820 2315 2858 causa
2352 2801 2480 2868 fuit,
2522 2805 2588 2854 ut
2624 2817 2720 2855 au-

1567 2876 1677 2930 dax
1716 2893 1907 2930 versus
1957 2875 2214 2937 facerem,
2258 2891 2485 2928 securus
2534 2891 2720 2942 repre·

1566 2947 1913 3012 hensionum,
1972 2947 2353 3000 conviciorum
2399 2953 2503 3000 etc.
2594 2945 2719 2998 Non

1564 3019 1723 3072 bene.
1764 3047 1831 3057 --
1867 3016 2098 3087 cicutae]
2147 3017 2291 3071 Plin.
2328 3017 2395 3070 N.
2434 3017 2502 3070 Η.
2543 3013 2715 3080 XXV,

1570 3092 1667 3144 12:
1736 3089 1999 3158 „Cicutae
2036 3090 2235 3143 semini
2273 3094 2331 3142 et
2370 3088 2519 3142 foliis
2559 3088 2718 3141 refri-

1566 3161 1851 3232 geratoria
1888 3161 1991 3214 vis.
2064 3160 2163 3213 Fit
2207 3177 2275 3213 ex
2325 3177 2389 3213 eo
2436 3159 2508 3213 ad
2556 3159 2717 3213 refri-

1566 3233 1876 3304 gerandum
1904 3232 2251 3286 stomachum
2284 3231 2576 3300 malagma.
2612 3230 2718 3285 Fo-

1569 3305 1643 3358 lia
1680 3310 1957 3359 tumorem
1991 3320 2211 3357 omnem
2239 3303 2601 3370 doloremque
2638 3319 2719 3357 se·

1568 3377 1755 3430 dant.“
1794 3376 1897 3429 Est
1934 3379 2119 3428 autem
2157 3389 2466 3444 expuryare
2506 3390 2723 3440 sanare,

1567 3447 1621 3500 h.
1661 3447 1697 3500 l.
1732 3451 1947 3501 aestum
1976 3445 2233 3500 febrilem
2258 3445 2395 3500 refri
2437 3461 2615 3499 erare.
2650 3445 2719 3499 cf.

1568 3519 1684 3572 Sat.
1722 3519 1796 3586 11,
1833 3521 1888 3586 3,
1924 3519 2011 3570 27.
2061 3546 2125 3557 -
2172 3517 2404 3572 dormire
2484 3515 2554 3570 cf.
2604 3515 2719 3571 Sat.

1567 3590 1639 3650 11.
1704 3595 1749 3655 1,
1804 3593 1837 3643 5
1876 3605 1997 3658 sqq.
2073 3619 2129 3627 —-
2196 3587 2402 3658 euntes]
2462 3587 2589 3640 vide
2648 3588 2721 3641 ad

1568 3663 1749 3716 Carm.
1788 3661 1862 3729 ΙΙ,
1904 3663 1987 3726 14,
2024 3663 2073 3714 5.
2160 3659 2417 3715 Ceterum
2456 3675 2720 3726 compara

1568 3733 1747 3804 Epist.
1796 3734 1841 3798 1,
1898 3735 1941 3796 1,
1984 3735 2034 3787 4.
2075 3735 2251 3800 7sqq.
2320 3731 2364 3794 1,
2406 3733 2456 3794 7,
2498 3731 2565 3784 25
2598 3747 2719 3798 sqq.

1567 3833 1633 3845 -—
1668 3803 1805 3876 quid
1842 3805 2047 3871 faciam
2080 3804 2188 3872 vis]
2229 3821 2302 3857 sc.
2340 3807 2407 3856 ut
2440 3801 2511 3855 ab
2549 3818 2719 3856 anno·

1566 3894 1694 3930 rum
1754 3877 2064 3946 rapacitate
2126 3892 2216 3928 me
2280 3873 2591 3928 defendam.
2651 3903 2717 3912 —-

1564 3948 1825 4018 carmine]
1864 3948 2041 4015 lyrico
2080 3946 2149 4000 cf.
2192 3965 2243 4000 v.
2282 3947 2368 3999 91.
2407 3975 2475 3985 —
2513 3943 2719 3998 Iambt's

1565 4019 1746 4089 Epist.
1783 4019 1827 4086 1,
1872 4021 1954 4084 19,
1990 4020 2074 4072 23.
2105 4047 2170 4056 —
2208 4015 2453 4085 Bioneis]
2495 4016 2717 4084 „lividis

1565 4092 1699 4146 iocis
1737 4091 1772 4144 i.
1808 4107 1854 4145 e.
1895 4091 2083 4144 satira.
2125 4087 2266 4142 Sunt
2303 4093 2487 4142 autem
2526 4087 2714 4156 dispu-

1564 4163 1807 4218 tationes
1864 4161 2054 4215 Bionis
2113 4159 2453 4229 philosophi,
2510 4159 2713 4228 quibus

1564 4234 1863 4289 stultitiam
1913 4231 2101 4303 arguit
2150 4231 2334 4301 vulgi,
2392 4231 2483 4286 cui
2537 4247 2715 4300 paene

1564 4306 1923 4360 consentiunt
1956 4303 2207 4358 carmina
2242 4302 2554 4357 Luciliana.
2608 4302 2714 4359 Hic

1562 4381 1749 4431 autem
1799 4376 1944 4430 Bion
1957 4417 1971 4444 ,
2030 4375 2126 4445 qui
2182 4374 2454 4444 sophistes
2511 4391 2709 4444 cogno·

1562 4449 1807 4503 minatus
1854 4455 1956 4515 est,
2002 4449 2063 4502 in
2116 4446 2263 4500 libro
2312 4463 2477 4516 quem
2534 4447 2712 4503 edidit

1562 4519 1995 4576 mordacissimis
2031 4519 2242 4574 salibus
2278 4535 2345 4574 ea
2380 4535 2523 4589 quae
2561 4521 2710 4590 apud
