3092 5059
433 222 561 291 434

1373 222 1879 293 SATIRARUM

535 410 787 489 Iratus
838 412 983 489 tibi
1037 410 1250 513 quod
1293 413 1456 489 vini
1503 413 1912 511 somnique
1962 412 2339 511 benignus

539 536 672 613 Nil
724 537 1044 637 dignum
1097 563 1454 615 sermone
1509 562 1763 613 canas.
1870 536 2077 629 Quid
2126 538 2309 614 fiet?
2410 536 2522 612 At
2569 538 2757 636 ipsis

471 692 501 735 s
535 660 1070 739 Saturnalibus
1121 664 1270 739 huc
1313 663 1603 762 fugisti.

534 786 678 863 Dic
725 788 1027 889 aliquid
1083 788 1408 888 dignum
1463 788 1887 887 promissis.

1708 661 2027 739 Sobrius
2080 688 2269 761 ergo

1991 786 2282 887 Incipe.
2384 788 2517 865 Nil
2562 802 2697 863 est.

537 910 969 1010 Culpantur
1017 914 1308 990 frustra
1357 911 1635 990 calami
1684 913 2273 1013 immeritusque
2321 914 2625 990 laborat

536 1035 763 1113 Iratis
813 1052 1038 1115 natus
1088 1039 1342 1139 paries
1397 1039 1518 1115 dis
1570 1050 1807 1138 atque
1852 1038 2130 1137 poetis.

536 1162 785 1262 Atqui
835 1163 1092 1241 vultus
1145 1178 1314 1243 erat
1360 1164 1606 1240 multa
1658 1177 1737 1241 et
1778 1163 2182 1264 praeclara
2230 1164 2618 1260 minantis,

443 1444 558 1482 non
593 1427 952 1485 inlustratam
999 1430 1223 1499 quidem
1269 1430 1367 1487 sed
1411 1428 1597 1485 tribus

441 1500 627 1555 verbis
664 1500 970 1557 indicatam
1007 1503 1274 1557 habemus
1312 1502 1428 1557 Sat.
1462 1502 1508 1572 I,
1547 1506 1596 1570 1,

441 1572 570 1638 1203
629 1572 836 1627 etenim
883 1572 1170 1643 Crispinus
1235 1592 1458 1645 quoque
1511 1578 1599 1629 est

441 1643 780 1713 aretalogus.
850 1644 1151 1701 Praeterea
1186 1651 1333 1701 tecte
1370 1647 1597 1716 quidem

442 1714 757 1784 significata
795 1720 882 1769 est
919 1715 1118 1771 similis
1167 1718 1462 1787 utriusque
1497 1718 1596 1771 ho·

439 1786 627 1853 minis,
653 1785 882 1841 Damasi
923 1788 982 1856 pi
1022 1794 1080 1843 et
1102 1788 1342 1857 Horatii,
1380 1806 1500 1843 sors
1538 1793 1600 1843 et

440 1857 551 1925 via,
577 1874 689 1926 qua
715 1858 810 1911 ille
936 1859 1370 1930 philosophiam,
1406 1861 1500 1915 hic
1525 1860 1598 1915 ad

439 1928 678 1983 satiram
713 1938 1064 1999 pervenerat.
1113 1930 1270 1998 Quae
1304 1932 1599 2001 Damasip-

441 2016 547 2069 pus
595 2000 656 2053 in
705 2000 830 2055 foro
875 2002 948 2055 ad
993 2002 1238 2057 medium
1287 2004 1481 2057 lanum
1519 2006 1598 2072 (v.

445 2071 554 2141 18),
613 2088 680 2127 ea
737 2072 1005 2127 Horatius
1063 2074 1136 2129 ad
1190 2075 1480 2145 Philippos
1537 2075 1597 2128 in

439 2159 635 2213 pugna
687 2143 989 2199 videbatur
1051 2148 1202 2200 certe
1269 2147 1597 2217 perdidisse.

443 2242 512 2255 —-
559 2214 804 2269 Satiram
856 2232 970 2269 non
1019 2220 1152 2271 ante
1205 2234 1256 2271 a.
1313 2222 1415 2271 '721
1459 2218 1593 2273 scri-

441 2288 601 2357 ptam
653 2302 774 2341 esse
826 2285 990 2342 docet
1051 2305 1243 2343 versus
1305 2289 1407 2343 180
1469 2290 1595 2344 coll.

447 2359 577 2426 1853
620 2374 686 2412 eo
723 2356 874 2412 enim
919 2376 1066 2413 anno
1103 2361 1360 2431 Agrippa
1397 2366 1599 2430 sponte

439 2444 542 2482 sua
573 2428 870 2484 aedilitate
903 2429 1129 2486 functus
1165 2432 1452 2503 ingentem
1487 2432 1597 2487 sibi

441 2500 648 2555 civium
725 2501 1191 2570 approbationem
1255 2502 1599 2559 liberalitate

443 2574 686 2641 paravit.
721 2572 915 2641 Neque
951 2575 1132 2629 multo
1169 2580 1298 2644 post
1336 2594 1463 2629 eum
1503 2593 1597 2629 an-

443 2660 580 2697 num
633 2643 902 2713 scriptam
954 2662 1071 2703 esse
1129 2646 1251 2715 ipsa
1309 2647 1599 2717 Agrippae

443 2715 568 2768 laus
601 2714 752 2770 ferre
797 2715 1036 2771 videtur.
1109 2716 1381 2772 Horatius
1426 2719 1597 2788 paulo

443 2790 578 2839 ante
623 2785 888 2841 Sabinam
946 2788 1140 2843 villam
1194 2808 1229 2844 a
1277 2789 1598 2845 Maecenate

443 2856 592 2911 dono
631 2864 938 2943 acceperat.

515 2928 584 2983 V.
627 2932 674 2982 1.
729 2946 811 2985 stc
845 2946 976 2985 raro
1024 2932 1245 3001 sert'bis]
1295 2932 1597 2987 Vehemen-

443 3004 536 3054 ter
570 3000 964 3070 exprobrantis
1010 3002 1148 3057 haec
1181 3008 1330 3071 sunt,
1367 3022 1478 3058 non
1515 3005 1599 3057 in-

443 3072 815 3142 terrogantis;
874 3074 1150 3129 excitatus
1205 3076 1354 3129 enim
1417 3092 1597 3130 sermo

445 3147 532 3196 est
579 3142 754 3198 Stoici
803 3144 863 3198 in
907 3145 1102 3200 villam
1149 3146 1336 3201 subito
1395 3148 1597 3201 irrum-

443 3216 630 3283 pentis
685 3232 752 3269 ac
802 3216 994 3270 statim
1057 3218 1374 3287 clamantis,
1430 3236 1595 3287 quem

443 3286 810 3342 mirabundus
847 3286 1114 3342 Horatius
1151 3307 1262 3344 non
1309 3290 1469 3359 prius
1515 3290 1599 3343 in-

441 3359 746 3441 terrumpit
789 3374 958 3442 quam
1015 3360 1086 3415 ad
1139 3359 1308 3415 finem
1351 3362 1599 3430 aliquem

443 3430 962 3556 ῗὲἳίιῗθῗὲᾚὴῒ,
981 3432 1208 3557 ¹ss·1.{¹‹²1.
1217 3433 1598 3558 ''2¹2¹‘fflssz

446 3571 612 3640 apud.
665 3572 852 3641 Cruq„
897 3580 1181 3643 repertum
1229 3580 1314 3629 est
1357 3574 1421 3630 Si
1466 3590 1600 3630 raro

441 3642 652 3712 scr-ibis,
705 3644 765 3698 in
821 3644 949 3699 aliis
1003 3646 1214 3705 scribes.
1261 3646 1410 3701 unde
1457 3644 1597 3700 Ben-

441 3714 612 3769 tleius
688 3716 833 3771 hanc
895 3718 1368 3773 constructionem
1437 3718 1596 3773 fecitz

441 3786 564 3839 si..
587 3787 818 3842 scribes
853 3788 988 3857 quid
1019 3788 1155 3857 fiet?
1191 3788 1365 3857 Quem
1391 3789 1601 3844 iniuria

438 3858 622 3911 secuti
659 3863 791 3913 sunt
827 3858 1232 3929 Doederlinius,
1265 3860 1599 3928 Meinekius,

444 3927 742 3998 Linkerus,
779 3928 1062 4000 Lehrsius,
1110 3932 1350 3987 Fritsch.
1387 3933 1599 4002 Haupt.

447 3998 848 4056 Hirschfelder.
909 4002 1158 4072 (Quaest.
1203 4004 1341 4059 Hor.
1387 4021 1442 4073 p.
1494 4004 1598 4073 17).

443 4070 556 4126 nisi
593 4072 744 4141 quod
779 4072 1058 4129 Linkerus
1107 4076 1278 4129 etiam
1326 4076 1599 4130 coniectu·

443 4160 566 4198 ram
603 4144 875 4199 Meinekii
919 4146 1112 4201 scribis
1153 4152 1231 4213 tu,
1269 4152 1332 4200 ut
1367 4148 1599 4216 recepit,

445 4214 704 4270 Bitterus
727 4216 970 4286 probata
987 4216 1257 4272 Meinekii
1279 4218 1601 4271 coniectura

445 4287 526 4341 sic
548 4302 678 4341 raro
700 4288 900 4343 scribis
931 4296 995 4343 tu
1029 4295 1108 4343 ut.
1147 4288 1430 4343 Eckstein.
1455 4287 1599 4343 Mul-

445 4358 546 4411 ler.
583 4358 826 4429 Kriiger.
861 4359 916 4413 si
949 4361 1162 4415 scribis.
1219 4360 1326 4415 Sed
1364 4360 1601 4429 vulgata

444 4430 612 4484 lectio
659 4448 772 4485 non
823 4430 1065 4487 debebat
1109 4430 1373 4499 relinqui,
1429 4448 1601 4500 quan·

447 4516 616 4567 quam
657 4502 743 4556 ita
789 4502 1101 4557 docuerunt
1147 4504 1318 4557 etiam
1369 4502 1600 4557 Holder.

446 4570 507 4623 in
555 4572 688 4625 edit.
747 4572 963 4627 maiore
1007 4578 1068 4628 et
1120 4574 1328 4629 Keller.
1377 4574 1599 4645 Epileg.

1688 1446 1744 1499 p.
1792 1429 1926 1495 6313
1976 1447 2105 1485 nam
2156 1429 2404 1485 conditio
2450 1430 2521 1485 ab
2567 1430 2674 1485 hoc
2722 1430 2853 1485 loco

1692 1501 1874 1556 aliena
1911 1506 1996 1556 est
2020 1506 2078 1555 et
2112 1501 2366 1557 futurum
2391 1508 2614 1572 tempus
2646 1502 2853 1555 scribes

1690 1574 1963 1627 orationis
2000 1574 2117 1627 vim
2142 1574 2309 1627 valde
2332 1573 2556 1642 minuit,
2580 1590 2765 1641 neque
2790 1573 2855 1626 in

1691 1662 1756 1699 eo
1778 1644 2116 1699 haerendum
2158 1649 2260 1715 est,
2298 1644 2449 1715 quod
2470 1644 2666 1699 scribis
2703 1645 2855 1699 alte—

1690 1732 1812 1771 ram
1838 1716 2112 1785 syllabam
2136 1716 2444 1771 adiuvante
2468 1732 2695 1771 caesura
2722 1732 2857 1785 pro-

1690 1788 1862 1843 ducit.
1932 1788 2099 1843 Cuius
2138 1788 2364 1857 quidem
2402 1788 2489 1843 rei
2531 1788 2754 1842 etiamsi
2792 1788 2856 1841 in

1690 1859 2185 1914 terminationibus
2242 1858 2517 1915 secundae
2575 1876 2855 1928 personae

1686 1931 1998 2001 praesentis
2036 1931 2309 2001 temporis
2345 1930 2503 1986 aliud
2528 1931 2851 2000 exemplum

1690 2006 1980 2072 repertum
2014 2018 2129 2056 non
2168 2002 2259 2071 sit,
2295 2006 2488 2057 tamen
2511 2002 2633 2056 veri
2666 2002 2857 2056 simile

1690 2080 1793 2139 est,
1832 2091 1942 2128 non
1980 2090 2097 2129 esse
2142 2074 2311 2130 aliam
2362 2074 2641 2129 rationem
2680 2090 2855 2143 quam

1692 2144 2001 2200 formarum
2040 2145 2289 2201 eiusdem
2366 2162 2596 2201 ersonse
2630 2145 2687 2199 in
2726 2162 2857 2214 per·

1690 2216 1855 2271 fectis
1895 2217 2175 2272 coniunct.
2214 2221 2274 2271 et
2335 2218 2521 2271 uturis
2559 2215 2615 2269 II
2638 2216 2856 2285 (Carm.

1689 2288 1791 2358 111,
1827 2289 1915 2353 23,
1956 2290 2007 2344 3.
2096 2288 2193 2357 IV,
2228 2288 2282 2358 ⁷,
2320 2290 2407 2343 20.
2494 2288 2678 2357 Epist.
2714 2288 2760 2350 Ι,
2796 2290 2855 2357 6,

1688 2360 1776 2414 40.
1836 2359 1951 2414 Sat.
1990 2359 2061 2427 11,
2098 2360 2151 2428 2,
2191 2361 2276 2413 74.
2314 2362 2367 2425 ὅ,
2406 2361 2565 2429 101),
2601 2358 2857 2429 antiqui·

1688 2435 1781 2485 tus
1835 2432 2007 2487 etiam
2074 2432 2405 2487 terminatio
2468 2431 2522 2486 is
2582 2430 2643 2498 (2
2703 2448 2856 2500 pers.

1690 2502 2850 2644 ἓξῖἔὶηΡἙῗὲωἼζεὶέἰὲᾜῶἲίιῗὲηἱῒ

1690 2646 1779 2699 Ita
1822 2646 2134 2700 docuerunt
2180 2646 2548 2714 Ritschelius,
2594 2646 2849 2701 Fleckei-

1690 2733 1853 2771 senus
1868 2722 1925 2772 et
1942 2717 2241 2772 Corssenus
2263 2717 2339 2786 (U
2340 2718 2473 2772 eber
2490 2718 2851 2786 Aussprache

1690 2806 1743 2843 u.
1781 2805 1822 2842 s.
1860 2806 1929 2842 w.
1968 2786 2031 2843 T.
2066 2790 2108 2844 1.
2156 2806 2212 2859 p.
2250 2790 2359 2844 359
2394 2789 2482 2844 ed.
2517 2788 2583 2857 Ι).
2644 2818 2709 2829 -
2766 2790 2849 2845 he-

1689 2859 1915 2931 πίθηκε]
1986 2860 2064 2915 Ut
2127 2861 2453 2931 genetivum
2520 2860 2821 2931 intellegas
2836 2902 2851 2927 ,

1692 2948 1957 3001 compara
1992 2932 2191 2986 similis
2223 2932 2470 2986 notionis
2506 2932 2851 2987 adiectivum

1686 3004 1951 3073 prodique
1990 3003 2170 3057 carm.
2208 3004 2255 3071 I,
2297 3005 2378 3066 12,
2418 3006 2505 3058 37.
2552 3003 2597 3071 Ῑ,
2643 3003 2728 3071 18,
2766 3006 2851 3058 16.

1690 3074 1869 3144 Epist.
1916 3074 1959 3142 Ι,
1996 3076 2047 3137 7,
2084 3074 2184 3143 42;
2238 3074 2517 3145 benignus
2562 3075 2710 3128 enim
2764 3080 2853 3129 est

1692 3146 1791 3215 qui
1827 3146 2095 3215 liberalis,
2119 3146 2329 3217 largus,
2364 3146 2541 3201 etiam
2574 3146 2851 3217 prodigus

1689 3223 1795 3271 est.
1830 3216 2011 3287 Epist.
2034 3218 2077 3285 1,
2100 3220 2150 3286 ὅ,
2174 3220 2259 3272 11.
2292 3218 2476 3272 Carm.
2494 3217 2542 3287 1,
2564 3222 2650 3286 17,
2676 3221 2757 3271 15.
2778 3246 2849 3258 --

1689 3288 2101 3359 Saturnalibus]
2141 3306 2279 3357 quos
2320 3289 2439 3344 dies
2474 3288 2716 3343 Romani
2764 3289 2847 3343 fa·

1688 3360 1850 3414 cetiis
1886 3366 1945 3415 et
1982 3359 2131 3414 ludis
2167 3366 2225 3415 et
2250 3360 2521 3415 conviviis
2562 3361 2847 3416 dicabant.

1692 3460 1760 3471 -
1797 3432 1882 3486 m'l
1918 3434 2020 3501 est]
2068 3432 2387 3487 Refer-enda
2430 3436 2565 3487 sunt
2610 3433 2683 3487 ad
2718 3450 2849 3501 pro·

1690 3503 1903 3556 :timum
1940 3518 2179 3571 versum,
2229 3505 2291 3559 in
2336 3520 2448 3573 quo
2494 3504 2644 3558 inest
2680 3520 2847 3558 excu-

1691 3574 1856 3641 satio,
1894 3592 2064 3643 quam
2099 3575 2475 3645 Damasippus
2512 3593 2583 3629 ex
2618 3574 2849 3630 Horatii

1690 3652 1877 3700 mente
1916 3651 1975 3701 et
2010 3646 2171 3701 vultu
2200 3648 2360 3716 quasi
2391 3648 2579 3717 legere
2602 3648 2848 3701 videtur.

1691 3716 1786 3771 Nil
1842 3722 1943 3786 est,
1999 3718 2151 3787 quod
2204 3718 2505 3789 culpantur
2548 3722 2657 3773 oet.
2708 3718 2749 3773 i.
2796 3736 2849 3773 e.

1691 3787 1834 3842 nihil
1870 3788 2113 3858 expedit,
2164 3790 2316 3859 quod
2353 3794 2458 3845 eet.
2512 3818 2581 3829 -—·
2628 3788 2847 3859 paries]

1690 3860 1799 3927 Qui
1836 3860 2240 3915 sententiarum
2286 3861 2377 3916 vel
2412 3860 2717 3916 verborum
2752 3878 2849 3930 pe-

1690 3932 1857 3985 nuria
1908 3936 2261 4001 premuntur,
2316 3933 2546 4001 culpam
2594 3932 2655 3985 in
2700 3932 2849 3987 cala·

1688 4003 1797 4057 mis
1844 4003 2269 4072 parietibusque
2326 4004 2505 4058 inesse
2550 4020 2716 4073 saepe
2762 4020 2849 4057 so-

1690 4076 1811 4129 lent
1846 4074 2089 4129 clamare
2124 4092 2329 4143 eosque
2366 4074 2847 4159 exsecrationibus

1690 4151 2849 4273 {gssffimwffissffi‘zffi‘dzxzessssssssi

1692 4288 1905 4355 Quibus
1937 4288 2125 4343 verbis
2160 4290 2373 4344 comice
2418 4288 2649 4344 additur
2686 4295 2849 4358 atque

1690 4360 1889 4429 poetis,
1938 4360 2203 4428 quoniam
2251 4360 2337 4415 illi
2374 4362 2508 4415 irati
2550 4360 2847 4430 parietem,

1694 4430 1769 4485 ad
1804 4448 1971 4497 quem
2006 4432 2261 4487 sedentes
2283 4433 2375 4489 vel
2412 4433 2681 4487 cubantes
2714 4432 2847 4486 sci-i-

1694 4502 1857 4567 bunt,
1888 4503 2093 4573 pugnis
2130 4504 2363 4559 caedere
2394 4504 2595 4559 solent.
2640 4502 2849 4558 Simili·

1694 4578 1784 4628 ter
1820 4572 1973 4630 Pers.
2006 4578 2054 4642 1,
2082 4576 2211 4631 106:
2251 4575 2401 4646 „Neo
2434 4577 2687 4645 pluteum
2724 4592 2846 4630 cae-
