3092 5059
371 219 496 285 276

1321 218 1781 288 CARMINUM

765 368 954 483 Iam*
977 433 1119 484 nec
1169 418 1392 509 prata
1442 407 1694 507 rigent
1742 434 1883 485 nec
1932 408 2151 485 fluvii
2199 423 2550 512 strepunt

962 532 1314 610 Hiberna
1368 534 1549 610 nive
1598 536 1916 633 turgidi.

709 716 736 756 ο
769 682 1062 759 Nidum
1109 684 1329 779 ponit
1378 683 1555 783 Ityn
1607 684 1968 761 flebiliter
2023 711 2335 786 gemens

766 807 1047 885 Infelix
1099 812 1262 885 avis
1322 824 1400 886 et
1451 810 1873 908 Cecropiae
1928 810 2201 887 domus

769 934 1191 1011 Aeternum
1244 937 1776 1036 opprobrium,
1830 937 2041 1037 quod
2096 936 2298 1014 male
2359 937 2721 1012 barbaras

966 1062 1267 1160 Regum
1318 1075 1433 1137 est
1481 1062 1641 1136 ulta
1698 1061 2083 1139 libidines.

766 1210 1047 1286 Dicunt
1095 1210 1176 1284 in
1227 1222 1490 1285 tenero
1547 1212 1899 1305 gramine
1950 1210 2355 1312 pinguium

691 1370 738 1409 ιο
773 1333 1147 1412 Custodes
1203 1336 1463 1411 ovium
1519 1336 1858 1411 carmina
1911 1336 2165 1411 fistula

769 1459 1324 1560 Delectantque
1378 1460 1632 1555 deum,
1688 1462 1809 1536 cui
1860 1487 2093 1561 pecus
2146 1473 2221 1537 et
2270 1462 2477 1561 nigri

971 1584 1230 1663 Colles
1282 1586 1668 1663 Arcadiae
1720 1586 2048 1684 placent.

772 1733 1188 1812 Adduxere
1241 1736 1444 1811 sitim
1498 1751 1871 1834 tempora,
1932 1736 2267 1835 Vergili3

775 1860 928 1937 Sed
979 1887 1326 1960 pressum
1381 1860 1696 1941 Calibus
1749 1861 2032 1938 ducere
2081 1862 2449 1938 Liberum

373 2072 558 2123 tecum
571 2068 834 2123 attuleris
844 2067 1051 2123 bonam
1069 2072 1237 2139 atque
1255 2086 1523 2140 magnam

375 2140 615 2195 Cenam“
653 2144 758 2195 sto.
795 2144 900 2195 stc.
967 2139 1136 2211 „haec
1179 2142 1248 2211 si,
1295 2142 1524 2210 inquam

377 2212 658 2279 attuleris,
720 2216 952 2266 venuste
1011 2218 1226 2282 noster,
1290 2213 1524 2267 Cenabis

375 2283 518 2338 bene
535 2300 667 2337 nam
687 2282 776 2337 tui
798 2283 1029 2352 Catulli,
1051 2284 1255 2340 Plenus
1275 2284 1524 2340 sacculus

376 2360 460 2410 est
495 2372 828 2409 aranearum
864 2355 1002 2409 etc.“

448 2426 512 2481 V.
541 2429 592 2480 2.
628 2428 845 2483 animae
874 2426 1164 2497 Thraciae]
1201 2428 1524 2495 Aquilones.

378 2498 590 2553 colum.
625 2497 723 2568 XI,
760 2499 808 2564 2,
837 2498 928 2551 21:
970 2496 1170 2567 „Venti
1194 2498 1525 2569 septentrio·

375 2570 530 2625 nales
589 2569 686 2639 qui
741 2574 1016 2623 vocantur
1071 2570 1366 2625 Ornithiae
1423 2588 1525 2640 per

377 2641 494 2695 dies
537 2640 696 2695 XXX
741 2658 858 2695 esse
905 2642 1116 2711 solent;
1170 2646 1293 2697 tum
1339 2647 1396 2697 et
1441 2642 1524 2696 hi-

376 2712 558 2766 rundo
617 2712 892 2767 advenit.“
990 2713 1127 2768 Cum
1180 2730 1312 2768 vere
1369 2730 1526 2767 mare

375 2783 615 2838 navibus
651 2802 718 2837 ex
756 2781 938 2838 hieme
975 2786 1241 2854 aperitur.
1313 2786 1524 2854 Tempe·-

374 2871 502 2910 rare
538 2854 716 2925 igitur
754 2860 838 2909 est
881 2855 1122 2924 placare.
1200 2856 1524 2927 Comparari

375 2931 565 2996 potest
598 2924 940 2980 simillimum
967 2928 1228 2981 carminis
1264 2928 1310 2996 Ι,
1349 2934 1383 2981 4
1421 2928 1524 2981 ini-

375 2998 537 3052 tium.
599 3026 665 3037 --
720 2998 920 3067 infelix
967 2998 1110 3068 avis]
1163 3000 1246 3054 De
1294 2998 1525 3065 Procne,

376 3068 681 3124 Pandionis
715 3068 852 3135 filia,
887 3073 944 3125 et
976 3069 1153 3125 Tereo
1198 3088 1346 3141 rege,
1408 3071 1526 3125 eius

379 3141 602 3209 marito,
648 3142 772 3212 lege
809 3140 1073 3196 Ovidium
1118 3142 1251 3197 Met.
1293 3142 1384 3206 VI,
1421 3144 1526 3195 623

376 3230 495 3281 sqq.
533 3211 696 3267 Hom.
735 3212 839 3267 Od.
867 3213 1016 3281 XIX,
1042 3216 1164 3268 518.
1195 3231 1310 3284 sqq.
1344 3214 1524 3269 Schol.

378 3284 558 3338 Vatic.
601 3283 673 3339 ad
708 3283 956 3339 Rhesum
993 3287 1125 3339 547:
1187 3290 1310 3355 „naz
1346 3284 1380 3351 ἡ
1415 3285 1527 3356 μὲν

377 3349 605 3425 Πρόκνη
660 3359 736 3415 εἰς
790 3352 1002 3423 ἀηδόνα
1055 3352 1393 3428 μετεβλήθη,
1455 3354 1529 3415 ὥς

378 3432 468 3479 καὶ
511 3426 549 3495 ἤ
584 3420 872 3499 Φιλομήλα
929 3432 1004 3487 εἰς
1033 3424 1348 3499 χελιδόνα.“
1420 3428 1525 3482 Ne·

377 3514 484 3566 que
538 3498 705 3553 aliter
763 3499 913 3568 apud
967 3499 1266 3554 Horatium
1312 3499 1528 3554 Procne

377 3570 440 3623 in
475 3569 786 3636 lusciniam,
822 3570 1135 3625 Philomela
1179 3572 1239 3625 in
1274 3570 1526 3625 hirundi-

377 3658 507 3695 nem
543 3646 762 3697 mutata
809 3646 911 3710 est,
949 3646 1147 3697 contra
1193 3642 1342 3712 apud
1387 3642 1528 3697 alios

376 3711 583 3767 latinos
639 3717 834 3783 poetas
885 3712 1100 3769 Procne
1161 3715 1221 3767 in
1277 3714 1527 3768 hirundi-

379 3801 536 3850 nem,
592 3784 902 3840 Philomela
956 3786 1015 3840 in
1069 3785 1380 3841 lusciniam.
1451 3785 1530 3839 Et

379 3856 614 3911 luscinia
670 3873 888 3926 quoque
946 3857 1146 3912 nuntia
1204 3858 1352 3911 veris
1413 3860 1521 3919 est,

377 3932 444 3981 ut
477 3928 537 3981 in
573 3929 775 3999 fragm.
814 3928 1126 4015 Sapphonis
1169 3931 1248 3982 19.
1301 3928 1522 3983 Schnei-

378 3999 543 4054 dew.:
651 3992 812 4069 „⁷²19oe
866 4004 1113 4071 αγγελός,
1171 3994 1335 4069 ἱμερό
1389 4016 1526 4057 ωνος

378 4066 618 4137 ἆηιξών.“
657 4070 808 4127 Olim
845 4090 972 4127 cum
1006 4072 1132 4127 aliis
1165 4072 1332 4125 hirun
1379 4070 1524 4125 'nem

379 4142 621 4197 indicari
666 4144 957 4213 putabam,
1003 4160 1202 4213 parum
1238 4148 1523 4211 reputans,

378 4213 676 4284 lugubrem
739 4220 964 4270 cantum
1019 4232 1133 4269 non
1188 4214 1522 4282 hirundinis,

379 4285 475 4339 sed
512 4286 779 4341 lusciniae
828 4304 946 4341 esse
981 4292 1039 4341 et
1081 4286 1261 4341 multo
1305 4286 1522 4341 suavio-

378 4374 592 4482 {223
595 4358 1408 4498 ⁸2.i1¹3?.⁸³22”2m¹⁰;?;”333112¹}¹.
1434 4375 1523 4483 ⁸321

379 4498 760 4555 aedificiorum
810 4500 1122 4569 parietibus
1175 4501 1370 4555 nidum

383 4569 580 4624 nentis.
605 4572 881 4641 Compara
899 4572 1070 4628 etiam
1089 4572 1300 4643 Vergil.
1323 4572 1523 4641 Georg-

1626 2070 1719 2135 IV,
1761 2072 1859 2123 511
1884 2088 2004 2139 sqq.
2043 2070 2290 2125 Martial.
2324 2068 2395 2138 X,
2420 2070 2510 2138 52,
2548 2070 2605 2122 2:
2643 2066 2773 2137 „Ri-

1625 2141 1723 2196 det
1772 2159 1927 2213 ager,
1981 2142 2222 2197 vestitur
2266 2142 2487 2204 humus,
2534 2140 2774 2195 vestitur

1628 2218 1684 2267 et
1734 2214 1921 2283 arbos,
1980 2214 2274 2267 Ismarium
2328 2213 2527 2282 paelex
2583 2211 2775 2265 Attica

1624 2284 1814 2353 plorat
1848 2285 2038 2353 Ityn;“
2080 2286 2177 2339 ubi
2214 2285 2449 2339 luscinia
2486 2289 2588 2348 est,
2631 2298 2775 2352 quae

1626 2374 1859 2410 vernum
1895 2361 2117 2425 tempus
2152 2356 2364 2411 indicat
2399 2360 2459 2411 et
2490 2356 2621 2424 Ityn
2653 2354 2775 2422 plo·

1627 2431 1735 2488 rat,
1783 2445 2102 2497 quanquam
2142 2428 2335 2496 paelex
2378 2428 2571 2481 Attica
2610 2427 2774 2479 Φιλο-

1677 2493 1773 2565 ήλα
1835 2503 1937 2568 est,
1996 2517 2109 2554 non
2164 2494 2406 2569 Πρόκνη.
2461 2526 2529 2538 —-—
2586 2512 2777 2566 oppro-

1626 2518 1822 2640 fir-ium]
1861 2570 1931 2625 de
1975 2588 2231 2640 persona,
2278 2575 2342 2626 ut
2380 2570 2603 2640 ἔλεγχος
2636 2566 2774 2624 ὄνει-

1630 2642 1727 2701 δος
1761 2642 1911 2710 apud
1948 2642 2271 2697 Homerum.
2329 2641 2397 2697 cf.
2439 2642 2503 2697 11.
2542 2642 2615 2711 II,
2651 2643 2777 2696 235.

1629 2740 1696 2751 —
1718 2714 1878 2784 male]
1916 2714 2083 2768 nimis
2108 2714 2401 2782 atrociter3
2438 2713 2511 2767 de
2544 2730 2657 2782 qua
2681 2712 2775 2767 ad-

1628 2783 1809 2838 verbii
1864 2785 2273 2855 significatione
2342 2784 2533 2840 confer
2592 2784 2773 2839 Gai-m.

1627 2856 1673 2923 I,
1728 2858 1813 2923 17,
1864 2858 1953 2911 24.
2026 2856 2141 2911 Sat.
2179 2857 2226 2925 Ι,
2263 2859 2315 2930 3,
2356 2858 2442 2911 sl.
2484 2857 2570 2911 45.
2642 2856 2687 2924 1,
2721 2856 2775 2923 4,

1629 2929 1715 2981 66.
1809 2928 1854 2995 Ι,
1914 2930 1965 2996 9,
2020 2930 2103 2982 65.
2197 2928 2265 2982 In
2318 2944 2517 2997 prosae
2572 2928 2776 2981 oratio·

1627 2998 1715 3052 nis
1774 2999 2145 3069 scriptoribus
2204 3016 2317 3054 non
2377 2999 2543 3054 facile
2597 2998 2776 3053 ullum

1628 3068 1793 3123 huius
1830 3071 2049 3140 generis
2090 3071 2408 3140 exemplum
2442 3070 2776 3125 invenietur.

1629 3170 1699 3180 -
1736 3142 2011 3211 libidines]
2059 3142 2300 3196 Pluralis
2352 3140 2777 3211 amplificandae

1628 3213 1713 3267 rei
1750 3230 1943 3267 causa:
1985 3214 2175 3282 quales
2213 3230 2329 3269 esse
2364 3214 2548 3269 solent
2576 3214 2777 3285 barba-

1628 3302 1821 3338 rorum
1865 3302 2061 3355 regum
2113 3284 2401 3355 libidines;
2458 3301 2777 3354 quanquam

1628 3354 1793 3409 Terei
1838 3357 2116 3426 imprimis
2160 3356 2339 3411 libido
2384 3362 2483 3411 tan
2530 3357 2655 3410 ’tur.
2704 3384 2775 3396 —-

1630 3426 1842 3496 dicunt]
1894 3432 2101 3483 canunt
2146 3432 2211 3481 ut
2262 3429 2442 3483 Carm.
2485 3375 2590 3497 III,
2636 3431 2689 3496 4,
2732 3431 2778 3481 1.

1633 3526 1700 3537 ——
1726 3498 2116 3569 delectantque]
2153 3500 2219 3553 In
2255 3500 2379 3554 aliis
2415 3505 2473 3554 et
2498 3499 2778 3554 codicibus

1630 3575 1686 3624 et
1711 3570 2054 3626 editionibus
2088 3570 2397 3638 delectante,
2435 3572 2506 3626 ad
2531 3570 2779 3626 fistulam

1630 3641 1901 3696 vocabulo
1938 3643 2133 3697 relato.
2200 3641 2307 3697 Sed
2341 3647 2593 3711 pastores
2629 3643 2777 3711 ipsos

1630 3711 1797 3767 deum
1813 3755 1827 3782 ,
1898 3714 2053 3768 Pana
2067 3755 2081 3782 ,
2150 3712 2431 3770 delectare
2501 3714 2779 3783 deumque

1632 3783 1789 3852 quasi
1817 3786 2132 3840 auscultare
2156 3784 2269 3840 illis
2297 3786 2625 3841 canentibus
2648 3802 2777 3855 poe·

1629 3861 1774 3939 tam·
1800 3858 1981 3928 magis
2045 3856 2218 3911 decet.
2302 3856 2480 3913 Recte
2536 3856 2775 3942 fortasse

1626 3933 1892 4070 ³33?
1902 3928 2779 4067 fixaiigff⁰1zssssxpl²3233⁶3fi³⁸zff

1628 4072 1911 4124 713—715
1949 4072 2177 4141 scripta.
2218 4100 2283 4111 —-
2320 4071 2493 4144 nigri]
2539 4071 2672 4127 vide
2706 4071 2780 4126 ad

1627 4140 1809 4205 Carm‚
1847 4142 1893 4211 1,
1930 4144 2021 4205 21,
2062 4146 2112 4196 7.

1696 4212 1761 4267 V.
1803 4216 1883 4266 14.
1924 4212 2163 4284 Calibus]
2206 4215 2279 4269 cf.
2318 4214 2497 4269 Carm.
2524 4215 2680 4283 Ι,20,
2720 4215 2771 4268 9.

1629 4313 1693 4323 —-
1731 4283 1942 4354 dms]
1980 4286 2109 4341 vids
2148 4286 2222 4341 ad
2258 4286 2438 4341 Carm.
2475 4286 2521 4355 1,
2562 4288 2644 4341 17.
2682 4288 2769 4339 22.

1627 4385 1693 4396 -
1725 4355 1981 4411 iuvenum
2014 4357 2274 4413 nobilium
2321 4359 2627 4429 Agrippae,
2650 4358 2780 4412 Pol·

1622 4428 1807 4494 lionis,
1850 4428 2108 4497 aliorum,
2140 4447 2249 4498 apu
2328 4447 2465 4498 quos
2499 4429 2779 4513 gratiosus

1426 4518 1523 4571 po-
1624 4504 1747 4553 erat
1771 4498 2071 4569 Vergilius.
2106 4500 2250 4556 Nam
2285 4502 2429 4555 nihil
2465 4503 2581 4555 msi
2616 4500 2780 4556 favor

1624 4574 1683 4624 et
1742 4570 2099 4627 familiaritas
2154 4572 2430 4641 quaedam
2482 4573 2775 4627 hominum
