<?xml version="1.0" encoding="UTF-8"?>
<!DOCTYPE html PUBLIC "-//W3C//DTD XHTML 1.0 Transitional//EN"
    "http://www.w3.org/TR/xhtml1/DTD/xhtml1-transitional.dtd">
<html xmlns="http://www.w3.org/1999/xhtml" xml:lang="en" lang="en">
 <head>
  <title>
</title>
<meta http-equiv="Content-Type" content="text/html;charset=utf-8" />
  <meta name='ocr-system' content='tesseract 3.04.00' />
  <meta name='ocr-capabilities' content='ocr_page ocr_carea ocr_par ocr_line ocrx_word'/>
</head>
<body>
  <div class='ocr_page' id='page_1' title='image "./qhoratiiflaccio05unkngoog/qhoratiiflaccio05unkngoog_0488.png"; bbox 0 0 3092 5059; ppageno 0'>
   <div class='ocr_carea' id='block_1_1' title="bbox 447 220 572 285">
    <p class='ocr_par' dir='ltr' id='par_1_1' title="bbox 447 220 572 285">
     <span class='ocr_line' id='line_1_1' title="bbox 447 220 572 285; baseline 0 0"><span class='ocrx_word' id='word_1_1' title='bbox 447 220 572 285; x_wconf 84' lang='lat'><strong>458</strong></span> 
     </span>
    </p>
   </div>
   <div class='ocr_carea' id='block_1_2' title="bbox 1395 220 1901 289">
    <p class='ocr_par' dir='ltr' id='par_1_2' title="bbox 1395 220 1901 289">
     <span class='ocr_line' id='line_1_2' title="bbox 1395 220 1901 289; baseline 0.004 -4"><span class='ocrx_word' id='word_1_2' title='bbox 1395 220 1901 289; x_wconf 73' lang='lat' dir='ltr'>SATIRARUM</span> 
     </span>
    </p>
   </div>
   <div class='ocr_carea' id='block_1_3' title="bbox 457 406 2852 2389">
    <p class='ocr_par' dir='ltr' id='par_1_3' title="bbox 457 406 2852 2389">
     <span class='ocr_line' id='line_1_3' title="bbox 547 406 2425 510; baseline 0.002 -28"><span class='ocrx_word' id='word_1_3' title='bbox 547 406 758 483; x_wconf 85' lang='lat' dir='ltr'><strong>Ante</strong></span> <span class='ocrx_word' id='word_1_4' title='bbox 805 434 1062 485; x_wconf 91' lang='lat' dir='ltr'><strong>meum</strong></span> <span class='ocrx_word' id='word_1_5' title='bbox 1113 408 1310 486; x_wconf 84' lang='lat' dir='ltr'><strong>nulli</strong></span> <span class='ocrx_word' id='word_1_6' title='bbox 1359 412 1609 508; x_wconf 82' lang='lat' dir='ltr'><strong>patuit</strong></span> <span class='ocrx_word' id='word_1_7' title='bbox 1660 411 2007 510; x_wconf 85' lang='lat' dir='ltr'><strong>quaesita</strong></span> <span class='ocrx_word' id='word_1_8' title='bbox 2055 408 2425 508; x_wconf 76' lang='lat' dir='ltr'><strong>palatum.</strong></span> 
     </span>
     <span class='ocr_line' id='line_1_4' title="bbox 547 531 2852 635; baseline -0.001 -26"><span class='ocrx_word' id='word_1_9' title='bbox 547 531 740 609; x_wconf 84' lang='lat' dir='ltr'><strong>Sunt</strong></span> <span class='ocrx_word' id='word_1_10' title='bbox 785 559 1114 635; x_wconf 89' lang='lat' dir='ltr'><strong>quorum</strong></span> <span class='ocrx_word' id='word_1_11' title='bbox 1150 535 1544 635; x_wconf 82' lang='lat' dir='ltr'>ingenium</span> <span class='ocrx_word' id='word_1_12' title='bbox 1582 562 1789 613; x_wconf 83' lang='lat' dir='ltr'><strong>nova</strong></span> <span class='ocrx_word' id='word_1_13' title='bbox 1822 548 2117 613; x_wconf 88' lang='lat' dir='ltr'><strong>tantum</strong></span> <span class='ocrx_word' id='word_1_14' title='bbox 2157 533 2496 611; x_wconf 89' lang='lat' dir='ltr'><strong>crustula</strong></span> <span class='ocrx_word' id='word_1_15' title='bbox 2526 535 2852 632; x_wconf 85' lang='lat' dir='ltr'><strong>promit:</strong></span> 
     </span>
     <span class='ocr_line' id='line_1_5' title="bbox 543 657 2622 758; baseline 0 -25"><span class='ocrx_word' id='word_1_16' title='bbox 543 657 1053 758; x_wconf 77' lang='lat' dir='ltr'><strong>Nequaquam</strong></span> <span class='ocrx_word' id='word_1_17' title='bbox 1107 660 1290 737; x_wconf 86' lang='lat' dir='ltr'><strong>satis</strong></span> <span class='ocrx_word' id='word_1_18' title='bbox 1341 661 1424 735; x_wconf 94' lang='lat' dir='ltr'><strong>in</strong></span> <span class='ocrx_word' id='word_1_19' title='bbox 1477 686 1565 737; x_wconf 88' lang='lat' dir='ltr'><strong>re</strong></span> <span class='ocrx_word' id='word_1_20' title='bbox 1612 688 1768 736; x_wconf 92' lang='lat' dir='ltr'><strong>una</strong></span> <span class='ocrx_word' id='word_1_21' title='bbox 1818 686 2271 738; x_wconf 80' lang='lat' dir='ltr'><strong>consumere</strong></span> <span class='ocrx_word' id='word_1_22' title='bbox 2322 668 2622 754; x_wconf 83' lang='lat' dir='ltr'><strong>curam3&#39;</strong></span> 
     </span>
     <span class='ocr_line' id='line_1_6' title="bbox 545 782 2747 883; baseline -0 -23"><span class='ocrx_word' id='word_1_23' title='bbox 545 782 644 860; x_wconf 88' lang='lat' dir='ltr'><strong>Ut</strong></span> <span class='ocrx_word' id='word_1_24' title='bbox 693 784 760 859; x_wconf 88' lang='lat' dir='ltr'><strong>si</strong></span> <span class='ocrx_word' id='word_1_25' title='bbox 811 784 982 883; x_wconf 89' lang='lat' dir='ltr'><strong>quis</strong></span> <span class='ocrx_word' id='word_1_26' title='bbox 1033 784 1282 861; x_wconf 89' lang='lat' dir='ltr'><strong>solum</strong></span> <span class='ocrx_word' id='word_1_27' title='bbox 1333 786 1504 883; x_wconf 87' lang='lat' dir='ltr'><strong>hoc,</strong></span> <span class='ocrx_word' id='word_1_28' title='bbox 1560 786 1767 864; x_wconf 87' lang='lat' dir='ltr'><strong>mala</strong></span> <span class='ocrx_word' id='word_1_29' title='bbox 1818 813 1916 864; x_wconf 89' lang='lat' dir='ltr'><strong>ne</strong></span> <span class='ocrx_word' id='word_1_30' title='bbox 1964 788 2117 863; x_wconf 89' lang='lat' dir='ltr'><strong>sint</strong></span> <span class='ocrx_word' id='word_1_31' title='bbox 2164 786 2367 881; x_wconf 84' lang='lat' dir='ltr'><strong>vina,</strong></span> <span class='ocrx_word' id='word_1_32' title='bbox 2420 784 2747 880; x_wconf 87' lang='lat' dir='ltr'><strong>laboret,</strong></span> 
     </span>
     <span class='ocr_line' id='line_1_7' title="bbox 462 907 2197 1012; baseline 0.003 -32"><span class='ocrx_word' id='word_1_33' title='bbox 462 938 514 980; x_wconf 73' lang='grc' dir='ltr'><strong><em>ω</em></strong></span> <span class='ocrx_word' id='word_1_34' title='bbox 552 907 786 1000; x_wconf 85' lang='lat' dir='ltr'><strong>Quali</strong></span> <span class='ocrx_word' id='word_1_35' title='bbox 834 912 1258 1007; x_wconf 84' lang='lat' dir='ltr'><strong>perfundat</strong></span> <span class='ocrx_word' id='word_1_36' title='bbox 1305 912 1555 1012; x_wconf 86' lang='lat' dir='ltr'><strong>pisces</strong></span> <span class='ocrx_word' id='word_1_37' title='bbox 1600 938 1912 989; x_wconf 90' lang='lat' dir='ltr'><strong>securus</strong></span> <span class='ocrx_word' id='word_1_38' title='bbox 1964 911 2197 987; x_wconf 81' lang='lat' dir='ltr'><strong>olivo.</strong></span> 
     </span>
     <span class='ocr_line' id='line_1_8' title="bbox 543 1037 2273 1138; baseline 0.001 -28"><span class='ocrx_word' id='word_1_39' title='bbox 543 1037 873 1112; x_wconf 87' lang='lat' dir='ltr'><strong>Massica</strong></span> <span class='ocrx_word' id='word_1_40' title='bbox 921 1038 988 1113; x_wconf 91' lang='lat' dir='ltr'><strong>si</strong></span> <span class='ocrx_word' id='word_1_41' title='bbox 1041 1038 1254 1114; x_wconf 88' lang='lat' dir='ltr'><strong>caelo</strong></span> <span class='ocrx_word' id='word_1_42' title='bbox 1307 1064 1699 1138; x_wconf 86' lang='lat' dir='ltr'><strong>supponas</strong></span> <span class='ocrx_word' id='word_1_43' title='bbox 1752 1038 1935 1113; x_wconf 83' lang='lat' dir='ltr'><strong>vina</strong></span> <span class='ocrx_word' id='word_1_44' title='bbox 1978 1061 2273 1131; x_wconf 87' lang='lat' dir='ltr'><strong>serene,</strong></span> 
     </span>
     <span class='ocr_line' id='line_1_9' title="bbox 542 1159 2523 1261; baseline 0.002 -27"><span class='ocrx_word' id='word_1_45' title='bbox 542 1159 954 1257; x_wconf 81' lang='lat' dir='ltr'>Nocturna,</span> <span class='ocrx_word' id='word_1_46' title='bbox 1009 1161 1074 1237; x_wconf 90' lang='lat' dir='ltr'><strong>si</strong></span> <span class='ocrx_word' id='word_1_47' title='bbox 1127 1161 1319 1261; x_wconf 88' lang='lat' dir='ltr'><strong>quid</strong></span> <span class='ocrx_word' id='word_1_48' title='bbox 1369 1162 1610 1238; x_wconf 87' lang='lat' dir='ltr'><strong>crassi</strong></span> <span class='ocrx_word' id='word_1_49' title='bbox 1652 1174 1788 1248; x_wconf 85' lang='lat' dir='ltr'><strong>est,</strong></span> <span class='ocrx_word' id='word_1_50' title='bbox 1842 1161 2283 1237; x_wconf 80' lang='lat' dir='ltr'><strong>tenuabitur</strong></span> <span class='ocrx_word' id='word_1_51' title='bbox 2332 1186 2523 1237; x_wconf 84' lang='lat' dir='ltr'><strong>aura</strong></span> 
     </span>
     <span class='ocr_line' id='line_1_10' title="bbox 543 1283 2331 1383; baseline 0.002 -26"><span class='ocrx_word' id='word_1_52' title='bbox 543 1284 637 1358; x_wconf 89' lang='lat' dir='ltr'><strong>Et</strong></span> <span class='ocrx_word' id='word_1_53' title='bbox 689 1283 1016 1362; x_wconf 78' lang='lat' dir='ltr'><strong>decedet</strong></span> <span class='ocrx_word' id='word_1_54' title='bbox 1065 1286 1263 1362; x_wconf 90' lang='lat' dir='ltr'><strong>odor</strong></span> <span class='ocrx_word' id='word_1_55' title='bbox 1313 1287 1572 1364; x_wconf 85' lang='lat' dir='ltr'><strong>nervis</strong></span> <span class='ocrx_word' id='word_1_56' title='bbox 1619 1286 2012 1383; x_wconf 85' lang='lat' dir='ltr'><strong>inimicus3</strong></span> <span class='ocrx_word' id='word_1_57' title='bbox 2064 1298 2145 1363; x_wconf 89' lang='lat' dir='ltr'><strong>at</strong></span> <span class='ocrx_word' id='word_1_58' title='bbox 2193 1284 2331 1361; x_wconf 89' lang='lat' dir='ltr'><strong>illa</strong></span> 
     </span>
     <span class='ocr_line' id='line_1_11' title="bbox 542 1409 2290 1511; baseline 0.002 -28"><span class='ocrx_word' id='word_1_59' title='bbox 542 1409 942 1508; x_wconf 80' lang='lat' dir='ltr'><strong>Integrum</strong></span> <span class='ocrx_word' id='word_1_60' title='bbox 994 1411 1330 1511; x_wconf 86' lang='lat' dir='ltr'><strong>perdunt</strong></span> <span class='ocrx_word' id='word_1_61' title='bbox 1378 1412 1540 1489; x_wconf 91' lang='lat' dir='ltr'><strong>lino</strong></span> <span class='ocrx_word' id='word_1_62' title='bbox 1590 1412 1859 1489; x_wconf 87' lang='lat' dir='ltr'><strong>vitiata</strong></span> <span class='ocrx_word' id='word_1_63' title='bbox 1910 1438 2290 1511; x_wconf 86' lang='lat' dir='ltr'><strong>saporem.</strong></span> 
     </span>
     <span class='ocr_line' id='line_1_12' title="bbox 457 1533 2422 1637; baseline 0.003 -30"><span class='ocrx_word' id='word_1_64' title='bbox 457 1565 508 1607; x_wconf 71' lang='grc' dir='ltr'><em>ω</em></span> <span class='ocrx_word' id='word_1_65' title='bbox 545 1533 996 1613; x_wconf 86' lang='lat' dir='ltr'><strong>Surrentina</strong></span> <span class='ocrx_word' id='word_1_66' title='bbox 1044 1537 1262 1613; x_wconf 80' lang='lat' dir='ltr'><strong>vafer</strong></span> <span class='ocrx_word' id='word_1_67' title='bbox 1314 1538 1452 1637; x_wconf 93' lang='lat' dir='ltr'><strong>qui</strong></span> <span class='ocrx_word' id='word_1_68' title='bbox 1501 1538 1773 1614; x_wconf 88' lang='lat' dir='ltr'><strong>miscet</strong></span> <span class='ocrx_word' id='word_1_69' title='bbox 1821 1536 2039 1613; x_wconf 79' lang='lat' dir='ltr'><strong>faece</strong></span> <span class='ocrx_word' id='word_1_70' title='bbox 2089 1536 2422 1613; x_wconf 86' lang='lat' dir='ltr'><strong>Falerna</strong></span> 
     </span>
     <span class='ocr_line' id='line_1_13' title="bbox 545 1660 2428 1760; baseline 0.002 -27"><span class='ocrx_word' id='word_1_71' title='bbox 545 1660 773 1757; x_wconf 86' lang='lat' dir='ltr'><strong>Vina,</strong></span> <span class='ocrx_word' id='word_1_72' title='bbox 831 1660 1276 1737; x_wconf 91' lang='lat' dir='ltr'><strong>columbino</strong></span> <span class='ocrx_word' id='word_1_73' title='bbox 1329 1661 1606 1738; x_wconf 90' lang='lat' dir='ltr'><strong>limum</strong></span> <span class='ocrx_word' id='word_1_74' title='bbox 1658 1662 1857 1739; x_wconf 89' lang='lat' dir='ltr'><strong>bene</strong></span> <span class='ocrx_word' id='word_1_75' title='bbox 1906 1661 2209 1760; x_wconf 77' lang='lat' dir='ltr'>colligit</span> <span class='ocrx_word' id='word_1_76' title='bbox 2254 1687 2428 1759; x_wconf 81' lang='lat' dir='ltr'><strong>ovo,</strong></span> 
     </span>
     <span class='ocr_line' id='line_1_14' title="bbox 543 1785 2431 1888; baseline -0.001 -25"><span class='ocrx_word' id='word_1_77' title='bbox 543 1785 938 1879; x_wconf 75' lang='lat' dir='ltr'><strong>Quatenus</strong></span> <span class='ocrx_word' id='word_1_78' title='bbox 985 1788 1146 1863; x_wconf 84' lang='lat' dir='ltr'><strong>ima</strong></span> <span class='ocrx_word' id='word_1_79' title='bbox 1193 1789 1390 1888; x_wconf 88' lang='lat' dir='ltr'><strong>petit</strong></span> <span class='ocrx_word' id='word_1_80' title='bbox 1431 1787 1751 1863; x_wconf 81' lang='lat' dir='ltr'><strong>volvens</strong></span> <span class='ocrx_word' id='word_1_81' title='bbox 1804 1786 2057 1863; x_wconf 83' lang='lat' dir='ltr'><strong>aliena</strong></span> <span class='ocrx_word' id='word_1_82' title='bbox 2098 1786 2431 1865; x_wconf 79' lang='lat' dir='ltr'><strong>vitel-lus.</strong></span> 
     </span>
     <span class='ocr_line' id='line_1_15' title="bbox 541 1910 2483 2012; baseline 0.001 -25"><span class='ocrx_word' id='word_1_83' title='bbox 541 1911 791 1987; x_wconf 84' lang='lat' dir='ltr'><strong>Testis</strong></span> <span class='ocrx_word' id='word_1_84' title='bbox 841 1924 1316 1989; x_wconf 78' lang='lat' dir='ltr'><strong>marcentem</strong></span> <span class='ocrx_word' id='word_1_85' title='bbox 1361 1912 1667 2012; x_wconf 76' lang='lat' dir='ltr'><strong>squillis</strong></span> <span class='ocrx_word' id='word_1_86' title='bbox 1716 1911 2105 1989; x_wconf 78' lang='lat' dir='ltr'><strong>recreabis</strong></span> <span class='ocrx_word' id='word_1_87' title='bbox 2156 1924 2234 1989; x_wconf 89' lang='lat' dir='ltr'><strong>et</strong></span> <span class='ocrx_word' id='word_1_88' title='bbox 2279 1910 2483 1989; x_wconf 86' lang='lat' dir='ltr'><strong>Afra</strong></span> 
     </span>
     <span class='ocr_line' id='line_1_16' title="bbox 543 2035 2377 2115; baseline 0.001 -4"><span class='ocrx_word' id='word_1_89' title='bbox 543 2036 906 2113; x_wconf 86' lang='lat' dir='ltr'><strong>Peterem</strong></span> <span class='ocrx_word' id='word_1_90' title='bbox 955 2038 1248 2115; x_wconf 71' lang='lat' dir='ltr'><strong>cocleae</strong></span> <span class='ocrx_word' id='word_1_91' title='bbox 1296 2063 1478 2113; x_wconf 88' lang='lat' dir='ltr'><strong>nam</strong></span> <span class='ocrx_word' id='word_1_92' title='bbox 1522 2035 1823 2115; x_wconf 86' lang='lat' dir='ltr'><strong>lactuca</strong></span> <span class='ocrx_word' id='word_1_93' title='bbox 1868 2038 2166 2115; x_wconf 85' lang='lat' dir='ltr'><strong>innatat</strong></span> <span class='ocrx_word' id='word_1_94' title='bbox 2214 2038 2377 2115; x_wconf 90' lang='lat' dir='ltr'><strong>acri</strong></span> 
     </span>
     <span class='ocr_line' id='line_1_17' title="bbox 457 2162 2820 2262; baseline 0.003 -29"><span class='ocrx_word' id='word_1_95' title='bbox 457 2193 510 2233; x_wconf 73' lang='grc' dir='ltr'><strong><em>ω</em></strong></span> <span class='ocrx_word' id='word_1_96' title='bbox 544 2162 727 2237; x_wconf 82' lang='lat' dir='ltr'><strong>Post</strong></span> <span class='ocrx_word' id='word_1_97' title='bbox 775 2164 1040 2240; x_wconf 87' lang='lat' dir='ltr'><strong>vinum</strong></span> <span class='ocrx_word' id='word_1_98' title='bbox 1093 2163 1522 2261; x_wconf 79' lang='lat' dir='ltr'><strong>stomach03</strong></span> <span class='ocrx_word' id='word_1_99' title='bbox 1578 2189 1821 2262; x_wconf 81' lang='lat' dir='ltr'><strong>perna</strong></span> <span class='ocrx_word' id='word_1_100' title='bbox 1868 2163 2115 2260; x_wconf 83' lang='lat' dir='ltr'><strong>magis</strong></span> <span class='ocrx_word' id='word_1_101' title='bbox 2164 2188 2259 2239; x_wconf 92' lang='lat' dir='ltr'><strong>ac</strong></span> <span class='ocrx_word' id='word_1_102' title='bbox 2308 2162 2557 2261; x_wconf 84' lang='lat' dir='ltr'><strong>magis</strong></span> <span class='ocrx_word' id='word_1_103' title='bbox 2610 2162 2820 2239; x_wconf 80' lang='lat' dir='ltr'><strong>hillis</strong></span> 
     </span>
     <span class='ocr_line' id='line_1_18' title="bbox 539 2287 2487 2389; baseline 0 -27"><span class='ocrx_word' id='word_1_104' title='bbox 539 2287 874 2388; x_wconf 86' lang='lat' dir='ltr'><strong>Flagitat</strong></span> <span class='ocrx_word' id='word_1_105' title='bbox 924 2290 1005 2364; x_wconf 91' lang='lat' dir='ltr'><strong>in</strong></span> <span class='ocrx_word' id='word_1_106' title='bbox 1058 2316 1356 2365; x_wconf 86' lang='lat' dir='ltr'><strong>morsus</strong></span> <span class='ocrx_word' id='word_1_107' title='bbox 1407 2289 1646 2384; x_wconf 86' lang='lat' dir='ltr'><strong>refici,</strong></span> <span class='ocrx_word' id='word_1_108' title='bbox 1702 2289 1890 2389; x_wconf 90' lang='lat' dir='ltr'><strong>quin</strong></span> <span class='ocrx_word' id='word_1_109' title='bbox 1938 2288 2198 2365; x_wconf 88' lang='lat' dir='ltr'><strong>omnia</strong></span> <span class='ocrx_word' id='word_1_110' title='bbox 2249 2287 2487 2384; x_wconf 84' lang='lat' dir='ltr'><strong>malit,-</strong></span> 
     </span>
    </p>
   </div>
   <div class='ocr_carea' id='block_1_4' title="bbox 439 2500 1597 4575">
    <p class='ocr_par' dir='ltr' id='par_1_4' title="bbox 439 2500 1597 4575">
     <span class='ocr_line' id='line_1_19' title="bbox 439 2500 1591 2569; baseline 0 -14"><span class='ocrx_word' id='word_1_111' title='bbox 439 2500 571 2555; x_wconf 75' lang='lat' dir='ltr'><strong>haec</strong></span> <span class='ocrx_word' id='word_1_112' title='bbox 607 2501 758 2569; x_wconf 65' lang='lat' dir='ltr'><strong>lepus</strong></span> <span class='ocrx_word' id='word_1_113' title='bbox 795 2500 925 2557; x_wconf 88' lang='lat' dir='ltr'><strong>dici.</strong></span> <span class='ocrx_word' id='word_1_114' title='bbox 962 2502 1034 2558; x_wconf 83' lang='lat' dir='ltr'><strong>cf.</strong></span> <span class='ocrx_word' id='word_1_115' title='bbox 1073 2502 1186 2557; x_wconf 85' lang='lat' dir='ltr'><strong>Sat.</strong></span> <span class='ocrx_word' id='word_1_116' title='bbox 1212 2503 1286 2568; x_wconf 92' lang='lat'><strong>11,</strong></span> <span class='ocrx_word' id='word_1_117' title='bbox 1323 2504 1381 2557; x_wconf 89' lang='grc'><strong>8.</strong></span> <span class='ocrx_word' id='word_1_118' title='bbox 1415 2502 1501 2556; x_wconf 84' lang='grc'><strong>89.</strong></span> <span class='ocrx_word' id='word_1_119' title='bbox 1523 2531 1591 2541; x_wconf 88' lang='grc'><strong>-</strong></span> 
     </span>
     <span class='ocr_line' id='line_1_20' title="bbox 440 2570 1597 2642; baseline 0.003 -17"><span class='ocrx_word' id='word_1_120' title='bbox 440 2570 618 2642; x_wconf 76' lang='lat' dir='ltr'><strong>aetas]</strong></span> <span class='ocrx_word' id='word_1_121' title='bbox 659 2572 848 2628; x_wconf 80' lang='lat' dir='ltr'><strong>Iuven.</strong></span> <span class='ocrx_word' id='word_1_122' title='bbox 868 2574 912 2635; x_wconf 88' lang='grc' dir='ltr'><strong>Ι,</strong></span> <span class='ocrx_word' id='word_1_123' title='bbox 931 2576 983 2641; x_wconf 82' lang='grc'><strong>4,</strong></span> <span class='ocrx_word' id='word_1_124' title='bbox 1010 2575 1138 2628; x_wconf 79' lang='lat'>140:</span> <span class='ocrx_word' id='word_1_125' title='bbox 1177 2574 1422 2639; x_wconf 88' lang='lat' dir='ltr'><strong>„Circeis</strong></span> <span class='ocrx_word' id='word_1_126' title='bbox 1459 2578 1597 2629; x_wconf 84' lang='lat' dir='ltr'><strong>nata</strong></span> 
     </span>
     <span class='ocr_line' id='line_1_21' title="bbox 441 2643 1594 2701; baseline 0.001 -4"><span class='ocrx_word' id='word_1_127' title='bbox 441 2643 630 2697; x_wconf 81' lang='lat' dir='ltr'><strong>forent</strong></span> <span class='ocrx_word' id='word_1_128' title='bbox 667 2662 737 2699; x_wconf 83' lang='lat' dir='ltr'><strong>an</strong></span> <span class='ocrx_word' id='word_1_129' title='bbox 773 2644 1084 2699; x_wconf 85' lang='lat' dir='ltr'><strong>Lucrinum</strong></span> <span class='ocrx_word' id='word_1_130' title='bbox 1125 2644 1202 2700; x_wconf 83' lang='lat' dir='ltr'><strong>ad</strong></span> <span class='ocrx_word' id='word_1_131' title='bbox 1247 2662 1444 2700; x_wconf 82' lang='lat' dir='ltr'><strong>saxum</strong></span> <span class='ocrx_word' id='word_1_132' title='bbox 1479 2644 1594 2701; x_wconf 87' lang='lat' dir='ltr'><strong>Ru-</strong></span> 
     </span>
     <span class='ocr_line' id='line_1_22' title="bbox 439 2715 1593 2784; baseline 0.002 -15"><span class='ocrx_word' id='word_1_133' title='bbox 439 2715 712 2784; x_wconf 80' lang='lat' dir='ltr'><strong>tupinove</strong></span> <span class='ocrx_word' id='word_1_134' title='bbox 745 2716 899 2771; x_wconf 85' lang='lat' dir='ltr'><strong>edita</strong></span> <span class='ocrx_word' id='word_1_135' title='bbox 942 2716 1118 2772; x_wconf 85' lang='lat' dir='ltr'><strong>fundo</strong></span> <span class='ocrx_word' id='word_1_136' title='bbox 1171 2715 1386 2784; x_wconf 82' lang='lat' dir='ltr'><strong>Ostrea,</strong></span> <span class='ocrx_word' id='word_1_137' title='bbox 1429 2718 1593 2771; x_wconf 86' lang='lat' dir='ltr'><strong>calle-</strong></span> 
     </span>
     <span class='ocr_line' id='line_1_23' title="bbox 440 2786 1594 2858; baseline 0.002 -17"><span class='ocrx_word' id='word_1_138' title='bbox 440 2786 542 2841; x_wconf 86' lang='lat' dir='ltr'><strong>bat</strong></span> <span class='ocrx_word' id='word_1_139' title='bbox 573 2788 758 2856; x_wconf 90' lang='lat' dir='ltr'><strong>primo</strong></span> <span class='ocrx_word' id='word_1_140' title='bbox 796 2788 1142 2858; x_wconf 82' lang='lat' dir='ltr'><strong>deprendere</strong></span> <span class='ocrx_word' id='word_1_141' title='bbox 1165 2807 1372 2851; x_wconf 84' lang='lat' dir='ltr'><strong>morsu,</strong></span> <span class='ocrx_word' id='word_1_142' title='bbox 1397 2788 1477 2842; x_wconf 83' lang='lat' dir='ltr'><strong>Et</strong></span> <span class='ocrx_word' id='word_1_143' title='bbox 1511 2806 1594 2843; x_wconf 89' lang='lat' dir='ltr'><strong>se-</strong></span> 
     </span>
     <span class='ocr_line' id='line_1_24' title="bbox 439 2858 1592 2927; baseline 0 -14"><span class='ocrx_word' id='word_1_144' title='bbox 439 2858 551 2913; x_wconf 88' lang='lat' dir='ltr'><strong>mel</strong></span> <span class='ocrx_word' id='word_1_145' title='bbox 613 2860 821 2927; x_wconf 77' lang='lat' dir='ltr'><strong>aspecti</strong></span> <span class='ocrx_word' id='word_1_146' title='bbox 875 2860 1014 2915; x_wconf 81' lang='lat' dir='ltr'><strong>litus</strong></span> <span class='ocrx_word' id='word_1_147' title='bbox 1071 2861 1298 2917; x_wconf 82' lang='lat' dir='ltr'><strong>dicebat</strong></span> <span class='ocrx_word' id='word_1_148' title='bbox 1353 2860 1592 2915; x_wconf 85' lang='lat' dir='ltr'><strong>echini.“</strong></span> 
     </span>
     <span class='ocr_line' id='line_1_25' title="bbox 442 2928 1595 3001; baseline 0.003 -18"><span class='ocrx_word' id='word_1_149' title='bbox 442 2928 552 2984; x_wconf 84' lang='lat' dir='ltr'><strong>Hic</strong></span> <span class='ocrx_word' id='word_1_150' title='bbox 595 2948 816 3000; x_wconf 88' lang='lat' dir='ltr'><strong>quoque</strong></span> <span class='ocrx_word' id='word_1_151' title='bbox 861 2932 1046 3001; x_wconf 88' lang='lat' dir='ltr'><strong>primo</strong></span> <span class='ocrx_word' id='word_1_152' title='bbox 1091 2950 1152 2989; x_wconf 88' lang='lat' dir='ltr'><strong>se</strong></span> <span class='ocrx_word' id='word_1_153' title='bbox 1199 2950 1390 2987; x_wconf 87' lang='lat' dir='ltr'><strong>morsu</strong></span> <span class='ocrx_word' id='word_1_154' title='bbox 1435 2931 1595 2987; x_wconf 90' lang='lat' dir='ltr'><strong>dino-</strong></span> 
     </span>
     <span class='ocr_line' id='line_1_26' title="bbox 439 3004 1595 3073; baseline 0.003 -18"><span class='ocrx_word' id='word_1_155' title='bbox 439 3018 594 3056; x_wconf 81' lang='lat' dir='ltr'><strong>scere</strong></span> <span class='ocrx_word' id='word_1_156' title='bbox 629 3019 792 3070; x_wconf 77' lang='lat' dir='ltr'><strong>posse</strong></span> <span class='ocrx_word' id='word_1_157' title='bbox 827 3004 1122 3073; x_wconf 81' lang='lat' dir='ltr'><strong>gloriatur,</strong></span> <span class='ocrx_word' id='word_1_158' title='bbox 1148 3006 1247 3059; x_wconf 90' lang='lat' dir='ltr'><strong>ubi</strong></span> <span class='ocrx_word' id='word_1_159' title='bbox 1271 3008 1438 3071; x_wconf 83' lang='lat' dir='ltr'><strong>natae</strong></span> <span class='ocrx_word' id='word_1_160' title='bbox 1464 3020 1595 3059; x_wconf 81' lang='lat' dir='ltr'><strong>aves</strong></span> 
     </span>
     <span class='ocr_line' id='line_1_27' title="bbox 441 3074 1593 3143; baseline 0.006 -17"><span class='ocrx_word' id='word_1_161' title='bbox 441 3078 500 3127; x_wconf 89' lang='lat' dir='ltr'><strong>et</strong></span> <span class='ocrx_word' id='word_1_162' title='bbox 534 3074 712 3141; x_wconf 81' lang='lat' dir='ltr'><strong>pisces</strong></span> <span class='ocrx_word' id='word_1_163' title='bbox 747 3078 808 3129; x_wconf 88' lang='lat' dir='ltr'><strong>et</strong></span> <span class='ocrx_word' id='word_1_164' title='bbox 843 3092 954 3143; x_wconf 85' lang='lat' dir='ltr'><strong>qua</strong></span> <span class='ocrx_word' id='word_1_165' title='bbox 989 3076 1104 3131; x_wconf 86' lang='lat' dir='ltr'><strong>sint</strong></span> <span class='ocrx_word' id='word_1_166' title='bbox 1137 3080 1322 3131; x_wconf 87' lang='lat' dir='ltr'><strong>aetate</strong></span> <span class='ocrx_word' id='word_1_167' title='bbox 1349 3104 1417 3117; x_wconf 92' lang='lat'><strong>--</strong></span> <span class='ocrx_word' id='word_1_168' title='bbox 1437 3076 1593 3134; x_wconf 71' lang='lat' dir='ltr'><strong>Mas·</strong></span> 
     </span>
     <span class='ocr_line' id='line_1_28' title="bbox 441 3142 1594 3218; baseline 0.002 -19"><span class='ocrx_word' id='word_1_169' title='bbox 441 3142 578 3214; x_wconf 71' lang='lat' dir='ltr'><strong>sica]</strong></span> <span class='ocrx_word' id='word_1_170' title='bbox 634 3146 725 3200; x_wconf 82' lang='lat' dir='ltr'><strong>Ab</strong></span> <span class='ocrx_word' id='word_1_171' title='bbox 780 3148 1036 3216; x_wconf 85' lang='lat' dir='ltr'><strong>exemplo</strong></span> <span class='ocrx_word' id='word_1_172' title='bbox 1083 3165 1194 3218; x_wconf 91' lang='lat' dir='ltr'><strong>quo</strong></span> <span class='ocrx_word' id='word_1_173' title='bbox 1241 3167 1294 3203; x_wconf 83' lang='lat' dir='ltr'><strong>v.</strong></span> <span class='ocrx_word' id='word_1_174' title='bbox 1341 3148 1414 3201; x_wconf 88' lang='grc'><strong>49</strong></span> <span class='ocrx_word' id='word_1_175' title='bbox 1463 3164 1594 3201; x_wconf 83' lang='lat' dir='ltr'><strong>usus</strong></span> 
     </span>
     <span class='ocr_line' id='line_1_29' title="bbox 441 3216 1593 3288; baseline 0.003 -19"><span class='ocrx_word' id='word_1_176' title='bbox 441 3220 528 3269; x_wconf 89' lang='lat' dir='ltr'><strong>est</strong></span> <span class='ocrx_word' id='word_1_177' title='bbox 571 3216 758 3271; x_wconf 86' lang='lat' dir='ltr'><strong>Catius</strong></span> <span class='ocrx_word' id='word_1_178' title='bbox 815 3218 968 3273; x_wconf 91' lang='lat' dir='ltr'><strong>ultro</strong></span> <span class='ocrx_word' id='word_1_179' title='bbox 1013 3220 1086 3273; x_wconf 86' lang='lat' dir='ltr'><strong>ad</strong></span> <span class='ocrx_word' id='word_1_180' title='bbox 1129 3221 1387 3275; x_wconf 80' lang='lat' dir='ltr'><strong>vinorum</strong></span> <span class='ocrx_word' id='word_1_181' title='bbox 1432 3236 1593 3288; x_wconf 86' lang='lat' dir='ltr'><strong>prae·</strong></span> 
     </span>
     <span class='ocr_line' id='line_1_30' title="bbox 443 3289 1593 3361; baseline 0.003 -20"><span class='ocrx_word' id='word_1_182' title='bbox 443 3292 605 3355; x_wconf 81' lang='lat' dir='ltr'><strong>cepta</strong></span> <span class='ocrx_word' id='word_1_183' title='bbox 650 3289 906 3344; x_wconf 77' lang='lat' dir='ltr'><strong>aufertur</strong></span> <span class='ocrx_word' id='word_1_184' title='bbox 947 3290 1006 3343; x_wconf 91' lang='lat' dir='ltr'><strong>in</strong></span> <span class='ocrx_word' id='word_1_185' title='bbox 1049 3291 1230 3361; x_wconf 88' lang='lat' dir='ltr'><strong>iisque</strong></span> <span class='ocrx_word' id='word_1_186' title='bbox 1269 3308 1372 3361; x_wconf 90' lang='lat' dir='ltr'><strong>per</strong></span> <span class='ocrx_word' id='word_1_187' title='bbox 1413 3292 1460 3344; x_wconf 88' lang='lat' dir='ltr'><strong>it</strong></span> <span class='ocrx_word' id='word_1_188' title='bbox 1504 3308 1593 3345; x_wconf 85' lang='lat' dir='ltr'><strong>ns·</strong></span> 
     </span>
     <span class='ocr_line' id='line_1_31' title="bbox 441 3360 1592 3427; baseline 0.001 -14"><span class='ocrx_word' id='word_1_189' title='bbox 441 3376 550 3427; x_wconf 87' lang='lat' dir='ltr'><strong>que</strong></span> <span class='ocrx_word' id='word_1_190' title='bbox 595 3360 670 3415; x_wconf 85' lang='lat' dir='ltr'><strong>ad</strong></span> <span class='ocrx_word' id='word_1_191' title='bbox 714 3378 766 3415; x_wconf 84' lang='lat' dir='ltr'><strong>v.</strong></span> <span class='ocrx_word' id='word_1_192' title='bbox 807 3363 892 3415; x_wconf 83' lang='lat'><strong>62.</strong></span> <span class='ocrx_word' id='word_1_193' title='bbox 943 3390 1010 3401; x_wconf 94' lang='lat'>—</span> <span class='ocrx_word' id='word_1_194' title='bbox 1055 3362 1378 3417; x_wconf 73' lang='lat' dir='ltr'><strong>tenuabitur</strong></span> <span class='ocrx_word' id='word_1_195' title='bbox 1447 3362 1592 3416; x_wconf 88' lang='lat' dir='ltr'><strong>Plin.</strong></span> 
     </span>
     <span class='ocr_line' id='line_1_32' title="bbox 441 3430 1595 3504; baseline 0.004 -20"><span class='ocrx_word' id='word_1_196' title='bbox 441 3430 509 3484; x_wconf 80' lang='lat' dir='ltr'><strong>N.</strong></span> <span class='ocrx_word' id='word_1_197' title='bbox 553 3430 625 3485; x_wconf 88' lang='grc' dir='ltr'><strong>Η.</strong></span> <span class='ocrx_word' id='word_1_198' title='bbox 671 3430 816 3491; x_wconf 84' lang='lat' dir='ltr'>XIV.</span> <span class='ocrx_word' id='word_1_199' title='bbox 865 3434 963 3487; x_wconf 76' lang='lat'><strong>2⁷:</strong></span> <span class='ocrx_word' id='word_1_200' title='bbox 1044 3434 1417 3504; x_wconf 85' lang='lat' dir='ltr'><strong>„Campaniae</strong></span> <span class='ocrx_word' id='word_1_201' title='bbox 1461 3434 1595 3489; x_wconf 79' lang='lat' dir='ltr'><strong>vina</strong></span> 
     </span>
     <span class='ocr_line' id='line_1_33' title="bbox 440 3502 1593 3573; baseline 0.005 -19"><span class='ocrx_word' id='word_1_202' title='bbox 440 3502 792 3558; x_wconf 86' lang='lat' dir='ltr'><strong>nobilissima</strong></span> <span class='ocrx_word' id='word_1_203' title='bbox 839 3505 1094 3573; x_wconf 80' lang='lat' dir='ltr'><strong>exposita</strong></span> <span class='ocrx_word' id='word_1_204' title='bbox 1137 3506 1242 3561; x_wconf 87' lang='lat' dir='ltr'><strong>sub</strong></span> <span class='ocrx_word' id='word_1_205' title='bbox 1277 3506 1372 3560; x_wconf 87' lang='lat' dir='ltr'><strong>dio</strong></span> <span class='ocrx_word' id='word_1_206' title='bbox 1407 3506 1470 3559; x_wconf 92' lang='lat' dir='ltr'><strong>in</strong></span> <span class='ocrx_word' id='word_1_207' title='bbox 1505 3523 1593 3560; x_wconf 82' lang='lat' dir='ltr'><strong>ca·</strong></span> 
     </span>
     <span class='ocr_line' id='line_1_34' title="bbox 441 3570 1592 3645; baseline 0.004 -19"><span class='ocrx_word' id='word_1_208' title='bbox 441 3570 530 3627; x_wconf 88' lang='lat' dir='ltr'><strong>dis</strong></span> <span class='ocrx_word' id='word_1_209' title='bbox 565 3576 852 3629; x_wconf 81' lang='lat' dir='ltr'><strong>verberari</strong></span> <span class='ocrx_word' id='word_1_210' title='bbox 889 3576 1022 3644; x_wconf 86' lang='lat' dir='ltr'><strong>sole,</strong></span> <span class='ocrx_word' id='word_1_211' title='bbox 1047 3577 1198 3645; x_wconf 85' lang='lat' dir='ltr'><strong>luna,</strong></span> <span class='ocrx_word' id='word_1_212' title='bbox 1233 3577 1435 3640; x_wconf 83' lang='lat' dir='ltr'><strong>imbre,</strong></span> <span class='ocrx_word' id='word_1_213' title='bbox 1462 3594 1592 3631; x_wconf 89' lang='lat' dir='ltr'><strong>ven·</strong></span> 
     </span>
     <span class='ocr_line' id='line_1_35' title="bbox 441 3645 1593 3718; baseline 0.003 -19"><span class='ocrx_word' id='word_1_214' title='bbox 441 3645 515 3698; x_wconf 83' lang='lat' dir='ltr'><strong>tis</strong></span> <span class='ocrx_word' id='word_1_215' title='bbox 551 3646 904 3715; x_wconf 87' lang='lat' dir='ltr'><strong>aptissimum</strong></span> <span class='ocrx_word' id='word_1_216' title='bbox 936 3648 1216 3703; x_wconf 82' lang='lat' dir='ltr'><strong>videtur.“</strong></span> <span class='ocrx_word' id='word_1_217' title='bbox 1253 3648 1593 3718; x_wconf 81' lang='lat' dir='ltr'><strong>Porphyrio-</strong></span> 
     </span>
     <span class='ocr_line' id='line_1_36' title="bbox 440 3718 1595 3785; baseline 0.005 -16"><span class='ocrx_word' id='word_1_218' title='bbox 440 3734 570 3771; x_wconf 86' lang='lat' dir='ltr'><strong>nem</strong></span> <span class='ocrx_word' id='word_1_219' title='bbox 605 3718 654 3771; x_wconf 84' lang='lat' dir='ltr'><strong>si</strong></span> <span class='ocrx_word' id='word_1_220' title='bbox 689 3719 966 3785; x_wconf 85' lang='lat' dir='ltr'><strong>audimus,</strong></span> <span class='ocrx_word' id='word_1_221' title='bbox 995 3738 1060 3773; x_wconf 86' lang='lat' dir='ltr'><strong>ea</strong></span> <span class='ocrx_word' id='word_1_222' title='bbox 1095 3725 1314 3775; x_wconf 83' lang='lat' dir='ltr'><strong>tantum</strong></span> <span class='ocrx_word' id='word_1_223' title='bbox 1341 3720 1595 3775; x_wconf 67' lang='lat' dir='ltr'><strong>Massica</strong></span> 
     </span>
     <span class='ocr_line' id='line_1_37' title="bbox 440 3790 1593 3862; baseline 0.003 -19"><span class='ocrx_word' id='word_1_224' title='bbox 440 3804 638 3843; x_wconf 86' lang='lat' dir='ltr'><strong>sereno</strong></span> <span class='ocrx_word' id='word_1_225' title='bbox 693 3790 846 3845; x_wconf 87' lang='lat' dir='ltr'><strong>caelo</strong></span> <span class='ocrx_word' id='word_1_226' title='bbox 909 3793 1302 3862; x_wconf 75' lang='lat' dir='ltr'><strong>supponebant</strong></span> <span class='ocrx_word' id='word_1_227' title='bbox 1353 3792 1593 3861; x_wconf 82' lang='lat' dir='ltr'><strong>antiqui,</strong></span> 
     </span>
     <span class='ocr_line' id='line_1_38' title="bbox 441 3862 1592 3933; baseline 0.003 -20"><span class='ocrx_word' id='word_1_228' title='bbox 441 3877 586 3929; x_wconf 84' lang='lat' dir='ltr'><strong>quae</strong></span> <span class='ocrx_word' id='word_1_229' title='bbox 619 3862 812 3930; x_wconf 86' lang='lat' dir='ltr'><strong>poturi</strong></span> <span class='ocrx_word' id='word_1_230' title='bbox 845 3868 1010 3918; x_wconf 87' lang='lat' dir='ltr'><strong>erant</strong></span> <span class='ocrx_word' id='word_1_231' title='bbox 1043 3863 1358 3933; x_wconf 82' lang='lat' dir='ltr'><strong>insequenti</strong></span> <span class='ocrx_word' id='word_1_232' title='bbox 1385 3864 1494 3919; x_wconf 89' lang='lat' dir='ltr'><strong>die.</strong></span> <span class='ocrx_word' id='word_1_233' title='bbox 1523 3892 1592 3903; x_wconf 90' lang='lat'><strong>--</strong></span> 
     </span>
     <span class='ocr_line' id='line_1_39' title="bbox 443 3932 1592 4006; baseline 0.004 -22"><span class='ocrx_word' id='word_1_234' title='bbox 443 3932 644 4002; x_wconf 64' lang='lat' dir='ltr'><strong>monle]</strong></span> <span class='ocrx_word' id='word_1_235' title='bbox 689 3934 930 4003; x_wconf 87' lang='lat' dir='ltr'><strong>corpori.</strong></span> <span class='ocrx_word' id='word_1_236' title='bbox 1007 3935 1078 3990; x_wconf 82' lang='lat' dir='ltr'><strong>cf.</strong></span> <span class='ocrx_word' id='word_1_237' title='bbox 1115 3936 1298 4006; x_wconf 85' lang='lat' dir='ltr'><strong>Epist.</strong></span> <span class='ocrx_word' id='word_1_238' title='bbox 1335 3936 1380 3995; x_wconf 83' lang='grc' dir='ltr'><strong>Ι.</strong></span> <span class='ocrx_word' id='word_1_239' title='bbox 1422 3937 1504 3999; x_wconf 84' lang='grc'><strong>15,</strong></span> <span class='ocrx_word' id='word_1_240' title='bbox 1539 3939 1592 3990; x_wconf 94' lang='grc'><strong>6.</strong></span> 
     </span>
     <span class='ocr_line' id='line_1_40' title="bbox 443 4002 1591 4075; baseline 0.003 -19"><span class='ocrx_word' id='word_1_241' title='bbox 443 4032 510 4043; x_wconf 88' lang='lat'><strong>-—-</strong></span> <span class='ocrx_word' id='word_1_242' title='bbox 529 4002 644 4058; x_wconf 74' lang='lat' dir='ltr'><strong>lino</strong></span> <span class='ocrx_word' id='word_1_243' title='bbox 669 4005 896 4075; x_wconf 72' lang='lat' dir='ltr'><strong>vitiata]</strong></span> <span class='ocrx_word' id='word_1_244' title='bbox 921 4006 1052 4061; x_wconf 83' lang='lat' dir='ltr'><strong>vide</strong></span> <span class='ocrx_word' id='word_1_245' title='bbox 1077 4008 1147 4061; x_wconf 86' lang='lat' dir='ltr'><strong>ad</strong></span> <span class='ocrx_word' id='word_1_246' title='bbox 1167 4008 1348 4063; x_wconf 74' lang='lat' dir='ltr'><strong>Carni.</strong></span> <span class='ocrx_word' id='word_1_247' title='bbox 1367 4006 1412 4071; x_wconf 84' lang='grc' dir='ltr'><strong>Ι,</strong></span> <span class='ocrx_word' id='word_1_248' title='bbox 1437 4011 1461 4059; x_wconf 89' lang='lat'>1</span> <span class='ocrx_word' id='word_1_249' title='bbox 1477 4011 1520 4072; x_wconf 83' lang='lat' dir='ltr'><strong>l,</strong></span> <span class='ocrx_word' id='word_1_250' title='bbox 1537 4008 1591 4061; x_wconf 89' lang='grc'><strong>6.</strong></span> 
     </span>
     <span class='ocr_line' id='line_1_41' title="bbox 445 4074 1593 4146; baseline 0.005 -19"><span class='ocrx_word' id='word_1_251' title='bbox 445 4074 868 4146; x_wconf 71' lang='lat' dir='ltr'><strong>—Surrentinal</strong></span> <span class='ocrx_word' id='word_1_252' title='bbox 897 4078 1364 4145; x_wconf 83' lang='lat' dir='ltr'><strong>Plin.N.H.XIV‚</strong></span> <span class='ocrx_word' id='word_1_253' title='bbox 1383 4078 1442 4132; x_wconf 90' lang='lat'><strong>8:</strong></span> <span class='ocrx_word' id='word_1_254' title='bbox 1469 4079 1593 4145; x_wconf 84' lang='lat' dir='ltr'><strong>„Ad</strong></span> 
     </span>
     <span class='ocr_line' id='line_1_42' title="bbox 441 4146 1595 4217; baseline 0.006 -19"><span class='ocrx_word' id='word_1_255' title='bbox 441 4146 671 4201; x_wconf 84' lang='lat' dir='ltr'><strong>tertiam</strong></span> <span class='ocrx_word' id='word_1_256' title='bbox 715 4149 961 4217; x_wconf 82' lang='lat' dir='ltr'><strong>palmam</strong></span> <span class='ocrx_word' id='word_1_257' title='bbox 1009 4168 1212 4205; x_wconf 80' lang='lat' dir='ltr'><strong>venere</strong></span> <span class='ocrx_word' id='word_1_258' title='bbox 1261 4150 1595 4205; x_wconf 82' lang='lat' dir='ltr'><strong>Surrentina</strong></span> 
     </span>
     <span class='ocr_line' id='line_1_43' title="bbox 441 4220 1596 4290; baseline 0.003 -19"><span class='ocrx_word' id='word_1_259' title='bbox 441 4220 954 4275; x_wconf 83' lang='lat' dir='ltr'><strong>convalescentibus</strong></span> <span class='ocrx_word' id='word_1_260' title='bbox 1025 4223 1270 4277; x_wconf 87' lang='lat' dir='ltr'><strong>maxime</strong></span> <span class='ocrx_word' id='word_1_261' title='bbox 1352 4222 1596 4290; x_wconf 84' lang='lat' dir='ltr'><strong>probata</strong></span> 
     </span>
     <span class='ocr_line' id='line_1_44' title="bbox 441 4294 1591 4359; baseline 0.004 -16"><span class='ocrx_word' id='word_1_262' title='bbox 441 4294 674 4359; x_wconf 87' lang='lat' dir='ltr'><strong>propter</strong></span> <span class='ocrx_word' id='word_1_263' title='bbox 762 4294 1096 4347; x_wconf 79' lang='lat' dir='ltr'><strong>tenuitatem</strong></span> <span class='ocrx_word' id='word_1_264' title='bbox 1177 4294 1591 4347; x_wconf 82' lang='lat' dir='ltr'><strong>salubritatem-</strong></span> 
     </span>
     <span class='ocr_line' id='line_1_45' title="bbox 443 4362 1595 4434; baseline 0.003 -19"><span class='ocrx_word' id='word_1_265' title='bbox 443 4362 601 4430; x_wconf 88' lang='lat' dir='ltr'><strong>que.“</strong></span> <span class='ocrx_word' id='word_1_266' title='bbox 641 4363 853 4418; x_wconf 86' lang='lat' dir='ltr'><strong>Colum.</strong></span> <span class='ocrx_word' id='word_1_267' title='bbox 892 4364 1017 4429; x_wconf 87' lang='lat' dir='ltr'>XII,</span> <span class='ocrx_word' id='word_1_268' title='bbox 1041 4366 1142 4418; x_wconf 78' lang='lat'><strong>30:</strong></span> <span class='ocrx_word' id='word_1_269' title='bbox 1184 4364 1278 4432; x_wconf 89' lang='lat' dir='ltr'><strong>„Si</strong></span> <span class='ocrx_word' id='word_1_270' title='bbox 1315 4382 1427 4434; x_wconf 87' lang='lat' dir='ltr'><strong>qua</strong></span> <span class='ocrx_word' id='word_1_271' title='bbox 1459 4365 1595 4419; x_wconf 81' lang='lat' dir='ltr'><strong>vina</strong></span> 
     </span>
     <span class='ocr_line' id='line_1_46' title="bbox 442 4435 1593 4498; baseline 0.002 -11"><span class='ocrx_word' id='word_1_272' title='bbox 442 4439 609 4488; x_wconf 86' lang='lat' dir='ltr'><strong>erunt</strong></span> <span class='ocrx_word' id='word_1_273' title='bbox 645 4435 876 4491; x_wconf 81' lang='lat' dir='ltr'><strong>duriora</strong></span> <span class='ocrx_word' id='word_1_274' title='bbox 924 4442 1022 4491; x_wconf 86' lang='lat' dir='ltr'><strong>aut</strong></span> <span class='ocrx_word' id='word_1_275' title='bbox 1063 4436 1248 4489; x_wconf 85' lang='lat' dir='ltr'><strong>minus</strong></span> <span class='ocrx_word' id='word_1_276' title='bbox 1286 4436 1452 4498; x_wconf 87' lang='lat' dir='ltr'><strong>bona,</strong></span> <span class='ocrx_word' id='word_1_277' title='bbox 1502 4453 1593 4489; x_wconf 87' lang='lat' dir='ltr'><strong>su-</strong></span> 
     </span>
     <span class='ocr_line' id='line_1_47' title="bbox 441 4506 1594 4575; baseline 0.001 -16"><span class='ocrx_word' id='word_1_278' title='bbox 441 4506 584 4560; x_wconf 87' lang='lat' dir='ltr'><strong>mito</strong></span> <span class='ocrx_word' id='word_1_279' title='bbox 619 4506 832 4561; x_wconf 78' lang='lat' dir='ltr'><strong>faecem</strong></span> <span class='ocrx_word' id='word_1_280' title='bbox 875 4508 994 4561; x_wconf 78' lang='lat' dir='ltr'><strong>vini</strong></span> <span class='ocrx_word' id='word_1_281' title='bbox 1039 4507 1171 4561; x_wconf 88' lang='lat' dir='ltr'><strong>boni</strong></span> <span class='ocrx_word' id='word_1_282' title='bbox 1211 4511 1270 4562; x_wconf 90' lang='lat' dir='ltr'><strong>et</strong></span> <span class='ocrx_word' id='word_1_283' title='bbox 1305 4524 1476 4575; x_wconf 85' lang='lat' dir='ltr'><strong>panes</strong></span> <span class='ocrx_word' id='word_1_284' title='bbox 1511 4508 1594 4561; x_wconf 83' lang='lat' dir='ltr'><strong>fa·-</strong></span> 
     </span>
    </p>
   </div>
   <div class='ocr_carea' id='block_1_5' title="bbox 393 4576 1594 4649">
    <p class='ocr_par' dir='ltr' id='par_1_5' title="bbox 393 4576 1594 4649">
     <span class='ocr_line' id='line_1_48' title="bbox 393 4576 1594 4649; baseline 0.005 -20"><span class='ocrx_word' id='word_1_285' title='bbox 393 4612 404 4623; x_wconf 87' lang='lat'>-</span> <span class='ocrx_word' id='word_1_286' title='bbox 443 4576 558 4635; x_wconf 85' lang='lat' dir='ltr'><strong>cito</strong></span> <span class='ocrx_word' id='word_1_287' title='bbox 593 4582 654 4637; x_wconf 87' lang='lat' dir='ltr'><strong>et</strong></span> <span class='ocrx_word' id='word_1_288' title='bbox 687 4579 746 4633; x_wconf 91' lang='lat' dir='ltr'><strong>in</strong></span> <span class='ocrx_word' id='word_1_289' title='bbox 793 4580 912 4637; x_wconf 87' lang='lat' dir='ltr'><strong>sole</strong></span> <span class='ocrx_word' id='word_1_290' title='bbox 959 4577 1228 4637; x_wconf 70' lang='lat' dir='ltr'><strong>arefacito</strong></span> <span class='ocrx_word' id='word_1_291' title='bbox 1275 4584 1334 4635; x_wconf 89' lang='lat' dir='ltr'><strong>et</strong></span> <span class='ocrx_word' id='word_1_292' title='bbox 1368 4578 1594 4649; x_wconf 73' lang='lat' dir='ltr'><strong>coquito</strong></span> 
     </span>
    </p>
   </div>
   <div class='ocr_carea' id='block_1_6' title="bbox 1686 2497 2851 4647">
    <p class='ocr_par' dir='ltr' id='par_1_6' title="bbox 1686 2497 2851 4647">
     <span class='ocr_line' id='line_1_49' title="bbox 1688 2497 2849 2655; baseline -0.003 -26"><span class='ocrx_word' id='word_1_293' title='bbox 1688 2518 1948 2629; x_wconf 39' lang='lat' dir='ltr'><strong>aar</strong></span> <span class='ocrx_word' id='word_1_294' title='bbox 1968 2497 2849 2655; x_wconf 29' lang='lat' dir='ltr'><strong>murmurem</strong></span> 
     </span>
     <span class='ocr_line' id='line_1_50' title="bbox 1690 2643 2849 2712; baseline -0.004 -13"><span class='ocrx_word' id='word_1_295' title='bbox 1690 2650 1747 2699; x_wconf 90' lang='lat' dir='ltr'><strong>et</strong></span> <span class='ocrx_word' id='word_1_296' title='bbox 1779 2645 2076 2699; x_wconf 87' lang='lat' dir='ltr'><strong>oblinito.“</strong></span> <span class='ocrx_word' id='word_1_297' title='bbox 2157 2643 2319 2712; x_wconf 77' lang='lat' dir='ltr'><strong>Quod</strong></span> <span class='ocrx_word' id='word_1_298' title='bbox 2368 2661 2415 2699; x_wconf 76' lang='lat' dir='ltr'><strong>si</strong></span> <span class='ocrx_word' id='word_1_299' title='bbox 2452 2643 2665 2698; x_wconf 87' lang='lat' dir='ltr'><strong>factum</strong></span> <span class='ocrx_word' id='word_1_300' title='bbox 2704 2646 2849 2709; x_wconf 86' lang='lat' dir='ltr'><strong>erat,</strong></span> 
     </span>
     <span class='ocr_line' id='line_1_51' title="bbox 1686 2711 2844 2786; baseline -0.006 -14"><span class='ocrx_word' id='word_1_301' title='bbox 1686 2720 1885 2786; x_wconf 85' lang='lat' dir='ltr'><strong>postea</strong></span> <span class='ocrx_word' id='word_1_302' title='bbox 1920 2733 2025 2771; x_wconf 80' lang='lat' dir='ltr'><strong>ovo</strong></span> <span class='ocrx_word' id='word_1_303' title='bbox 2066 2716 2383 2771; x_wconf 86' lang='lat' dir='ltr'><strong>columbino</strong></span> <span class='ocrx_word' id='word_1_304' title='bbox 2436 2711 2844 2769; x_wconf 80' lang='lat' dir='ltr'><strong>defaecandum</strong></span> 
     </span>
     <span class='ocr_line' id='line_1_52' title="bbox 1688 2784 2848 2856; baseline -0.004 -13"><span class='ocrx_word' id='word_1_305' title='bbox 1688 2793 1813 2843; x_wconf 86' lang='lat' dir='ltr'><strong>erat</strong></span> <span class='ocrx_word' id='word_1_306' title='bbox 1849 2788 2059 2842; x_wconf 81' lang='lat' dir='ltr'><strong>vinum.</strong></span> <span class='ocrx_word' id='word_1_307' title='bbox 2118 2788 2275 2843; x_wconf 86' lang='lat' dir='ltr'><strong>Haec</strong></span> <span class='ocrx_word' id='word_1_308' title='bbox 2316 2803 2540 2856; x_wconf 86' lang='lat' dir='ltr'><strong>quoque</strong></span> <span class='ocrx_word' id='word_1_309' title='bbox 2574 2784 2848 2853; x_wconf 82' lang='lat' dir='ltr'><strong>praescri·</strong></span> 
     </span>
     <span class='ocr_line' id='line_1_53' title="bbox 1687 2855 2849 2929; baseline -0.006 -14"><span class='ocrx_word' id='word_1_310' title='bbox 1687 2864 1790 2929; x_wconf 84' lang='lat' dir='ltr'><strong>pta</strong></span> <span class='ocrx_word' id='word_1_311' title='bbox 1842 2860 2101 2915; x_wconf 84' lang='lat' dir='ltr'><strong>omnibus</strong></span> <span class='ocrx_word' id='word_1_312' title='bbox 2160 2858 2313 2913; x_wconf 83' lang='lat' dir='ltr'><strong>haud</strong></span> <span class='ocrx_word' id='word_1_313' title='bbox 2375 2858 2547 2913; x_wconf 85' lang='lat' dir='ltr'><strong>dubie</strong></span> <span class='ocrx_word' id='word_1_314' title='bbox 2612 2855 2849 2910; x_wconf 84' lang='lat' dir='ltr'><strong>fuerunt</strong></span> 
     </span>
     <span class='ocr_line' id='line_1_54' title="bbox 1689 2930 2849 2999; baseline -0.003 -15"><span class='ocrx_word' id='word_1_315' title='bbox 1689 2936 1837 2987; x_wconf 85' lang='lat' dir='ltr'><strong>nota.</strong></span> <span class='ocrx_word' id='word_1_316' title='bbox 1866 2960 1933 2971; x_wconf 93' lang='lat'>—</span> <span class='ocrx_word' id='word_1_317' title='bbox 1958 2930 2301 2999; x_wconf 70' lang='lat' dir='ltr'><strong>marcentem]</strong></span> <span class='ocrx_word' id='word_1_318' title='bbox 2342 2930 2517 2984; x_wconf 88' lang='lat' dir='ltr'><strong>nimio</strong></span> <span class='ocrx_word' id='word_1_319' title='bbox 2552 2933 2693 2997; x_wconf 86' lang='lat' dir='ltr'><strong>potu</strong></span> <span class='ocrx_word' id='word_1_320' title='bbox 2730 2931 2849 2981; x_wconf 84' lang='lat' dir='ltr'><strong>tor·</strong></span> 
     </span>
     <span class='ocr_line' id='line_1_55' title="bbox 1687 2998 2847 3073; baseline -0.003 -16"><span class='ocrx_word' id='word_1_321' title='bbox 1687 3007 1939 3073; x_wconf 87' lang='lat' dir='ltr'><strong>pentem;</strong></span> <span class='ocrx_word' id='word_1_322' title='bbox 1980 3002 2061 3057; x_wconf 87' lang='lat' dir='ltr'><strong>sic</strong></span> <span class='ocrx_word' id='word_1_323' title='bbox 2084 3001 2265 3057; x_wconf 86' lang='lat' dir='ltr'><strong>Tacit.</strong></span> <span class='ocrx_word' id='word_1_324' title='bbox 2284 3002 2429 3057; x_wconf 83' lang='lat' dir='ltr'><strong>Hist.</strong></span> <span class='ocrx_word' id='word_1_325' title='bbox 2452 3000 2557 3069; x_wconf 91' lang='lat'>111,</span> <span class='ocrx_word' id='word_1_326' title='bbox 2578 3001 2649 3053; x_wconf 85' lang='grc'><strong>36</strong></span> <span class='ocrx_word' id='word_1_327' title='bbox 2670 2998 2847 3054; x_wconf 83' lang='lat' dir='ltr'><strong>Vitel-</strong></span> 
     </span>
     <span class='ocr_line' id='line_1_56' title="bbox 1690 3070 2849 3142; baseline -0.005 -14"><span class='ocrx_word' id='word_1_328' title='bbox 1690 3076 1829 3129; x_wconf 89' lang='lat' dir='ltr'><strong>lium</strong></span> <span class='ocrx_word' id='word_1_329' title='bbox 1880 3074 2165 3142; x_wconf 84' lang='lat' dir='ltr'><strong>„desidem</strong></span> <span class='ocrx_word' id='word_1_330' title='bbox 2210 3079 2269 3129; x_wconf 87' lang='lat' dir='ltr'><strong>et</strong></span> <span class='ocrx_word' id='word_1_331' title='bbox 2320 3070 2697 3129; x_wconf 84' lang='lat' dir='ltr'><strong>marcentem“</strong></span> <span class='ocrx_word' id='word_1_332' title='bbox 2748 3085 2849 3139; x_wconf 87' lang='lat' dir='ltr'><strong>ap-</strong></span> 
     </span>
     <span class='ocr_line' id='line_1_57' title="bbox 1687 3142 2847 3215; baseline -0.006 -14"><span class='ocrx_word' id='word_1_333' title='bbox 1687 3146 1878 3215; x_wconf 84' lang='lat' dir='ltr'><strong>pellat.</strong></span> <span class='ocrx_word' id='word_1_334' title='bbox 1926 3175 1991 3185; x_wconf 91' lang='lat'>—</span> <span class='ocrx_word' id='word_1_335' title='bbox 2040 3146 2161 3201; x_wconf 77' lang='lat' dir='ltr'><strong>aeri</strong></span> <span class='ocrx_word' id='word_1_336' title='bbox 2210 3144 2499 3213; x_wconf 72' lang='lat' dir='ltr'><strong>stomacho]</strong></span> <span class='ocrx_word' id='word_1_337' title='bbox 2550 3142 2847 3199; x_wconf 80' lang='lat' dir='ltr'><strong>aestuanti.</strong></span> 
     </span>
     <span class='ocr_line' id='line_1_58' title="bbox 1690 3213 2851 3273; baseline -0.005 0"><span class='ocrx_word' id='word_1_338' title='bbox 1690 3218 1949 3273; x_wconf 87' lang='lat' dir='ltr'><strong>Ceterum</strong></span> <span class='ocrx_word' id='word_1_339' title='bbox 1994 3217 2133 3273; x_wconf 85' lang='lat' dir='ltr'><strong>haec</strong></span> <span class='ocrx_word' id='word_1_340' title='bbox 2186 3218 2256 3272; x_wconf 87' lang='lat' dir='ltr'><strong>de</strong></span> <span class='ocrx_word' id='word_1_341' title='bbox 2306 3217 2529 3271; x_wconf 82' lang='lat' dir='ltr'><strong>lactuca</strong></span> <span class='ocrx_word' id='word_1_342' title='bbox 2588 3213 2851 3269; x_wconf 84' lang='lat' dir='ltr'><strong>doctrina</strong></span> 
     </span>
     <span class='ocr_line' id='line_1_59' title="bbox 1688 3289 2847 3345; baseline -0.005 -1"><span class='ocrx_word' id='word_1_343' title='bbox 1688 3289 1975 3345; x_wconf 86' lang='lat' dir='ltr'><strong>contraria</strong></span> <span class='ocrx_word' id='word_1_344' title='bbox 2032 3294 2120 3344; x_wconf 86' lang='lat' dir='ltr'><strong>est</strong></span> <span class='ocrx_word' id='word_1_345' title='bbox 2178 3289 2558 3343; x_wconf 85' lang='lat' dir='ltr'><strong>Romanorum</strong></span> <span class='ocrx_word' id='word_1_346' title='bbox 2614 3302 2847 3341; x_wconf 79' lang='lat' dir='ltr'><strong>consue·</strong></span> 
     </span>
     <span class='ocr_line' id='line_1_60' title="bbox 1687 3356 2845 3426; baseline -0.003 -11"><span class='ocrx_word' id='word_1_347' title='bbox 1687 3360 1887 3416; x_wconf 89' lang='lat' dir='ltr'><strong>tudini.</strong></span> <span class='ocrx_word' id='word_1_348' title='bbox 1924 3359 2171 3415; x_wconf 81' lang='lat' dir='ltr'><strong>Martial.</strong></span> <span class='ocrx_word' id='word_1_349' title='bbox 2199 3360 2353 3419; x_wconf 85' lang='lat' dir='ltr'>XIII.</span> <span class='ocrx_word' id='word_1_350' title='bbox 2394 3362 2485 3413; x_wconf 77' lang='lat'><strong>14:</strong></span> <span class='ocrx_word' id='word_1_351' title='bbox 2528 3356 2845 3426; x_wconf 78' lang='lat' dir='ltr'><strong>„claudere</strong></span> 
     </span>
     <span class='ocr_line' id='line_1_61' title="bbox 1690 3430 2847 3503; baseline -0.004 -16"><span class='ocrx_word' id='word_1_352' title='bbox 1690 3448 1831 3503; x_wconf 83' lang='lat' dir='ltr'><strong>quae</strong></span> <span class='ocrx_word' id='word_1_353' title='bbox 1868 3450 2033 3487; x_wconf 88' lang='lat' dir='ltr'><strong>cenas</strong></span> <span class='ocrx_word' id='word_1_354' title='bbox 2078 3432 2299 3487; x_wconf 82' lang='lat' dir='ltr'><strong>lactuca</strong></span> <span class='ocrx_word' id='word_1_355' title='bbox 2335 3430 2553 3485; x_wconf 87' lang='lat' dir='ltr'><strong>solebat</strong></span> <span class='ocrx_word' id='word_1_356' title='bbox 2590 3445 2847 3489; x_wconf 82' lang='lat' dir='ltr'><strong>avorum,</strong></span> 
     </span>
     <span class='ocr_line' id='line_1_62' title="bbox 1688 3499 2851 3569; baseline -0.004 -10"><span class='ocrx_word' id='word_1_357' title='bbox 1688 3504 1796 3559; x_wconf 87' lang='lat' dir='ltr'><strong>Dic</strong></span> <span class='ocrx_word' id='word_1_358' title='bbox 1842 3502 2001 3569; x_wconf 88' lang='lat' dir='ltr'><strong>mihi,</strong></span> <span class='ocrx_word' id='word_1_359' title='bbox 2052 3520 2152 3558; x_wconf 86' lang='lat' dir='ltr'><strong>cnr</strong></span> <span class='ocrx_word' id='word_1_360' title='bbox 2200 3508 2421 3559; x_wconf 83' lang='lat' dir='ltr'><strong>nostras</strong></span> <span class='ocrx_word' id='word_1_361' title='bbox 2471 3499 2699 3557; x_wconf 85' lang='lat' dir='ltr'><strong>incohat</strong></span> <span class='ocrx_word' id='word_1_362' title='bbox 2748 3500 2851 3555; x_wconf 82' lang='lat' dir='ltr'><strong>illa</strong></span> 
     </span>
     <span class='ocr_line' id='line_1_63' title="bbox 1687 3571 2849 3647; baseline -0.006 -16"><span class='ocrx_word' id='word_1_363' title='bbox 1687 3576 1857 3647; x_wconf 88' lang='lat' dir='ltr'><strong>dapes</strong></span> <span class='ocrx_word' id='word_1_364' title='bbox 1866 3576 1930 3630; x_wconf 81' lang='lat'><strong>⁴?“</strong></span> <span class='ocrx_word' id='word_1_365' title='bbox 1969 3575 2138 3646; x_wconf 83' lang='lat' dir='ltr'><strong>Verg.</strong></span> <span class='ocrx_word' id='word_1_366' title='bbox 2158 3575 2359 3629; x_wconf 80' lang='lat' dir='ltr'><strong>Moret.</strong></span> <span class='ocrx_word' id='word_1_367' title='bbox 2380 3576 2483 3629; x_wconf 79' lang='lat'><strong>76:</strong></span> <span class='ocrx_word' id='word_1_368' title='bbox 2522 3571 2849 3641; x_wconf 80' lang='lat' dir='ltr'><strong>„Grataque</strong></span> 
     </span>
     <span class='ocr_line' id='line_1_64' title="bbox 1686 3642 2845 3716; baseline -0.005 -14"><span class='ocrx_word' id='word_1_369' title='bbox 1686 3648 1963 3703; x_wconf 87' lang='lat' dir='ltr'><strong>nobilium</strong></span> <span class='ocrx_word' id='word_1_370' title='bbox 1998 3647 2219 3716; x_wconf 85' lang='lat' dir='ltr'><strong>requies</strong></span> <span class='ocrx_word' id='word_1_371' title='bbox 2264 3647 2484 3701; x_wconf 84' lang='lat' dir='ltr'><strong>lactuca</strong></span> <span class='ocrx_word' id='word_1_372' title='bbox 2528 3642 2845 3699; x_wconf 81' lang='lat' dir='ltr'><strong>oibonun.“</strong></span> 
     </span>
     <span class='ocr_line' id='line_1_65' title="bbox 1690 3714 2847 3789; baseline -0.004 -16"><span class='ocrx_word' id='word_1_373' title='bbox 1690 3748 1758 3759; x_wconf 93' lang='lat'><strong>—-</strong></span> <span class='ocrx_word' id='word_1_374' title='bbox 1807 3720 1871 3773; x_wconf 78' lang='lat' dir='ltr'><strong>in</strong></span> <span class='ocrx_word' id='word_1_375' title='bbox 1926 3718 2161 3789; x_wconf 74' lang='lat' dir='ltr'><strong>morsus]</strong></span> <span class='ocrx_word' id='word_1_376' title='bbox 2212 3718 2307 3773; x_wconf 91' lang='lat' dir='ltr'><strong>Sic</strong></span> <span class='ocrx_word' id='word_1_377' title='bbox 2360 3714 2721 3773; x_wconf 82' lang='lat' dir='ltr'><strong>scribendum</strong></span> <span class='ocrx_word' id='word_1_378' title='bbox 2775 3731 2847 3769; x_wconf 75' lang='lat' dir='ltr'><strong>ex</strong></span> 
     </span>
     <span class='ocr_line' id='line_1_66' title="bbox 1688 3787 2847 3860; baseline -0.005 -15"><span class='ocrx_word' id='word_1_379' title='bbox 1688 3791 2028 3846; x_wconf 83' lang='lat' dir='ltr'><strong>auctoritate</strong></span> <span class='ocrx_word' id='word_1_380' title='bbox 2082 3790 2427 3860; x_wconf 85' lang='lat' dir='ltr'><strong>optimorum</strong></span> <span class='ocrx_word' id='word_1_381' title='bbox 2480 3787 2737 3843; x_wconf 84' lang='lat' dir='ltr'><strong>codicum</strong></span> <span class='ocrx_word' id='word_1_382' title='bbox 2786 3790 2847 3839; x_wconf 90' lang='lat' dir='ltr'><strong>et</strong></span> 
     </span>
     <span class='ocr_line' id='line_1_67' title="bbox 1690 3860 2845 3931; baseline -0.007 -13"><span class='ocrx_word' id='word_1_383' title='bbox 1690 3863 2000 3918; x_wconf 84' lang='lat' dir='ltr'><strong>editionum</strong></span> <span class='ocrx_word' id='word_1_384' title='bbox 2038 3863 2423 3931; x_wconf 82' lang='lat' dir='ltr'><strong>antiquarum3</strong></span> <span class='ocrx_word' id='word_1_385' title='bbox 2478 3860 2579 3929; x_wconf 89' lang='lat' dir='ltr'><strong>qui</strong></span> <span class='ocrx_word' id='word_1_386' title='bbox 2624 3874 2845 3911; x_wconf 82' lang='lat' dir='ltr'><strong>morsus</strong></span> 
     </span>
     <span class='ocr_line' id='line_1_68' title="bbox 1688 3928 2845 4003; baseline -0.007 -14"><span class='ocrx_word' id='word_1_387' title='bbox 1688 3935 1819 3995; x_wconf 83' lang='lat' dir='ltr'><strong>sint.</strong></span> <span class='ocrx_word' id='word_1_388' title='bbox 1855 3934 2075 3989; x_wconf 85' lang='lat' dir='ltr'><strong>videbis</strong></span> <span class='ocrx_word' id='word_1_389' title='bbox 2114 3950 2184 3989; x_wconf 85' lang='lat' dir='ltr'><strong>ex</strong></span> <span class='ocrx_word' id='word_1_390' title='bbox 2220 3932 2387 4003; x_wconf 83' lang='lat' dir='ltr'><strong>Verg.</strong></span> <span class='ocrx_word' id='word_1_391' title='bbox 2413 3935 2554 3986; x_wconf 81' lang='lat' dir='ltr'><strong>Aen.</strong></span> <span class='ocrx_word' id='word_1_392' title='bbox 2580 3929 2682 3997; x_wconf 91' lang='lat'>111,</span> <span class='ocrx_word' id='word_1_393' title='bbox 2722 3928 2845 3983; x_wconf 79' lang='grc'><strong>894.</strong></span> 
     </span>
     <span class='ocr_line' id='line_1_69' title="bbox 1689 4001 2845 4072; baseline -0.007 -11"><span class='ocrx_word' id='word_1_394' title='bbox 1689 4006 2021 4061; x_wconf 79' lang='lat' dir='ltr'><strong>Stomachus</strong></span> <span class='ocrx_word' id='word_1_395' title='bbox 2057 4006 2207 4060; x_wconf 84' lang='lat' dir='ltr'><strong>enim</strong></span> <span class='ocrx_word' id='word_1_396' title='bbox 2254 4002 2495 4059; x_wconf 87' lang='lat' dir='ltr'><strong>hominis</strong></span> <span class='ocrx_word' id='word_1_397' title='bbox 2540 4001 2641 4072; x_wconf 85' lang='lat' dir='ltr'><strong>qui</strong></span> <span class='ocrx_word' id='word_1_398' title='bbox 2678 4017 2845 4054; x_wconf 73' lang='lat' dir='ltr'><strong>nimis</strong></span> 
     </span>
     <span class='ocr_line' id='line_1_70' title="bbox 1689 4072 2843 4142; baseline -0.006 -10"><span class='ocrx_word' id='word_1_399' title='bbox 1689 4078 1820 4133; x_wconf 86' lang='lat' dir='ltr'><strong>vino</strong></span> <span class='ocrx_word' id='word_1_400' title='bbox 1858 4076 2093 4132; x_wconf 88' lang='lat' dir='ltr'><strong>indulsit</strong></span> <span class='ocrx_word' id='word_1_401' title='bbox 2128 4077 2280 4131; x_wconf 85' lang='lat' dir='ltr'><strong>cibos</strong></span> <span class='ocrx_word' id='word_1_402' title='bbox 2308 4075 2571 4142; x_wconf 83' lang='lat' dir='ltr'><strong>(morsus)</strong></span> <span class='ocrx_word' id='word_1_403' title='bbox 2596 4072 2843 4141; x_wconf 83' lang='lat' dir='ltr'><strong>spernit3</strong></span> 
     </span>
     <span class='ocr_line' id='line_1_71' title="bbox 1686 4145 2841 4219; baseline -0.006 -15"><span class='ocrx_word' id='word_1_404' title='bbox 1686 4166 1865 4219; x_wconf 87' lang='lat' dir='ltr'><strong>perna</strong></span> <span class='ocrx_word' id='word_1_405' title='bbox 1900 4152 1958 4203; x_wconf 88' lang='lat' dir='ltr'><strong>et</strong></span> <span class='ocrx_word' id='word_1_406' title='bbox 1996 4148 2147 4203; x_wconf 85' lang='lat' dir='ltr'><strong>billis</strong></span> <span class='ocrx_word' id='word_1_407' title='bbox 2196 4146 2447 4201; x_wconf 85' lang='lat' dir='ltr'><strong>reficitur</strong></span> <span class='ocrx_word' id='word_1_408' title='bbox 2500 4145 2575 4200; x_wconf 82' lang='lat' dir='ltr'><strong>ad</strong></span> <span class='ocrx_word' id='word_1_409' title='bbox 2604 4160 2841 4198; x_wconf 82' lang='lat' dir='ltr'><strong>morsus.</strong></span> 
     </span>
     <span class='ocr_line' id='line_1_72' title="bbox 1689 4216 2841 4289; baseline -0.006 -14"><span class='ocrx_word' id='word_1_410' title='bbox 1689 4220 1775 4275; x_wconf 90' lang='lat' dir='ltr'><strong>De</strong></span> <span class='ocrx_word' id='word_1_411' title='bbox 1808 4238 1956 4275; x_wconf 85' lang='lat' dir='ltr'><strong>nova</strong></span> <span class='ocrx_word' id='word_1_412' title='bbox 1992 4220 2285 4289; x_wconf 86' lang='lat' dir='ltr'><strong>potatione</strong></span> <span class='ocrx_word' id='word_1_413' title='bbox 2320 4235 2433 4272; x_wconf 89' lang='lat' dir='ltr'><strong>non</strong></span> <span class='ocrx_word' id='word_1_414' title='bbox 2469 4216 2701 4271; x_wconf 79' lang='lat' dir='ltr'><strong>videtur</strong></span> <span class='ocrx_word' id='word_1_415' title='bbox 2734 4230 2841 4269; x_wconf 82' lang='lat' dir='ltr'><strong>ser-</strong></span> 
     </span>
     <span class='ocr_line' id='line_1_73' title="bbox 1688 4286 2841 4346; baseline -0.005 -1"><span class='ocrx_word' id='word_1_416' title='bbox 1688 4309 1783 4346; x_wconf 87' lang='lat' dir='ltr'><strong>mo</strong></span> <span class='ocrx_word' id='word_1_417' title='bbox 1840 4308 1975 4346; x_wconf 87' lang='lat' dir='ltr'><strong>csse.</strong></span> <span class='ocrx_word' id='word_1_418' title='bbox 2062 4291 2155 4346; x_wconf 88' lang='lat' dir='ltr'><strong>Sic</strong></span> <span class='ocrx_word' id='word_1_419' title='bbox 2204 4290 2377 4346; x_wconf 87' lang='lat' dir='ltr'><strong>etiam</strong></span> <span class='ocrx_word' id='word_1_420' title='bbox 2430 4286 2841 4343; x_wconf 82' lang='lat' dir='ltr'><strong>Doederlinius.</strong></span> 
     </span>
     <span class='ocr_line' id='line_1_74' title="bbox 1689 4360 2843 4431; baseline -0.005 -14"><span class='ocrx_word' id='word_1_421' title='bbox 1689 4362 1873 4431; x_wconf 78' lang='lat' dir='ltr'><strong>Quare</strong></span> <span class='ocrx_word' id='word_1_422' title='bbox 1914 4380 2029 4417; x_wconf 90' lang='lat' dir='ltr'><strong>non</strong></span> <span class='ocrx_word' id='word_1_423' title='bbox 2052 4363 2238 4431; x_wconf 88' lang='lat' dir='ltr'><strong>placet</strong></span> <span class='ocrx_word' id='word_1_424' title='bbox 2274 4362 2515 4416; x_wconf 85' lang='lat' dir='ltr'><strong>aliorum</strong></span> <span class='ocrx_word' id='word_1_425' title='bbox 2550 4360 2843 4429; x_wconf 73' lang='lat' dir='ltr'><strong>(inmorsus</strong></span> 
     </span>
     <span class='ocr_line' id='line_1_75' title="bbox 1688 4428 2843 4503; baseline -0.006 -13"><span class='ocrx_word' id='word_1_426' title='bbox 1688 4434 1921 4503; x_wconf 68' lang='lat' dir='ltr'><strong>Haupt„</strong></span> <span class='ocrx_word' id='word_1_427' title='bbox 1975 4434 2235 4501; x_wconf 86' lang='lat' dir='ltr'><strong>Meinek.,</strong></span> <span class='ocrx_word' id='word_1_428' title='bbox 2295 4432 2545 4498; x_wconf 83' lang='lat' dir='ltr'><strong>Linker.‚</strong></span> <span class='ocrx_word' id='word_1_429' title='bbox 2594 4428 2843 4491; x_wconf 67' lang='lat' dir='ltr'><strong>Kirohn„</strong></span> 
     </span>
     <span class='ocr_line' id='line_1_76' title="bbox 1688 4502 2847 4574; baseline -0.005 -14"><span class='ocrx_word' id='word_1_430' title='bbox 1688 4506 1963 4574; x_wconf 63' lang='lat' dir='ltr'><strong>Mueller„</strong></span> <span class='ocrx_word' id='word_1_431' title='bbox 2017 4505 2231 4572; x_wconf 62' lang='lat' dir='ltr'><strong>Lehru,</strong></span> <span class='ocrx_word' id='word_1_432' title='bbox 2284 4504 2533 4569; x_wconf 85' lang='lat' dir='ltr'><strong>Holder.,</strong></span> <span class='ocrx_word' id='word_1_433' title='bbox 2583 4502 2847 4571; x_wconf 68' lang='lat' dir='ltr'><strong>Krugoe„</strong></span> 
     </span>
     <span class='ocr_line' id='line_1_77' title="bbox 1688 4573 2841 4647; baseline -0.006 -14"><span class='ocrx_word' id='word_1_434' title='bbox 1688 4577 1920 4647; x_wconf 86' lang='lat' dir='ltr'><strong>Keller.,</strong></span> <span class='ocrx_word' id='word_1_435' title='bbox 1940 4577 2241 4645; x_wconf 63' lang='lat' dir='ltr'><strong>Eokstein„</strong></span> <span class='ocrx_word' id='word_1_436' title='bbox 2270 4574 2531 4642; x_wconf 64' lang='lat' dir='ltr'><strong>Fritsch„</strong></span> <span class='ocrx_word' id='word_1_437' title='bbox 2554 4573 2841 4629; x_wconf 62' lang='lat' dir='ltr'><strong>ianm</strong></span> 
     </span>
    </p>
   </div>
  </div>
 </body>
</html>
