3092 5059
1063 207 1181 271 DE
1224 205 1453 272 ARTE
1494 203 1890 271 POETICA.

2547 203 2670 268 647

378 389 763 466 Caedibus
816 406 893 469 et
940 395 1148 470 victu
1196 393 1431 469 foedo
1488 392 1862 470 deterruit
1913 391 2294 490 Orpheus,

375 513 640 592 Dictus
696 519 797 594 ob
843 518 993 594 hoc
1035 518 1279 594 lenire
1330 520 1571 615 tigres
1618 517 2088 615 rabidosque
2136 517 2422 592 leones.

376 640 643 717 Dictus
698 656 777 718 et
824 641 1248 739 Amphion,
1294 643 1708 719 Thebanae
1763 642 2118 719 conditor
2165 642 2398 735 urbis,

273 799 349 838 ³⁹⁵
378 761 575 840 Saxa
618 792 931 843 movere
984 792 1173 842 sono
1227 766 1632 842 testudinis
1685 779 1762 841 et
1810 791 2038 864 prece
2093 766 2377 842 blanda

378 889 677 966 Ducere
730 917 883 990 quo
938 889 1193 966 vellet.

1293 890 1470 964 Fuit
1519 889 1708 966 haec
1761 890 2134 987 sapientia
2185 892 2605 990 quondam,

376 1012 700 1091 Publica
746 1017 1065 1112 privatis
1115 1041 1540 1111 secernere,
1595 1039 1811 1090 sacra
1859 1016 2230 1110 profanis,

381 1136 817 1216 Concubitu
866 1139 1283 1239 prohibere
1336 1162 1560 1235 vag0,
1609 1138 1798 1214 dare
1846 1140 2018 1214 iura
2063 1140 2380 1236 maritis,

378 1262 695 1362 Oppida
742 1265 1021 1358 moliri,
1072 1265 1284 1361 leges
1338 1263 1683 1339 incidere
1729 1264 1984 1362 ligno:

277 1423 355 1463 wo
382 1389 509 1466 Sic
560 1389 811 1465 honor
854 1403 933 1466 et
979 1415 1263 1466 nomen
1318 1389 1602 1466 divinis
1656 1391 1963 1466 vatibus
2013 1403 2246 1488 atque

377 1515 863 1595 Carminibus
918 1517 1147 1592 venit.

1252 1516 1437 1592 Post
1487 1517 1630 1590 hos
1681 1516 1998 1613 insignis
2051 1515 2438 1590 Homerus

378 1641 905 1739 Tyrtaeusque
953 1667 1201 1718 mares
1255 1643 1551 1718 animos
1603 1642 1686 1716 in
1738 1641 2022 1717 Martia
2073 1639 2277 1716 bella

375 1767 739 1841 Versibus
794 1768 1129 1862 exacuit3
1180 1767 1429 1843 dictae
1480 1793 1622 1863 per
1675 1766 2018 1842 carmina
2067 1779 2336 1861 sortes,

372 1889 471 1964 Et
527 1891 735 1966 vitae
784 1904 1207 1966 monstrata
1260 1892 1383 1966 via
1434 1905 1568 1986 est,
1627 1905 1704 1966 et
1755 1889 2005 1990 gratia
2057 1916 2331 1988 regum

274 2047 351 2088 ιω
380 2015 653 2092 Pieriis
704 2027 994 2090 tentata
1046 2016 1323 2110 modis,
1376 2015 1761 2116 ludusque
1811 2030 2160 2116 repertus

371 2143 470 2216 Et
508 2140 921 2236 longorum
978 2164 1299 2238 operum
1348 2140 1563 2216 finis:
1621 2167 1718 2217 ne
1771 2141 1973 2218 forte
2021 2141 2308 2243 pudori

376 2265 495 2341 Sit
537 2267 683 2340 tibi
726 2265 951 2342 Musa
999 2266 1216 2364 lyrae
1274 2265 1546 2341 sollers
1597 2280 1673 2342 et
1717 2280 1985 2346 cantor
2031 2267 2344 2365 Apollo,

372 2389 667 2464 Natura
716 2389 939 2465 fieret
987 2389 1379 2466 laudabile
1434 2416 1742 2466 carmen
1787 2417 1888 2465 an
1939 2404 2102 2466 arte

270 2623 532 2690 χεσθαιέ*
572 2651 637 2662 -—
689 2624 957 2692 interpres
994 2623 1244 2711 deorum]
1284 2623 1427 2678 Plat.

275 2692 337 2748 Io
366 2712 420 2762 p.
444 2696 567 2746 634.
596 2693 685 2747 E.:
726 2697 815 2762 „ol
853 2700 1071 2760 ποιηταὶ
1108 2691 1273 2748 οὐδὲν
1311 2691 1425 2747 ἀλλ’

276 2758 306 2829 ἣ
344 2765 598 2834 ἑρμηνεῖς
633 2768 739 2817 εἰσι
775 2766 887 2819 τῶν
926 2769 1121 2820 θεῶν.“
1175 2797 1239 2806 --
1281 2767 1429 2821 victu

274 2835 491 2905 t'oalo],
496 2837 692 2902 ,instar
706 2837 1009 2892 ferarum.“
1032 2839 1239 2893 Corum.
1261 2839 1425 2907 Cruq.

281 2935 345 2945 --
381 2877 606 2962 rab'idos
669 2907 776 2962 Sic.
804 2909 1426 2964 Ritter.-Miiller.K1-ii-

276 2996 411 3046 ger„
456 2979 589 3048 rapi
628 2995 688 3034 os
725 2979 951 3041 Keller.
1002 2999 1167 3049 quem
1206 2981 1427 3035 Blandi-

276 3049 499 3104 niorum
542 3050 699 3105 codd.
750 3051 941 3106 odium
990 3053 1229 3107 movisse
1275 3053 1424 3108 vide-

277 3125 387 3184 tur,
428 3127 489 3176 et
523 3128 655 3190 post
690 3140 817 3176 eum
854 3123 1137 3178 Eckstcin.
1180 3153 1245 3164 -
1298 3125 1427 3178 Am·
1454 3147 1457 3152 ·

270 3192 459 3262 phion]
501 3193 681 3247 Carm.
719 3194 819 3258 111,
862 3199 942 3261 11,
980 3199 1027 3248 2.
1075 3195 1256 3264 Epist.
1295 3195 1338 3261 1,
1376 3198 1428 3261 8,

277 3267 361 3318 41.
384 3295 451 3304 -—
474 3264 649 3333 urbis]
688 3264 779 3320 Sic
818 3283 885 3319 ex
912 3268 1250 3321 auctoritate
1284 3268 1426 3321 anti-

278 3336 675 3402 quissimorum
731 3337 1010 3392 codicum.
1077 3339 1223 3392 inter
1290 3356 1428 3407 quos

278 3413 409 3460 sunt
444 3424 635 3462 omncs
672 3407 905 3476 Cruquii
942 3409 1113 3463 etiam
1141 3410 1426 3464 Eckstein.

278 3477 495 3534 Miiller.
538 3479 779 3549 Kriiger.
825 3485 995 3548 atque
1038 3481 1180 3535 adeo
1221 3481 1426 3535 Keller.

277 3549 475 3604 Altera
522 3550 689 3604 lectio
736 3552 897 3612 arcis,
946 3564 1114 3620 quam
1150 3554 1427 3621 praetule-

278 3627 411 3674 runt
450 3622 749 3685 Bentleius‚
796 3623 1095 3692 Hauptius,
1135 3623 1427 3685 Halteras,

276 3690 562 3761 Lehrsius,
610 3710 677 3747 ex
720 3693 1186 3764 interpretatione
1236 3713 1425 3749 eorum

278 3768 403 3818 orta
441 3764 680 3828 videtur,
724 3766 823 3833 qui
857 3765 1227 3820 Horatianum
1266 3785 1425 3822 voca-

278 3833 473 3890 bulum
506 3838 821 3890 accuratius
846 3839 1055 3893 vellent
1090 3838 1339 3893 definire.
1358 3867 1429 3878 —

276 3905 501 3974 blanda]
546 3907 726 3962 Carm.
764 3909 808 3976 Ι,
845 3912 1161 3978 24,13.-
1212 3911 1428 3978 sapien-

280 3976 383 4045 tia]
454 3977 595 4032 Nam
669 3985 735 4032 ut
808 3998 881 4051 ap
884 3951 957 4036 u’d
1018 3981 1179 4036 ffplat
1240 3981 1426 4050 Lysid.

277 4065 329 4114 p.
368 4051 491 4104 214.
540 4051 609 4102 Α.
684 4056 771 4104 est
834 4053 943 4120 ,,(οἱ
996 4056 1236 4120 ποιηταὶ)
1296 4052 1433 4124 ἡμῖν

280 4115 470 4190 ὥσπερ
526 4125 807 4204 πατέρες
853 4125 960 4190 τῆς
1021 4131 1273 4196 σοφίας
1326 4129 1433 4177 εἰσὶ

280 4196 371 4241 καὶ
419 4185 805 4263 ἡγεμόνες.ιι
864 4225 925 4234 --
977 4196 1215 4265 liquo]‚
1218 4197 1431 4264 ,Aereis

281 4262 428 4318 enim
479 4263 689 4318 tabulis
734 4265 953 4333 antiqui
1002 4284 1113 4322 non
1158 4273 1289 4320 sunt
1328 4269 1429 4328 usi

282 4334 377 4386 sed
432 4335 685 4389 roboreis
746 4335 843 4389 has
889 4337 1211 4392 incidebant
1265 4340 1430 4408 leges,

284 4405 431 4459 unde
470 4407 651 4460 adhuc
686 4407 923 4462 Athenis
970 4409 1021 4463 le
1100 4427 1157 4464 m
1206 4410 1431 4464 tabulae

282 4467 465 4537 aeone
501 4479 829 4532 vocanturst
878 4479 1027 4564 Porp
1066 4499 1145 4549 yr.
1192 4511 1257 4520 -
1300 4481 1431 4553 Tyr-

286 4550 461 4619 taeus]
503 4549 875 4612 Atheniensis,
914 4552 1009 4621 qui
1050 4552 1338 4624 Spartanis
1374 4555 1433 4607 in

1522 2623 1766 2678 secundo
1818 2624 1968 2678 bello
2002 2623 2276 2678 Messenio
2315 2623 2428 2675 dux
2475 2622 2676 2676 missus

1526 2696 1812 2764 „carmina
1849 2694 2122 2749 exercitui
2159 2711 2262 2763 pro
2301 2694 2560 2748 contione
2593 2710 2676 2748 re-

1524 2767 1748 2832 citavit3
1785 2767 1844 2820 ιιι
1872 2767 2073 2834 quibus
2111 2767 2467 2820 hortamenta
2502 2765 2679 2818 virtu·

1520 2840 1617 2906 tis,
1653 2838 1984 2891 damnorum
2013 2838 2235 2898 solacia,
2274 2838 2410 2890 belli
2446 2836 2678 2890 consilia

1523 2910 1983 2978 conscripserat.“
2022 2909 2215 2962 lustin.
2251 2909 2353 2970 111,
2374 2912 2423 2962 5.
2459 2937 2530 2948 ——·
2565 2923 2677 2962 sor-

1522 2981 1626 3051 tes]
1664 2981 1891 3034 oracula
1921 2980 2208 3050 Delphica.
2249 2980 2356 3034 Cic.
2399 2979 2468 3033 de
2503 2979 2679 3034 divin.

1524 3053 1595 3116 11,
1635 3055 1734 3107 56.
1802 3051 1980 3119 „Nam
2027 3069 2152 3106 cum
2203 3068 2324 3106 sors
2376 3051 2474 3104 illa
2527 3051 2681 3106 edita

1522 3130 1609 3178 est
1645 3124 2068 3192 opulentissimo
2107 3124 2227 3193 regi
2265 3124 2455 3176 Asiae:
2517 3123 2679 3178 Croe-

1524 3213 1616 3250 sus
1653 3195 1854 3263 Halym
1904 3203 2208 3263 penetrans
2256 3211 2518 3276 magnam
2555 3211 2679 3264 per·

1524 3272 1709 3322 vertet
1743 3283 1913 3334 opum
1949 3268 2066 3320 vim
2104 3267 2244 3321 cet.“
2274 3295 2339 3304 --
2377 3266 2524 3321 vitae
2559 3265 2678 3335 via]

1525 3339 1583 3391 in
1634 3338 1974 3392 carminibus
2036 3337 2382 3391 didascalicis
2445 3336 2680 3402 Solonis,

1523 3409 1884 3480 Theognidis,
1931 3409 2186 3463 aliorum.
2247 3437 2311 3447 --
2364 3409 2555 3478 qratia
2599 3423 2680 3462 re-

1523 3482 1674 3552 qum]
1739 3481 2028 3548 Hieronis,
2083 3480 2380 3544 Theronis,
2441 3479 2678 3532 aliorum

1524 3553 1844 3622 principum
1890 3553 2144 3620 quaesita
2193 3550 2382 3618 lyricis
2419 3550 2678 3604 carmini-

1524 3625 1630 3678 bus
1665 3623 1916 3690 Pindari,
1955 3623 2274 3691 Simonidis,
2311 3621 2678 3691 Bacchylidis.

1530 3726 1594 3735 —
1633 3694 1818 3764 ludus]
1851 3712 1951 3763 per
1979 3695 2288 3749 scaenioam
2311 3694 2540 3762 poesim.
2577 3693 2681 3746 cfr.

1525 3766 1707 3836 Epist.
1737 3765 1810 3828 ΙΙ,
1843 3769 2030 3833 1‚14o.
2070 3795 2136 3805 —
2173 3783 2241 3820 ne
2276 3769 2420 3833 forte
2453 3763 2679 3834 pudor-²]

1526 3838 1877 3892 Doederlin.:
1910 3837 2052 3905 „Mit
2075 3836 2254 3891 dieser
2273 3854 2486 3907 ganzen
2509 3835 2682 3890 Stelle

1530 3927 1578 3963 v.
1609 3909 1891 3962 391—407
1927 3909 2290 3978 rechtfertigt
2307 3908 2490 3962 Horaz
2529 3907 2682 3960 scine

1528 3981 1823 4036 scheinbar
1887 3980 2250 4035 anmassende
2304 3980 2681 4048 Zumuthung‚

1526 4053 1652 4107 dass
1689 4053 1818 4106 Piso
1867 4053 2018 4106 scine
2055 4051 2328 4106 Gedichte
2373 4052 2514 4105 auch
2562 4051 2680 4103 ihm

1524 4143 1626 4178 zur
1668 4124 1858 4177 Kritik
1911 4125 2176 4194 vorlegen
2221 4124 2358 4178 solle
2411 4121 2488 4191 (v.
2529 4123 2679 4190 387).

1526 4196 1618 4250 Sic
1665 4195 1882 4250 scheint
1936 4195 2052 4248 ihm
2105 4195 2420 4264 desswegen
2467 4211 2686 4248 aumas·

1528 4267 1662 4322 send
1711 4267 1824 4320 und
1872 4267 2241 4336 zudringlicli,
2287 4266 2414 4320 weil
2465 4283 2526 4319 er
2573 4283 2682 4320 nur

1532 4341 1624 4394 ein
1649 4339 1916 4407 lyrischer
1939 4339 2176 4392 Dichter
2207 4340 2304 4404 sei,
2329 4337 2534 4390 mithin
2564 4336 2682 4389 ihm

1526 4411 1665 4465 iiber
1714 4411 1960 4464 Dramen
2005 4410 2136 4464 kein
2175 4409 2396 4464 Urtheil
2441 4407 2680 4462 zustehe.

1637 4481 1854 4536 .Diese
1890 4481 1980 4551 Ep
1981 4481 2136 4535 isode
2181 4481 2284 4534 soll
2341 4481 2450 4534 den
2493 4479 2682 4533 hohen

1526 4553 1728 4608 Werth
1773 4553 1874 4608 der
1910 4499 2110 4622 prrik.
2169 4553 2337 4606 somit
2381 4550 2549 4617 scine,
2586 4551 2682 4606 des
