3092 5059
1021 245 1136 312 DE
1179 245 1410 312 ARTE
1453 245 1850 315 POETIOA.

2515 251 2630 317 641

346 431 500 526 Qui
551 459 847 532 purgor
899 433 1135 510 bilem
1189 436 1332 509 sub
1387 435 1605 513 verni
1658 437 2027 536 temporis
2078 435 2393 514 horaml

339 557 513 633 Non
564 558 760 635 alius
813 561 1110 637 faceret
1161 560 1489 638 meliora
1538 575 1933 660 poemata:
1990 587 2260 640 verum

340 682 468 757 Nil
521 685 716 760 tanti
768 697 903 760 est.

1005 687 1212 786 Ergo
1265 686 1553 785 fungar
1604 687 1769 764 vice
1822 687 2037 783 cotis,
2086 701 2392 765 acutum

235 837 318 878 ⁸⁰⁶
342 809 700 887 Reddere
751 836 951 910 quae
999 813 1296 889 ferrum
1347 810 1557 887 valet
1606 838 1865 889 exsors
1912 814 2083 910 ipsa
2132 813 2485 912 secandi3

329 934 624 1011 'Munus
678 949 755 1013 et
805 936 1154 1014 officium
1204 937 1318 1013 nil
1369 937 1713 1014 scribens
1763 939 1933 1036 ipse
1985 938 2305 1037 docebo,

340 1059 571 1137 Unde
623 1074 990 1163 parentur
1043 1087 1254 1162 opes,
1304 1063 1496 1162 quid
1546 1061 1704 1139 alat
1754 1063 2193 1164 formetque
2240 1078 2572 1165 poetam,

348 1183 558 1277 Quid
609 1187 898 1285 deceat,
956 1189 1146 1288 quid
1196 1215 1376 1287 non,
1427 1213 1581 1289 quo
1620 1189 1887 1287 virtus,
1928 1213 2097 1288 quo
2148 1192 2353 1266 ferat
2402 1215 2641 1286 error,

343 1307 754 1389 Scribendi
803 1323 1014 1390 recte
1067 1337 1342 1410 sapere
1393 1325 1507 1388 est
1562 1324 1637 1389 et
1683 1311 2153 1413 principium
2204 1325 2281 1389 et
2328 1314 2541 1390 fons:
2646 1308 2658 1316 ’

242 1469 321 1509 mo
347 1437 540 1514 Rem
585 1439 730 1514 tibi
781 1436 1216 1514 Socraticae
1266 1416 1639 1535 poterunt
1688 1437 2093 1515 ostendere
2146 1437 2477 1535 chartae,

343 1561 762 1662 Verbaque
812 1564 1204 1660 provisam
1251 1587 1418 1640 rem
1471 1590 1627 1640 non
1678 1565 1920 1640 invita
1970 1576 2411 1663 sequentur.

350 1685 503 1780 Qui
555 1686 828 1764 didicit
869 1688 1164 1786 patriae
1218 1689 1408 1788 quid
1461 1689 1739 1766 debeat
1788 1702 1868 1766 et
1914 1689 2105 1789 quid
2154 1689 2445 1785 amicis,

345 1812 519 1905 Quo
563 1813 666 1888 sit
705 1806 970 1890 amore
1007 1840 1310 1912 parens,
1352 1839 1506 1914 quo
1543 1815 1788 1891 frater
1818 1813 2193 1892 amandus
2228 1825 2305 1891 et
2340 1813 2644 1912 hospes,

347 1934 578 2027 Quod
620 1935 727 2030 *sit
778 1938 1218 2035 conscripti,
1275 1937 1488 2038 quod
1530 1939 1811 2014 iudicis
1864 1939 2231 2038 officium,
2291 1963 2490 2038 quae

241 2092 319 2132 aa
342 2060 610 2138 Partes
659 2061 740 2136 in
788 2061 1072 2138 bellum
1127 2063 1344 2139 missi
1395 2063 1655 2140 ducis:
1701 2064 1837 2140 ille
1877 2065 2231 2162 profecto

341 2187 703 2264 Reddere
745 2212 1122 2284 personae
1165 2187 1310 2263 scit
1361 2189 1899 2265 convenientia
1948 2189 2251 2288 cuique.

340 2311 753 2410 Respicere
805 2312 1204 2410 exemplar
1256 2313 1461 2389 vitae
1511 2337 1972 2413 morumque
2023 2295 2309 2390 iubebo

243 2561 506 2628 Caesare,
572 2561 722 2630 quod
784 2560 992 2616 odisset
1049 2561 1404 2630 Pompeium3

243 2633 314 2688 de
343 2651 453 2703 quo
478 2633 586 2688 hoc
609 2633 883 2702 scriptum
911 2637 996 2688 est
1018 2633 1390 2703 epitaphium:

243 2704 552 2760 Marmorea
603 2703 808 2760 tumulo
857 2705 1087 2759 Licinus
1133 2704 1290 2770 iacet,
1337 2710 1397 2758 at

242 2775 376 2831 Gato
435 2777 606 2843 nullo,
665 2776 955 2845 Pompeius
1003 2792 1180 2845 parvo
1193 2797 1210 2830 :
1270 2775 1396 2844 quis

237 2852 394 2916 putet
430 2863 544 2903 csse
577 2845 781 2903 deosff‘
823 2846 1032 2902 Comm.
1074 2847 1238 2916 Cruq.
1289 2847 1396 2901 Sed

243 2924 398 2974 recte
432 2919 770 2988 iudicarunt,
811 2919 907 2988 qui
945 2919 1202 2973 Licinum
1249 2918 1397 2973 hunc

245 2989 619 3046 Horatianum
659 2991 942 3045 diversum
981 2996 1183 3060 putent
1221 2990 1291 3044 ab
1331 3008 1396 3044 eo

245 3061 344 3131 qui
383 3064 627 3132 Augusti
661 3061 850 3133 gratia
887 3061 1196 3117 fruebatur.
1250 3062 1397 3116 Huic

241 3133 392 3188 enim
429 3135 511 3190 ita
550 3135 802 3189 inludere
837 3151 950 3188 non
974 3139 1200 3204 poterat
1219 3133 1396 3186 Hora·

242 3205 373 3260 tius.
427 3235 499 3246 —
552 3207 756 3274 laevus]
801 3203 968 3276 Verg.
1006 3206 1146 3259 Aen.
1195 3203 1267 3271 ΙΙ,
1305 3207 1393 3257 54.

248 3307 314 3315 -
351 3293 557 3348 purqor
591 3276 767 3347 bizem]
805 3275 872 3329 In
903 3275 1018 3330 bile
1054 3275 1394 3344 quaerebant

242 3359 468 3475 Ξῖῑεεε
517 3347 1218 3475 carraxar-
1254 3345 1396 3471 ἰ,ζεῖ

245 3493 400 3546 niam
455 3492 612 3547 Celso
685 3495 914 3546 auctore
974 3489 1186 3559 optime
1249 3505 1398 3556 vere,

244 3581 360 3619 non
394 3564 578 3618 hieme
615 3581 796 3634 neque
841 3565 1066 3628 aestate,
1104 3561 1286 3615 datur.
1329 3589 1396 3598 —

245 3635 331 3690 nil
384 3635 551 3706 tanti]
613 3635 786 3691 Recte
836 3632 1256 3688 Doederlinius:
1315 3629 1397 3685 nil

244 3707 393 3761 tanti
448 3711 534 3762 est
583 3706 782 3777 quanti
834 3721 1030 3759 sanum
1073 3703 1211 3770 fieri,
1266 3719 1395 3772 pur·

245 3778 433 3848 ganda
487 3777 614 3833 bile.
692 3776 938 3846 Con-igit
994 3775 1170 3846 igitur
1229 3778 1398 3844 poeta

247 3849 505 3904 celeriter
557 3850 634 3918 id,
689 3849 839 3918 quod
887 3851 1020 3902 ante
1063 3847 1180 3917 ipse
1220 3845 1292 3900 de
1337 3862 1398 3900 se

247 3921 536 3990 εἰρωνικῶς
577 3923 1018 3990 vituperaverat:
1069 3935 1100 3974 o
1145 3933 1240 3988 290
1291 3917 1395 3973 lac-

244 4009 364 4048 vus.
437 3992 508 4047 cf.
558 3994 668 4048 Cic.
708 3995 828 4047 Att.
879 3991 1036 4060 xm,
1071 3991 1166 4043 42:
1230 3988 1396 4058 „dum

246 4063 596 4132 dubitabam,
633 4081 800 4134 quam
842 4063 1119 4120 ducerem.
1167 4079 1277 4115 non
1314 4079 1396 4115 sa-

243 4133 596 4191 tisfaciebam
631 4135 820 4202 matri,
858 4135 940 4188 ita
967 4152 1037 4190 ne
1063 4133 1147 4188 illi
1173 4133 1396 4201 quidem

247 4207 584 4278 (avunculo).
657 4207 820 4262 Nunc
868 4205 1006 4260 mihi
1053 4205 1194 4260 nihil
1252 4205 1396 4258 tanti

247 4283 360 4348 est3
420 4278 623 4334 faciam
670 4277 822 4348 quod
859 4276 1120 4346 volunt;“
1158 4276 1196 4330 i.
1235 4293 1280 4330 e.
1317 4276 1397 4330 ni-

247 4351 342 4475 hill
387 4353 532 4406 tanti
581 4355 666 4406 est
721 4350 917 4419 quanti
973 4349 1155 4404 facere
1172 4387 1186 4415 ,
1249 4347 1398 4416 quod

247 4440 319 4476 vo
347 4427 464 4476 unt.

318 4493 386 4548 V.
429 4496 549 4548 309.
615 4495 854 4550 Tantum
889 4493 1040 4548 abest
1075 4496 1136 4546 ut
1174 4489 1400 4544 insania

246 4571 298 4619 ct
345 4565 510 4634 furor
556 4566 760 4634 efficiat
804 4567 996 4620 bonum
1043 4568 1281 4634 poetam,
1337 4567 1402 4614 ut

345 4685 572 4727 Horatius
598 4689 668 4728 ed.
697 4687 1034 4736 muenbursser
1061 4686 1136 4726 ed.
1167 4685 1271 4726 vn.

1491 2562 1569 2618 ad
1602 2569 1743 2620 recte
1781 2561 2138 2620 inveniendas
2173 2579 2259 2618 res
2282 2563 2519 2618 maxime
2555 2580 2643 2618 ne-

1489 2637 1733 2690 ccssaria
1783 2634 1859 2690 sit
1906 2635 2199 2707 sapientia.
2282 2633 2645 2704 Exploranda

1486 2711 1683 2775 poetae
1730 2714 1806 2762 est
1852 2712 1973 2762 tota
2009 2706 2129 2764 vita
2162 2705 2421 2774 humana,
2456 2721 2646 2777 cayno-

1489 2777 1679 2832 8cemli
1712 2783 1845 2833 sunt
1878 2795 2074 2834 mores.
2114 2795 2182 2833 ne
2214 2794 2401 2834 versus
2436 2793 2646 2846 compo·

1489 2853 1591 2904 nat
1644 2849 1815 2904 verbis
1876 2863 2122 2917 canoros,
2183 2849 2469 2905 sententiis
2525 2849 2646 2904 ina-

1489 2936 1599 2974 nes.
1678 2919 1815 2974 Inde
1858 2925 1999 2974 nata
2048 2920 2273 2976 Graccis
2324 2926 2403 2976 est
2440 2921 2645 2992 poesis.

1490 2991 1621 3046 inde
1679 2996 1877 3061 ιτερατα
1934 2997 2011 3046 est
2072 2993 2359 3061 Romanis,
2417 3009 2643 3062 quorum

1489 3062 1739 3130 pucritia
1786 3078 1901 3117 non
1944 3062 2018 3116 ad
2063 3063 2397 3132 sapientiam
2442 3064 2536 3118 scd
2571 3063 2649 3118 ad

1491 3134 1788 3188 avaritiam
1847 3138 1899 3189 et
1960 3133 2101 3188 lucri
2154 3134 2507 3202 cupiditatem
2561 3135 2645 3189 in-

1490 3205 1761 3260 stituitur.
1844 3222 1935 3258 vv.
1976 3207 2274 3260 309—332.
2334 3234 2402 3244 —
2460 3205 2646 3260 Socra·

1491 3276 1633 3330 ticae
1692 3275 1937 3346 chartae]
2014 3275 2147 3330 libri
2213 3275 2646 3345 Socraticorum,

1492 3346 1771 3416 Platonis,
1844 3347 2230 3417 Xenophontis
2246 3388 2261 3416 ‚
2337 3348 2646 3402 Aeschinis.

1497 3416 1765 3485 „Strenue
1812 3425 1999 3474 autem
2045 3419 2315 3473 Horatius
2371 3419 2491 3489 ipse
2540 3419 2647 3474 hoc

1491 3505 1655 3542 suum
1683 3491 2090 3560 exsequebatur
2120 3494 2497 3560 praeceptum.
2533 3489 2645 3545 Cfr.

1493 3559 1608 3614 Sat.
1650 3561 1719 3628 H,
1758 3563 1811 3632 3,
1851 3563 1970 3616 11.“
2023 3562 2284 3618 Orellius.
2324 3591 2389 3600 —
2429 3578 2645 3631 sequen·

1492 3631 1608 3700 tur]
1658 3632 1769 3688 Cio.
1808 3633 1879 3688 de
1915 3633 2067 3688 Orat.
2105 3633 2205 3701 111,
2242 3635 2335 3686 50:
2389 3636 2647 3701 „tantum

1493 3704 1784 3772 Antipatri
1821 3705 2040 3760 Sidonii
2077 3703 2260 3759 valuit
2296 3703 2645 3774 exercitatiO,

1493 3780 1575 3838 ut,
1615 3793 1742 3830 cum
1780 3793 1837 3832 se
1873 3781 2059 3832 mente
2094 3793 2162 3832 ac
2192 3775 2486 3832 voluntate
2520 3792 2648 3830 con-

1493 3845 1712 3901 iecisset
1750 3848 1809 3902 in
1851 3865 2090 3908 versum.
2142 3848 2317 3904 verba
2352 3864 2648 3916 sequeren-

1491 3918 1639 3972 tur.“
1695 3949 1755 3959 --
1815 3919 2135 3990 conscripti]
2184 3920 2522 3988 „senatoris3
2581 3937 2650 3974 ex

1491 3989 1735 4046 formula
1770 3998 1963 4061 patres
2016 3992 2313 4062 conscripti
2366 4008 2477 4044 uno
2534 3989 2645 4045 for-

1491 4066 1641 4117 tasse
1677 4062 1784 4118 hoc
1818 4064 1941 4118 loco
1984 4061 2314 4133 reperitur.“
2384 4061 2645 4116 Orellius.

1495 4163 1561 4172 —-
1600 4135 1872 4204 εωωιρῐαν
1905 4135 2071 4204 vitae]
2126 4135 2432 4204 Exemplar
2467 4133 2527 4187 id
2564 4138 2651 4188 est

1495 4205 1647 4273 quod
1692 4205 1763 4260 ad
1810 4206 2143 4262 imitandum
2186 4205 2349 4259 nobis
2384 4206 2647 4276 proponi-

1493 4293 1668 4401 ff¹⁶1⁵-
1686 4275 2651 4420 “frffffssffilssssesssszmplssirsssssstss

1495 4419 1699 4491 Rufus)
1712 4389 1817 4476 ”ac
1858 4421 2255 4477 desiderandus
2302 4425 2389 4474 est
2434 4427 2501 4474 ut
2556 4437 2645 4476 εω-

1495 4493 1700 4562 emplas-
1748 4495 1874 4548 aevi
1916 4493 2173 4564 prioris.“
2254 4491 2405 4546 Illud
2462 4499 2649 4548 autem

1495 4565 1801 4634 exemplar,
1852 4565 1925 4619 ad
1978 4563 2129 4638 quod
2176 4565 2297 4620 vita
2357 4581 2649 4634 moresque

2182 4665 2249 4717 41
