3092 5059
410 188 531 255 136

1302 236 1307 241 .
1378 181 1836 251 CARMINUM

804 374 1227 456 Contrahes
1280 384 1507 447 vento
1561 369 1879 445 nimium
1911 367 2268 477 ‘secundo

1004 494 1351 593 Turgida
1400 492 1600 569 vela.

1320 832 1700 918 GARMEN
1763 830 1905 915 XI.

810 1001 1014 1095 Quid
1068 1000 1479 1077 bellicosus
1526 996 1912 1075 Cantaber
1964 1008 2040 1070 et
2090 993 2429 1093 Scythes,

814 1126 1143 1224 Hirpine
1189 1124 1475 1219 Quinti,
1535 1122 1821 1219 cogitet
1869 1118 2170 1195 Hadria

908 1250 1211 1326 Divisus
1266 1248 1592 1341 obieet0,
1649 1245 1989 1351 remittas

1013 1373 1405 1466 Quaerere
1452 1396 1596 1447 nec
1647 1368 1984 1471 trepides
2038 1370 2120 1444 in
2171 1394 2386 1443 usum

758 1556 784 1598 5
819 1524 1205 1601 Poscentis
1258 1522 1428 1598 aevi
1480 1546 1746 1619 pauca.

410 1749 590 1818 Epist.
631 1749 677 1817 1,
716 1748 797 1811 18,
836 1748 924 1801 41.
966 1776 1038 1787 --
1073 1746 1238 1816 idem]
1277 1745 1348 1799 cf.
1386 1762 1556 1815 supra

412 1838 462 1872 v.
489 1822 569 1873 16.
598 1850 663 1859 -—
689 1826 841 1875 vento
864 1818 1091 1873 nimium
1120 1817 1379 1887 secundo]
1421 1834 1555 1885 quo-

412 1892 565 1945 niam
598 1891 857 1946 navicula
894 1908 958 1945 eo
995 1894 1181 1960 potest
1206 1889 1317 1959 agi,
1340 1888 1437 1943 ubi
1463 1906 1556 1942 va-

412 1964 497 2017 dis
542 1967 600 2017 et
644 1962 883 2033 scopulis
928 1962 1273 2017 circumdata
1308 1966 1365 2015 et
1410 1978 1556 2014 sum-

414 2035 519 2089 mis
556 2034 821 2103 perieulis
857 2034 1115 2103 opposita
1140 2037 1239 2087 est.
1274 2032 1427 2087 Haec
1462 2050 1556 2086 au-

416 2111 529 2161 tem
555 2106 807 2160 velorum
834 2104 1341 2159 contrahendomm
1371 2104 1556 2173 imago

419 2178 611 2232 latinis
647 2178 828 2246 poetis
868 2181 952 2231 est
987 2176 1367 2231 usitatissima.

788 2288 1065 2345 Carmen
1094 2288 1189 2343 XI.

490 2384 673 2455 „Dum
710 2402 852 2455 quae
895 2391 1113 2441 remota
1158 2391 1289 2441 sunt
1324 2389 1558 2455 spectas,

417 2474 551 2511 cave
568 2474 639 2511 ne
657 2457 915 2525 proxima
937 2458 1169 2527 perdas;
1206 2457 1341 2511 dum
1364 2456 1558 2511 futura

416 2545 593 2611 curas,
640 2546 709 2582 ne
753 2529 1038 2613 praesenti
1094 2528 1248 2583 vitae
1296 2547 1399 2583 usu
1443 2529 1556 2597 pri-

415 2616 869 2739 {ffisffiffss
894 2601 1047 2726 ἒέὲᾏ
1062 2600 1416 2727 Ἧὲἒῖεὲἓέἓέ
1444 2618 1560 2726 ἲὲἰξέ

414 2758 626 2867 {3535ss
658 2742 915 2868 ¹42¹}2‘22’„
934 2743 1559 2884 ifflmssssssssssessuimffli

416 2902 589 2939 nuere
622 2884 785 2939 stude
816 2903 881 2940 ac
904 2885 1128 2940 lenire.“
1167 2886 1415 2940 Medium
1440 2903 1558 2941 car-

420 2972 545 3009 men
574 2956 683 3019 (vv.
708 2959 789 3009 11.
813 2956 903 3025 12)
930 2974 1203 3013 summam
1226 2958 1560 3013 sententiam

418 3026 615 3096 aperit.
652 3028 744 3081 Ab
770 3028 934 3083 initio
952 3029 1143 3097 quieto
1169 3035 1228 3084 et
1252 3029 1559 3099 tranquillo

418 3098 842 3225 mam?
866 3100 1287 3227 ῑῖιὲῗὲἰιέἕὲω
1306 3100 1562 3227 ἅέῃὲἓῐ

824 3210 839 3237 5

419 3242 599 3295 omnis
618 3241 839 3297 dicendi
866 3248 1069 3299 natura
1094 3190 1417 3299 oslidffgrem
1442 3244 1559 3298 ani-

420 3331 575 3367 mum
628 3313 894 3382 produnt,
948 3315 1045 3383 qui
1096 3332 1211 3369 non
1268 3318 1560 3370 contentus

419 3402 587 3453 quam
620 3402 757 3439 vera
794 3385 908 3439 sint
940 3386 1041 3441 illa
1073 3392 1373 3457 praecepta
1398 3386 1560 3441 intel-

417 3456 617 3510 lexisse
640 3456 834 3511 statim
852 3475 1013 3512 usum
1033 3475 1226 3513 eorum
1243 3466 1301 3513 et
1312 3458 1558 3512 fructum

418 3526 775 3596 cupidissime
799 3528 959 3597 petit.
999 3529 1233 3585 Carmen
1254 3530 1560 3585 Peeruoam·

414 3598 512 3666 pio
558 3598 695 3653 adeo
744 3598 1047 3669 displicuit,
1094 3605 1159 3655 ut
1194 3601 1431 3657 Horatio
1476 3601 1560 3654 in·

418 3669 651 3739 dignum
668 3670 915 3738 haberet,
930 3672 1204 3727 Meimkt'o
1224 3678 1420 3729 contra
1436 3690 1559 3727 ora-

419 3740 589 3795 tionis
620 3742 895 3811 castitate,
931 3744 1237 3815 imaginum
1268 3748 1560 3799 venustate

418 3829 783 3883 sensuumque
854 3816 1093 3871 veritate
1154 3833 1291 3885 prae
1362 3815 1559 3871 ceteris

419 3884 854 3940 commendatur.
892 3885 1124 3943 Lehrsio
1146 3888 1325 3942 multa
1357 3888 1417 3941 in
1441 3904 1559 3941 ear-

418 3955 569 4011 mine
618 3961 737 4011 tam
784 3958 994 4013 insulsa
1039 3976 1159 4013 esse
1205 3958 1559 4025 videbantur,

420 4032 484 4081 ut
519 4044 697 4097 prope
714 4026 1101 4099 Peerlkampio
1140 4030 1556 4100 astipularetur.

416 4098 605 4167 Vides,
642 4116 812 4168 quam
853 4099 1075 4182 diversa
1121 4101 1407 4157 hominum
1444 4101 1560 4155 sint

418 4170 624 4237 palata.
668 4198 731 4208 —
770 4170 905 4239 Quis
940 4172 1115 4227 fuerit
1140 4172 1398 4240 Quintius
1428 4172 1558 4227 Hir·

376 4302 387 4313 ·
418 4242 1564 4383 Ξῗῖἱέῗῖἰίῗέῗὴῗὲἰῗῗωιεῗίἓζῗέξῗ

419 4384 516 4439 alii
568 4389 794 4455 negant.
867 4356 1161 4457 Scriptum,
1198 4391 1286 4441 est
1338 4404 1561 4443 earmen

419 4456 573 4510 intra
607 4472 781 4512 annos
818 4458 1117 4513 728-730.

489 4527 556 4581 v.
582 4530 626 4580 1.
667 4526 937 4585 Cantaber
960 4535 1011 4585 et
1028 4528 1267 4599 Scythes]
1294 4528 1560 4585 Cantabri

1847 1519 2078 1617 Fugit
2118 1530 2323 1595 retro

1657 1740 1946 1807 occidenti,
1985 1740 2224 1809 Scythae
2269 1740 2475 1795 orienti
2523 1740 2631 1795 soli
2679 1740 2812 1795 sub-

1659 1814 1808 1881 iecti,
1856 1831 1889 1868 a
1937 1813 2121 1868 media
2157 1812 2326 1867 ltalia
2359 1812 2684 1883 longissime
2721 1830 2812 1866 re-

1657 1885 1813 1939 moti.
1826 1914 1894 1924 —
1909 1884 2151 1953 Hirpine
2210 1883 2377 1954 nimi]
2389 1884 2610 1938 inverso
2625 1884 2810 1937 nomi·

1659 1974 1794 2011 num
1831 1956 2042 2023 ordine,
2081 1960 2145 2009 ut
2215 1973 2352 2009 arm.
2371 1954 2416 2023 1,
2435 1956 2490 2023 2,
2511 1957 2562 2008 3.
2584 1984 2652 1994 -
2681 1954 2810 2009 Ha-

1659 2028 1786 2083 dria
1807 2026 2020 2082 divisus
2045 2026 2268 2097 obiecto]
2303 2026 2456 2081 Haec
2479 2026 2552 2081 ad
2573 2026 2812 2095 Scythas

1661 2100 1804 2154 solos
1829 2104 1960 2153 sunt
1995 2102 2156 2167 apta3
2193 2116 2303 2167 quo
2336 2102 2526 2153 tamen
2561 2098 2812 2153 alterum

1661 2188 1816 2225 mare
1853 2170 2077 2224 obstare
2126 2169 2420 2224 Cantabris
2465 2168 2618 2224 haud
2657 2168 2811 2223 diffi-

1662 2243 1840 2297 culter
1877 2241 2244 2311 intellegitur.
2289 2241 2546 2295 Ceterum
2584 2244 2812 2295 tantum

1563 2322 1580 2337 ⁰
1661 2314 1836 2380 abest,
1873 2319 1938 2367 ut
1967 2312 2106 2367 haee
2132 2313 2306 2367 verba
2325 2312 2626 2367 Horatium
2647 2316 2808 2366 metu

1658 2390 1829 2453 atque
1881 2384 2120 2439 tristitia
2167 2384 2484 2455 perculsum
2536 2382 2806 2453 prodant,

1660 2474 1786 2513 cum
1821 2456 2058 2525 Scythae
2095 2456 2224 2510 urbi
2259 2472 2436 2525 prope
2471 2456 2810 2510 immineant

1660 2546 1726 2584 ae
1751 2528 1868 2583 solo
1891 2526 2103 2583 Hadria
2129 2528 2484 2583 retineantur
2503 2528 2634 2594 (nur
2655 2526 2808 2581 noch

1657 2604 1818 2726 {123⁰
1817 2600 1960 2725 ἓξὲξ
1984 2598 2812 2725 ’ὲῗῑῖηίῖἳεέἳέἒὲῗῶἒῖἔῐ

1659 2741 2162 2813 pertimescendum
2197 2742 2288 2809 sit,
2325 2758 2485 2796 curas
2523 2745 2697 2810 atque
2731 2741 2803 2796 ti-

1657 2830 1842 2868 mores
1877 2813 2087 2869 abiciat
2121 2813 2622 2883 praesentibusque
2657 2812 2812 2868 vitae

1659 2884 2042 2940 hilaritatibus
2079 2888 2264 2939 totum
2301 2902 2360 2939 se
2390 2884 2574 2939 dedat.
2617 2912 2692 2925 —-
2725 2900 2810 2939 re-

1661 2954 1870 3025 mittas]
1950 2956 2328 3025 Compositum
2395 2956 2634 3011 verbum
2703 2972 2810 3024 pro

1661 3028 1902 3097 simplici
1937 3028 2200 3097 positum,
2235 3032 2302 3081 ut
2337 3027 2524 3094 aiunt3
2561 3027 2659 3082 sed
2697 3044 2812 3082 non

1661 3104 1870 3154 temere
1894 3099 1957 3154 id
1978 3098 2192 3155 factum
2227 3103 2327 3154 est.
2365 3098 2458 3154 Sic
2491 3099 2642 3153 enim
2666 3114 2812 3168 quae

1662 3170 1847 3226 animo
1871 3170 2018 3225 fiunt
2041 3171 2216 3225 oculis
2241 3170 2401 3240 quasi
2435 3170 2808 3239 subiciuntur,

1662 3248 1720 3297 et
1772 3242 1960 3297 lumen
2007 3242 2237 3312 aliquod
2285 3242 2500 3297 aceedit
2545 3243 2808 3297 orationi.

1660 3313 1798 3369 Inde
1821 3313 2082 3384 frequens
2103 3314 2224 3369 eius
2247 3313 2558 3383 particulae
2573 3330 2635 3368 rc
2657 3314 2808 3383 apud

1662 3384 1960 3441 Horatium
1982 3402 2128 3439 usus.
2145 3416 2210 3425 —
2225 3400 2320 3440 uec
2339 3382 2598 3467 trepides]
2621 3385 2803 3441 Oarm.

1661 3457 1706 3524 1,
1741 3459 1792 3520 9,
1834 3458 1914 3511 15.
1977 3455 2022 3525 1,
2065 3460 2150 3525 11,
2187 3458 2238 3509 3.
2313 3456 2510 3511 Cetera
2544 3473 2628 3511 sic
2659 3458 2808 3511 inter

1661 3546 1720 3583 se
1779 3528 2087 3597 excipiunt:
2169 3545 2304 3597 „neo
2374 3526 2620 3597 trepides
2685 3528 2808 3585 aevi

1661 3616 1839 3670 pauca
1884 3600 1945 3655 in
1993 3618 2155 3655 usum
2193 3599 2518 3669 poscentis.“
2593 3598 2702 3665 Qui
2745 3600 2808 3655 in

1661 3687 1821 3725 usum
1881 3670 2156 3741 trepidare
2211 3670 2577 3741 coniungunt,
2633 3670 2805 3725 latino

1661 3742 1913 3811 exemplo
1940 3742 2196 3797 destituti
2223 3741 2284 3796 in
2309 3742 2580 3797 auxilium
2603 3746 2808 3798 vocant

1661 3815 1846 3869 locum
1903 3812 2158 3884 Sophoel.
2203 3812 2341 3869 Oed.
2385 3813 2451 3867 R.
2498 3812 2636 3867 980:
2703 3816 2808 3883 „stc

1661 3882 1726 3939 τὰ
1771 3883 1978 3955 μητρὸς
2019 3882 2101 3956 μὴ
2147 3884 2328 3957 φοβοῦ
2373 3878 2802 3955 νυμφεύματα,“

1661 3963 1830 4025 atque
1864 3957 2310 4026 interpretantur
2333 3956 2500 4011 anxie
2675 3957 2686 3969 '

1659 4029 1802 4083 usui.
1875 4027 1982 4083 Sed
2037 4028 2108 4083 ef.
2158 4028 2334 4083 Tacit.
2387 4026 2533 4081 Hist.
2571 4026 2668 4095 IV,
2707 4030 2802 4081 60:

1663 4099 2004 4169 „absumptis
2042 4100 2303 4155 iumentis
2329 4099 2596 4168 equisque
2627 4103 2690 4154 et
2725 4116 2804 4154 ce-

1657 4172 1794 4227 teris
1831 4172 2182 4239 animalibus,
2229 4188 2372 4240 quae
2417 4170 2656 4239 profana
2693 4170 2801 4225 foe-

1666 4244 1848 4313 daque
1899 4242 1966 4297 in
2019 4259 2182 4297 usum
2232 4242 2532 4297 necessitas
2585 4242 2806 4297 vertit.“

1663 4314 1734 4369 cf.
1773 4313 1846 4369 ad
1884 4312 2062 4368 Garm-
2100 4314 2172 4382 11,
2209 4314 2262 4382 9,
2303 4316 2384 4367 17.
2460 4313 2574 4367 Ver
2613 4352 2628 4367 .
2665 4316 2804 4369 Aen.

1664 4386 1788 4454 XII,
1819 4384 1922 4440 589
1961 4386 2251 4456 „trepidae
2283 4385 2526 4439 rerum;“
2602 4385 2663 4438 il.
2684 4385 2804 4453 XII,

1665 4459 1730 4511 13
1767 4457 2122 4528 „trepidique
2155 4457 2402 4513 salutis.“
2439 4454 2542 4511 Oui
2573 4455 2658 4511 sic
2682 4474 2802 4513 oon-

1662 4530 1892 4600 iungere
1951 4529 2226 4599 displicet,
2283 4528 2332 4582 is
2393 4545 2521 4583 cum
2577 4526 2800 4585 Kellero
