3092 5059
472 221 597 289 526

1377 219 1996 293 EPISTULARUM

471 441 523 480 ιε
576 410 875 504 Quodsi
924 437 1051 488 me
1102 412 1317 488 noles
1369 437 1697 512 usquam
1752 411 2176 506 discedere,
2223 410 2506 488 reddes

572 537 807 613 Forte
858 539 1079 631 latus,
1133 540 1399 636 nigros
1453 551 1778 638 angusta
1824 541 2084 614 fronte
2141 537 2486 635 capillos,

568 662 873 740 Reddes
919 664 1147 740 dulce
1196 663 1437 764 loqui,
1490 663 1771 739 reddes
1821 662 2082 739 ridere
2133 662 2500 738 decorum
2555 674 2636 737 et

574 786 788 863 Inter
838 791 1019 864 vina
1070 795 1335 888 fugam
1394 789 1726 890 Cinarae
1767 813 2114 864 maerere
2165 799 2603 885 protervae.

569 912 801 988 Forte
852 939 993 1014 per
1042 925 1444 1012 angustam
1497 913 1746 989 tenuis
1800 910 2209 1012 vulpecula
2259 912 2532 989 rimam

466 1068 520 1107 ao
569 1040 941 1138 Repserat
992 1039 1071 1113 in
1124 1063 1511 1115 cumeram
1564 1038 1956 1131 frumenti,
2001 1050 2377 1138 pastaque
2427 1065 2690 1114 rursus

569 1163 698 1240 Ire
749 1164 956 1240 foras
1004 1163 1235 1262 pleno
1285 1163 1652 1238 tendebat
1705 1187 2030 1262 corpore
2082 1163 2414 1259 frustra3

572 1287 719 1366 Cui
774 1287 1101 1364 mustela
1150 1288 1441 1385 procul,
1496 1287 1618 1382 „Si
1674 1286 1850 1384 vis,“
1901 1290 2029 1383 ait,
2085 1289 2473 1387 „effugere
2525 1288 2760 1382 istinc,

571 1414 832 1490 Macra
884 1439 1156 1488 cavum
1208 1425 1507 1511 repetes
1551 1425 1823 1509 artum,
1881 1439 2114 1512 quem
2167 1441 2428 1490 macra
2476 1411 2800 1489 subisti.“

571 1537 742 1612 Hac
788 1561 935 1636 ego
982 1539 1048 1612 si
1102 1537 1527 1633 compellor
1580 1539 1941 1635 imagine,
1999 1551 2271 1614 cuncta
2323 1541 2679 1636 resigno:

469 1693 522 1732 ει
571 1662 731 1738 Nec
784 1687 1134 1736 somnum
1186 1660 1435 1760 plebis
1486 1662 1720 1739 laudo
1767 1677 1976 1739 satur
2018 1661 2354 1739 altilium
2404 1687 2548 1738 nec

578 1785 757 1863 Otia
809 1785 1089 1861 divitiis
1142 1787 1493 1862 Arabum
1544 1786 1944 1863 liberrima
1993 1801 2232 1864 mute.

470 1993 585 2048 iam
628 2011 743 2048 non
786 1993 1039 2064 potero.“
1120 1991 1190 2048 cf.
1236 1993 1417 2062 Epist.
1455 1993 1528 2062 11,
1573 1998 1622 2063 1,

472 2067 579 2120 246
604 2083 684 2136 sq.
735 2095 797 2105 ——-
848 2071 1087 2136 angusta
1133 2065 1339 2148 fronte]
1392 2065 1624 2120 Contra·

470 2138 619 2191 rium
656 2137 827 2192 habes
864 2138 925 2190 in
960 2136 1217 2191 hocloco
1241 2136 1413 2190 leii
1440 2137 1622 2206 Epist.

470 2209 571 2275 111,
606 2212 658 2278 6,
694 2211 755 2263 2:
813 2209 965 2277 „rari
1010 2213 1069 2262 et
1114 2207 1372 2262 cedentes
1412 2209 1622 2277 capilli,

470 2281 587 2334 lata
636 2279 845 2335 frons.“
939 2279 1201 2334 Ceterum
1244 2279 1313 2334 cf.
1350 2279 1534 2350 Epist.
1577 2280 1621 2343 Ι,

471 2354 557 2418 20,
594 2354 663 2404 24
700 2360 757 2406 et
796 2352 924 2407 vide
960 2352 1032 2406 ad
1070 2352 1253 2406 Carm.
1283 2352 1323 2420 1,
1347 2353 1437 2420 33,
1476 2355 1524 2405 ὅ.
1557 2381 1622 2392 --—

476 2423 734 2494 Oinarea]
782 2423 853 2478 cf.
890 2423 1069 2478 Carm-
1110 2423 1203 2491 lv,
1249 2427 1291 2491 1,
1328 2425 1361 2477 3
1400 2429 1459 2478 et
1496 2424 1624 2478 vide

470 2495 542 2550 ad
582 2495 762 2550 Carm.
800 2495 895 2556 IV,
936 2497 1020 2557 13,
1058 2497 1145 2548 21.
1174 2522 1237 2534 -
1264 2495 1424 2566 forte]
1472 2495 1623 2550 idem

506 2567 619 2622 uod
680 2567 1010 2636 aliquando,
1070 2571 1137 2620 ut
1192 2565 1306 2621 Sat.
1360 2566 1404 2634 Ι,
1462 2569 1513 2628 9,
1577 2572 1622 2621 1.

519 2639 665 2693 'cero
703 2639 784 2694 ita
820 2638 1038 2693 locutus
1074 2655 1192 2692 esse
1228 2655 1341 2692 non
1379 2638 1624 2702 videtur,

472 2709 567 2764 sed
598 2710 955 2780 posteriores.
981 2739 1043 2749 —
1074 2709 1373 2778 vulpecula]
1410 2710 1494 2764 De
1518 2710 1626 2765 hac

469 2783 719 2836 omnium
792 2781 1047 2836 codicum
1107 2781 1389 2850 scriptura
1454 2781 1624 2836 Bent-

468 2853 635 2907 leius:
676 2851 970 2921 „Vestram
1006 2852 1191 2914 fidem,
1228 2853 1431 2923 inquit,
1455 2869 1624 2907 vena-

472 2929 647 2988 tores,
706 2925 929 2991 rustici,
1004 2924 1247 2994 physici!
1316 2925 1624 2979 Frumento

472 2997 720 3050 vescitur
755 2997 1093 3066 vulpecula?
1154 2995 1289 3063 Quis
1326 2997 1415 3050 vel
1454 2996 1624 3050 fando

473 3066 580 3121 hoc
637 3067 886 3136 audivit,
952 3069 1077 3138 quis
1142 3068 1501 3137 prodidit?“‚
1561 3085 1628 3124 ae

473 3139 642 3193 scribi
697 3140 854 3194 iubet
906 3140 1182 3208 nitedula3
1246 3157 1389 3209 quae
1444 3142 1626 3195 conie-

472 3215 652 3278 ctura,
706 3210 842 3265 olim
898 3211 971 3265 ab
1025 3210 1335 3266 editoribus
1382 3217 1625 3282 recepta,

473 3281 675 3336 deinde
730 3283 965 3350 reiecta,
1022 3301 1171 3337 nunc
1230 3285 1437 3338 iterum
1496 3301 1624 3353 pro-

472 3359 673 3408 vocata
738 3359 823 3409 est
876 3355 947 3409 ab
1002 3354 1269 3424 Hauptio,
1325 3355 1626 3418 meinaim),

472 3423 739 3494 Liukero,
776 3426 1005 3494 PaulyO.
1042 3426 1335 3492 Muellero,
1370 3425 1626 3494 Lehrsio,

473 3494 813 3566 Ribbecki03
857 3498 1066 3552 Keller.
1102 3498 1341 3569 Kriiger.
1380 3498 1625 3552 Doeder-

473 3567 569 3623 lin.
589 3568 873 3624 Eckstein.
894 3574 1193 3623 servarunt
1215 3570 1519 3640 vulgatam.
1550 3574 1627 3623 At

472 3647 870 3710 praeterquam
890 3641 1039 3709 quod
1058 3641 1153 3694 vul
1196 3642 1356 3696 ecula
1368 3641 1537 3695 etiam
1553 3639 1626 3695 ab

474 3711 693 3766 Isidoro
715 3714 1114 3782 comprobatur
1188 3714 1294 3782 rig.
1322 3713 1366 3779 1,
1394 3714 1487 3765 39:
1518 3712 1626 3781 „ad

473 3800 654 3838 mores
698 3790 915 3853 spectat
960 3783 1169 3851 fabula,
1214 3789 1280 3838 ut
1325 3785 1474 3853 apud
1511 3785 1626 3838 Ho-

472 3855 683 3908 ratium
728 3872 851 3909 mus
898 3855 1151 3925 loquitur
1184 3853 1345 3909 ‘muri
1378 3856 1511 3920 (Sat.
1552 3855 1625 3923 ΙΙ,

474 3929 526 3988 6,
572 3927 683 3992 90),
726 3927 956 3981 mustela
1006 3927 1374 3996 vulpeculae&
1432 3933 1626 3982 tenen·

473 3997 609 4052 dum
632 4003 719 4052 est
753 3998 1119 4068 apologorum
1158 3999 1474 4053 inventores
1512 4016 1626 4054 non

472 4075 591 4124 tam
646 4069 931 4139 physicam
986 4069 1447 4139 probabilitatem
1504 4089 1628 4141 spe·

473 4146 628 4196 ctare
702 4157 869 4210 quam
949 4141 1241 4196 doctrinae
1311 4143 1628 4198 veritatem.

656 4212 765 4267 Dio
823 4212 1101 4280 Ohrysost.
1152 4215 1237 4267 4⁷.
1292 4231 1345 4283 p.
1384 4217 1507 4268 283.
1557 4213 1626 4269 R.

475 4277 576 4353 „031
628 4282 738 4352 γὰρ
795 4278 985 4354 ὥσπερ
1034 4282 1066 4350 ἡ
1114 4277 1337 4352 ἀλώπηξ
1384 4303 1630 4356 καταφα-

472 4355 650 4424 γοῦσα
688 4352 751 4408 τὰ
786 4359 919 4423 κρέα
963 4350 1063 4408 οὒκ
1114 4352 1343 4410 Murato
1391 4357 1632 4417 ἐξελθεῖν

476 4427 537 4479 ἐκ
592 4427 685 4490 τῆς
738 4425 901 4494 δρυὸς
956 4425 1049 4480 διὰ
1103 4424 1165 4481 τὸ
1216 4428 1629 4498 ἐμπλησθῆναι,

478 4491 649 4623 inpegi
699 4496 1075 4622 ἔξελθεῖιὲῦδιὰ
1122 4499 1279 4623 rosato
1300 4496 1630 4625 ὕαλενῖόνέ*

530 4583 597 4622 ac
636 4583 868 4622 mannus
984 4587 1112 4622 men
1170 4588 1203 4623 a
1348 4587 1481 4626 ucre
1511 4611 1524 4624 .
1574 4587 1630 4640 p.

474 4213 577 4267 cfr.

1717 1996 1848 2048 204:
1935 1995 2120 2063 „idem
2175 1993 2508 2050 vocabulum
2577 1991 2850 2062 (nitedula)

1717 2065 1956 2120 Horatio
2001 2085 2036 2120 a
2083 2065 2340 2121 Bentleio
2395 2065 2722 2120 restitutum
2772 2063 2850 2133 qui

1717 2138 2853 2280 ess1ssffs⁰a0sssz⁰2⁰asms

1716 2281 1966 2336 nitedula
2009 2286 2152 2336 teste
2177 2282 2404 2336 Kellero
2441 2281 2530 2334 bis
2556 2285 2774 2334 tantum
2805 2278 2853 2330 in

1717 2357 1856 2418 tota,
1906 2359 1972 2406 ut
2018 2355 2100 2407 ita
2143 2354 2344 2420 dicam,
2393 2352 2684 2406 latinitate
2717 2367 2852 2418 repe·

1717 2425 1892 2493 ritur,
1952 2423 2062 2479 Cic.
2125 2424 2264 2480 Sest.
2321 2427 2388 2479 33
2433 2430 2491 2478 et
2545 2423 2755 2477 Arnob.
2796 2420 2854 2484 11,

1720 2497 1816 2550 47:
1871 2513 2020 2565 „non
2059 2497 2227 2564 euim,
2264 2497 2314 2550 si
2347 2511 2618 2566 negamus
2657 2509 2853 2548 muscas

1717 2569 2007 2622 scarabeas
2055 2573 2114 2622 et
2159 2569 2397 2630 cimices,
2435 2567 2718 2634 nitedulas
2751 2581 2852 2619 cur·

1718 2640 1964 2694 culiones
2001 2645 2059 2694 et
2093 2641 2274 2694 tineas
2321 2638 2723 2707 omnipotentis
2756 2651 2854 2691 esse

1716 2727 1856 2780 opus
1904 2712 2053 2782 regis
2101 2713 2246 2766 cet.“
2291 2739 2358 2751 —·
2402 2709 2702 2778 cumam]
2755 2707 2850 2760 Sat.

1717 2781 1762 2850 Ι,
1815 2787 1858 2847 l,
1909 2783 1994 2836 53.
2048 2811 2114 2822 —
2161 2799 2351 2838 cavum
2404 2781 2590 2851 quem]
2653 2779 2852 2849 Duplex

1718 2853 2055 2908 substantivi
2129 2855 2313 2909 forma
2371 2858 2484 2919 est,
2549 2869 2737 2907 cavum
2807 2855 2854 2903 et

1717 2941 1897 2980 cavae.
1973 2925 2041 2980 cf.
2101 2925 2219 2981 Sat.
2266 2926 2339 2994 ΙΙ,
2389 2927 2441 2990 6,
2493 2925 2616 2978 116.
2673 2951 2738 2962 -
2791 2937 2854 2975 re·

1715 2997 1900 3067 siquo]
1961 2997 2030 3052 of.
2075 2999 2148 3052 ad
2188 2997 2370 3052 Carm.
2415 2996 2515 3064 111,
2555 2997 2645 3064 29,
2681 2997 2761 3050 54.
2797 3021 2850 3032 -—

1716 3083 1960 3124 somnum
1992 3069 2194 3142 plebis]
2231 3069 2302 3124 cf.
2341 3069 2524 3123 Garm.
2565 3067 2666 3130 ΙΙΙ,
2697 3069 2741 3132 1,
2777 3067 2848 3116 21.

1719 3171 1786 3180 —
1808 3139 1990 3210 satur]
2011 3159 2140 3210 non,
2169 3142 2373 3210 inquit,
2393 3140 2564 3194 laudo
2595 3138 2854 3193 abstinen-

1715 3213 1858 3267 tiam
1912 3215 2086 3268 auimi
2152 3229 2334 3282 neque
2392 3211 2518 3265 ideo
2575 3215 2850 3265 contemno

1713 3301 1876 3339 raros
1914 3285 2296 3353 delicatosque
2331 3284 2501 3347 cibos,
2542 3284 2678 3351 quia
2713 3285 2850 3334 satur

1717 3373 1840 3409 sum
1881 3361 1984 3410 aut
2030 3356 2280 3410 taedium
2327 3373 2520 3409 eorum
2569 3371 2660 3408 me
2705 3353 2848 3420 cepit.

1719 3426 1884 3481 Attila
1929 3433 2014 3481 est
2059 3429 2282 3490 animal,
2331 3427 2482 3496 quod
2519 3426 2594 3479 ali
2635 3430 2694 3480 et
2727 3423 2852 3494 sagi·

1717 3499 1843 3552 nari
1886 3503 2073 3567 potest
2121 3500 2192 3553 ad
2241 3499 2428 3554 eibum
2475 3498 2774 3551 humanum
2806 3497 2851 3546 et

1715 3570 1946 3624 vivariis
1975 3571 2272 3626 inclusum
2337 3575 2580 3635 tenetur,
2641 3573 2706 3622 ut
2751 3565 2850 3637 gal·

1719 3641 1882 3710 linae,
1937 3659 2175 3706 anseres,
2231 3647 2424 3696 anates
2443 3681 2458 3704 ,
2514 3641 2651 3695 item
2697 3639 2852 3708 pisces

1719 3718 1778 3767 et
1815 3713 2050 3782 lepores.
2098 3715 2286 3768 Iuven.
2323 3717 2376 3780 5,
2418 3715 2544 3768 166:
2587 3728 2744 3780 „ecce
2773 3709 2852 3790 da·

1718 3785 1806 3838 bit
1831 3785 1944 3839 iam
1969 3786 2254 3841 Semesum
2281 3786 2530 3856 leporem
2569 3789 2736 3853 atque
2769 3781 2850 3833 sh-

1720 3857 1855 3926 quid
1893 3857 1962 3911 de
2001 3859 2256 3913 clunibus
2293 3858 2437 3926 apri.
2495 3856 2587 3909 Ad
2625 3872 2724 3909 nos
2759 3853 2850 3906 iam

1719 3929 1910 3982 veniet
1963 3931 2145 3984 minor
2199 3929 2428 3984 altilis.“
2501 3927 2648 3981 Plin.
2693 3925 2754 3980 N.
2795 3922 2850 3976 fl.

1723 3999 1793 4068 X,
1839 4001 1933 4053 502
1987 4001 2233 4070 „nequid
2291 4000 2520 4055 voluere
2573 4001 2850 4068 poneretur

1723 4076 1949 4140 praeter
2001 4089 2171 4126 unam
2227 4071 2513 4142 gallinam.
2573 4087 2715 4140 quae
2757 4083 2848 4120 non

1721 4147 1866 4198 esset
1903 4143 2128 4198 altais“.
2197 4143 2390 4198 Etiam
2435 4143 2510 4197 id.
2558 4143 2693 4197 ibid.
2725 4136 2850 4202 xlx,

1721 4217 1774 4283 4,
1807 4215 1900 4268 19:
1941 4232 2100 4282 „ecce
2138 4215 2322 4269 altiles
2360 4219 2688 4284 spectantur
2718 4226 2848 4279 aspa·

1721 4286 1911 4357 ragi“‚
1973 4288 2008 4340 i.
2061 4303 2107 4340 e.
2171 4287 2496 4356 ponderosi,
2561 4285 2743 4342 crassi.
2793 4305 2850 4318 -

1724 4358 1996 4427 Arabum]
2053 4375 2292 4427 quorum
2351 4357 2587 4412 divitiae
2641 4357 2698 4410 in
2743 4367 2846 4423 pro·

1723 4428 1982 4484 vei-bium
2034 4429 2324 4498 abierunt3
2381 4429 2567 4484 Carm.
2620 4429 2662 4495 1,
2697 4427 2776 4490 29,
2809 4425 2844 4476 1.

1723 4499 1825 4568 111,
1851 4501 1940 4566 24,
1968 4505 2018 4554 2.
2062 4531 2124 4541 —
2163 4499 2546 4570 cmcundmn]
2583 4501 2654 4555 cf.
2689 4499 2845 4552 Germ.

1727 4571 1796 4640 11,
1841 4573 1919 4637 18,
1961 4575 2044 4625 12.
2097 4601 2162 4612 —-
2205 4573 2333 4642 rex]
2385 4572 2508 4627 Hoc
2543 4572 2758 4627 nomine
2781 4573 2828 4620 te
