3092 5059
1155 847 1244 954 Q.
1303 848 1749 935 HORATII
1808 845 2193 934 FLAOOI

741 1009 2615 1124 EPISTULARUM

1283 1206 1540 1272 LIBER
1584 1204 2065 1273 SECUNDUS.

1574 1392 1773 1400 ffl—

1383 1511 1843 1597 EPISTULA
1916 1512 1977 1594 I.

581 1683 776 1760 Cum
829 1693 946 1756 tot
987 1680 1360 1756 sustineas
1410 1691 1489 1754 et
1538 1690 1751 1753 tanta
1799 1677 2112 1775 negotia
2162 1675 2392 1773 solus,

578 1809 727 1884 Res
777 1806 1012 1882 Italas
1063 1805 1298 1880 armis
1352 1803 1639 1898 tuteris,
1695 1802 2039 1878 moribus
2092 1826 2340 1898 ornes,

583 1933 922 2032 Legibus
976 1929 1360 2027 emendes,
1415 1931 1497 2004 in
1552 1927 1864 2030 publica
1917 1926 2325 2002 commoda
2373 1951 2722 2027 peccem,

849 2187 1191 2259 Epistula
1227 2189 1272 2244 1.

553 2301 824 2358 Suetonio
871 2307 1016 2357 teste
1064 2302 1146 2371 (in
1185 2301 1330 2369 vita)
1369 2302 1639 2357 Horatius

481 2374 628 2430 hanc
672 2374 973 2445 epistulam
1019 2375 1263 2444 scripsit,
1319 2392 1390 2430 ne
1442 2374 1639 2429 volun-

480 2447 591 2502 tati
626 2447 891 2518 Augusti,
943 2447 1039 2515 qui
1087 2445 1238 2516 quod
1287 2445 1433 2500 nihil
1473 2447 1546 2501 ad
1583 2462 1641 2499 se

483 2518 796 2588 scripsisset
837 2519 1088 2588 graviter
1124 2522 1460 2586 conquestus
1499 2521 1638 2582 erat,

482 2591 650 2660 plane
690 2590 880 2644 deesse
927 2588 1233 2644 videretur.
1305 2589 1372 2642 In
1419 2606 1530 2657 qua
1578 2605 1641 2643 re

484 2662 772 2731 egregium
801 2661 912 2715 fuit
932 2660 1157 2715 Horatii
1193 2661 1512 2729 consilium3
1540 2661 1638 2728 qui

484 2750 609 2787 cum
649 2732 1020 2788 intellexisset
1056 2733 1118 2786 in
1152 2732 1394 2802 epistula
1431 2731 1502 2786 ad
1522 2734 1637 2785 Au-

483 2809 712 2874 gustum
747 2804 934 2860 danda
970 2821 1150 2872 neque
1195 2805 1440 2873 ineptius
1487 2804 1638 2872 quie·

486 2893 654 2944 quam
691 2875 812 2930 fore
860 2893 1029 2944 quam
1070 2875 1360 2930 satiricum
1409 2875 1640 2944 aliquod

485 2951 880 3016 argumentum
917 2948 1033 3001 sive
1065 2947 1262 3002 acerbe
1298 2948 1416 3001 sive
1454 2947 1639 3000 iocose

485 3018 846 3088 descriptum,
909 3037 1090 3088 neque
1165 3019 1417 3087 putidius
1487 3018 1639 3087 quic-

487 3107 656 3159 quam
696 3108 864 3159 quam
900 3109 1018 3144 rem
1058 3090 1300 3159 aliquam
1341 3107 1408 3144 ex
1457 3089 1638 3160 philo-

487 3161 684 3230 sophia
717 3163 973 3231 petitam,
1012 3179 1154 3230 quae
1179 3161 1441 3232 malignis
1464 3162 1641 3216 inter-

487 3233 898 3302 pretationibus
947 3233 1199 3288 subiecta
1249 3251 1486 3306 pravum
1537 3232 1643 3287 ali-

488 3305 640 3374 quod
691 3322 851 3359 suum
898 3305 1192 3359 consilium
1233 3305 1418 3360 celare
1454 3309 1643 3374 posset

486 3375 688 3443 videri,
730 3375 790 3430 id
814 3377 923 3431 sibi
948 3377 1378 3431 describendum
1402 3382 1461 3431 et
1496 3377 1640 3430 inlu-

487 3449 779 3502 strandum
825 3449 1064 3518 sumpsit
1114 3466 1308 3519 genus,
1365 3467 1474 3518 quo
1519 3449 1641 3502 nul-

487 3520 606 3573 lum
667 3524 766 3574 aut
830 3523 1088 3590 Augusto
1145 3527 1244 3575 aut
1305 3537 1362 3575 se
1417 3519 1643 3590 dignius

489 3609 607 3645 esse
645 3596 851 3660 posset.
925 3591 1237 3647 Praemisso
1275 3591 1422 3647 enim
1461 3592 1642 3660 splen-

488 3663 620 3717 dido
683 3663 916 3717 exordio
973 3664 1044 3718 de
1097 3667 1354 3748 Augusto
1416 3663 1644 3733 eiusque

489 3734 550 3788 in
588 3751 708 3788 rem
752 3734 1036 3804 publicam
1074 3735 1310 3803 meritis,
1360 3735 1510 3804 quod
1559 3739 1642 3790 ta-

489 3823 617 3860 men
664 3807 846 3877 ipsum
894 3807 977 3861 ita
1017 3811 1102 3861 est
1147 3811 1536 3876 comparatum
1580 3811 1645 3861 ut

490 3879 1007 3933 coniunctissimum
1081 3879 1155 3932 sit
1229 3897 1354 3933 cum
1424 3878 1645 3946 reliqua

489 3954 654 4020 parte
712 3950 1003 4019 epistulae,
1064 3949 1333 4004 Horatius
1389 3950 1512 4018 agit
1574 3950 1644 4003 de

490 4025 660 4089 statu,
717 4039 827 4090 quo
873 4025 1011 4075 tunc
1057 4039 1176 4075 esse
1219 4021 1326 4075 sibi
1381 4021 1645 4075 videatur

487 4093 670 4163 poesis
707 4092 977 4160 Romana,
1017 4093 1179 4147 docet
1217 4093 1353 4162 quid
1390 4093 1643 4147 excolen-

490 4165 594 4221 dae
650 4165 702 4219 ei
763 4164 1004 4218 maxime
1058 4166 1260 4232 obstet,
1309 4164 1644 4219 adhortatur

490 4239 808 4306 Augustum
845 4240 912 4290 ut
947 4253 1136 4292 omnes
1173 4237 1289 4290 eius
1329 4241 1519 4306 partes
1555 4253 1642 4291 ea-

490 4308 621 4362 dem
656 4324 794 4362 cura
829 4307 1220 4376 amplectatur,
1259 4309 1517 4376 reditque
1556 4325 1642 4362 ex-

490 4383 670 4434 tremo
743 4379 988 4434 carmine
1062 4381 1305 4433 transitu
1388 4380 1643 4449 apposite

491 4451 599 4504 sibi
669 4455 872 4520 parato
928 4451 1000 4505 ad
1056 4452 1429 4506 excusandam
1483 4469 1642 4505 suam

492 4520 847 4589 facultatem,
901 4540 1024 4577 cum
1090 4523 1381 4579 laudandis
1437 4523 1642 4578 merito

491 4593 734 4662 Augusti
775 4593 1084 4649 virtutibus
1133 4596 1404 4665 imparem
1451 4612 1510 4650 se
1560 4595 1641 4649 ni-

1731 2161 1813 2217 hil
1862 2161 1935 2216 ad
1981 2159 2380 2216 celebrandum
2420 2162 2647 2214 tantum
2688 2175 2891 2213 nomen

1730 2232 1955 2288 adferre
1989 2249 2152 2302 posse
2187 2233 2465 2302 deplorat.
2511 2231 2889 2301 Praecipuum

1729 2305 1908 2376 igitur
1950 2308 2149 2373 poetae
2202 2302 2499 2360 consilium
2548 2303 2889 2358 cernendum

1732 2382 1817 2431 est
1865 2377 1924 2430 in
1971 2376 2327 2430 ostendendis
2373 2374 2635 2428 maximis
2682 2375 2888 2429 incom-

1729 2447 1927 2516 modis,
1974 2447 2177 2516 quibus
2237 2448 2473 2502 latinam
2518 2446 2743 2515 poesim
2798 2463 2889 2500 suo

1732 2524 1985 2590 tempore
2047 2519 2307 2574 laborare
2360 2535 2427 2574 ac
2479 2517 2732 2588 deprimi
2786 2535 2889 2572 non

1732 2593 1852 2646 sine
1888 2609 2092 2661 magno
2132 2591 2327 2646 dolore
2363 2589 2523 2644 vidit.
2576 2589 2889 2660 Neglegsn·

1734 2663 1815 2718 tia
1872 2667 2061 2716 autem
2108 2667 2168 2717 et
2206 2661 2591 2732 despicientia,
2648 2679 2771 2730 qua
2816 2667 2891 2714 to·

1731 2739 1823 2789 tus
1860 2751 2039 2804 paene
2075 2734 2317 2804 populus
2342 2750 2504 2788 veros
2530 2750 2657 2787 suos
2694 2737 2889 2803 poetas

1731 2806 1990 2875 aequales
2066 2823 2369 2874 eorumque
2429 2803 2619 2858 studia
2696 2805 2891 2873 utique

1731 2877 2013 2933 laudanda
2043 2884 2101 2932 et
2121 2878 2194 2932 ad
2230 2879 2315 2932 rei
2346 2876 2609 2946 publicae
2646 2877 2887 2930 salutem

1730 2949 1896 3003 utilia
1932 2953 2055 3003 tum
2090 2949 2549 3019 persequebatur,
2576 2947 2891 3002 communis

1732 3020 1891 3089 quasi
1948 3020 2074 3075 fons
2132 3025 2311 3086 erant,
2356 3018 2503 3073 unde
2546 3017 2746 3074 omnia
2801 3019 2893 3073 illa

1733 3093 2085 3147 incommoda
2138 3091 2565 3162 proveniebant.
2650 3089 2890 3145 Romani

1732 3163 1881 3218 enim
1948 3182 2011 3217 eo
2089 3168 2344 3233 tempore
2410 3177 2575 3217 caeco
2648 3163 2889 3233 quodam

1733 3252 1921 3290 amore
1986 3235 2208 3305 abrepti
2264 3238 2365 3290 aut
2421 3235 2657 3303 antiqua
2733 3235 2891 3304 longe

1732 3307 2136 3376 praeferebant
2172 3311 2288 3369 aut,
2328 3305 2386 3360 id
2425 3306 2576 3374 quod
2610 3307 2891 3360 scaenicas

1734 3379 1847 3434 arti
1894 3384 1953 3432 et
1994 3378 2200 3433 fabulis
2248 3377 2495 3432 maxime
2534 3377 2747 3446 obfuit,
2794 3395 2893 3446 pu·

1732 3467 1973 3520 gnarum
1992 3457 2439 3519 pomparumqus
2460 3448 2889 3518 triumphalium

1734 3523 1793 3576 in
1832 3521 2068 3576 theatris
2100 3520 2534 3587 imitationibus,
2566 3520 2891 3575 muneribus

1733 3592 2105 3664 gladiatoriis,
2153 3593 2357 3664 pugnis
2406 3591 2659 3646 ferarum
2714 3591 2889 3716 man-glis

1735 3664 2084 3719 ducebantur
2157 3682 2327 3733 quam
2388 3662 2619 3732 optimis
2688 3663 2786 3717 fab
2846 3662 2887 3715 is

1736 3737 1906 3807 digne
1956 3753 2021 3790 ac
2066 3735 2399 3806 simpliciter
2445 3735 2603 3789 actis.
2676 3734 2765 3789 Ea
2800 3751 2887 3788 au·

1734 3813 1848 3863 tem
1886 3807 1955 3862 de
1986 3809 2349 3876 antiquorum
2384 3811 2684 3876 poetarum
2718 3805 2885 3860 nimio

1738 3896 1947 3948 amore,
2002 3880 2318 3949 aequalium
2382 3879 2594 3932 iniusta
2652 3883 2887 3932 contem·

1737 3951 1929 4021 ptione
1984 3951 2327 4021 vituperatio
2379 3952 2703 4034 Augustum
2761 3965 2885 4030 quo·

1737 4021 2388 4150 ggnguggffitglpgg:
2412 4026 2884 4163 ῗὲξὲιίεὓῗιξῃὶιιῗ

1740 4166 1882 4234 quit,
1927 4166 2097 4234 plane
2140 4169 2463 4236 poematum
2509 4181 2731 4234 quoque
2778 4179 2883 4216 non

1740 4237 2083 4364 impcelrituget
2107 4237 2493 4363 delecgabatur
2564 4236 2735 4291 etiam
2806 4249 2880 4358 ffi-

1739 4325 1949 4363 mota
2082 4323 2881 4364 enesaeeeamex·

1738 4379 1867 4434 buit
1901 4379 2143 4450 publicis
2176 4325 2505 4450 spectacuiis
2522 4381 2571 4448 3⁸⁸
2606 4379 2700 4448 qui
2734 4377 2879 4430 locus

1740 4452 2147 4523 intellegendus
2184 4457 2271 4506 est
2300 4469 2411 4506 non
2442 4451 2512 4506 de
2546 4450 2780 4520 antiqua
2796 4449 2881 4500 At·

1740 4522 1984 4578 ticorum
2038 4524 2339 4592 comoedia,
2401 4523 2499 4578 sed
2558 4523 2629 4578 de
2671 4521 2878 4583 Plauto,

1742 4593 1981 4650 Caecilio
2012 4593 2214 4664 Statio,
2254 4596 2395 4652 aliis.
2446 4593 2637 4648 Etiam
2674 4589 2876 4661 Quinti·
