3092 5059
998 214 1355 284 EPODON
1401 217 1670 283 LIBER.
1746 214 1999 282 CARM.
2039 216 2090 280 Ι.

2618 214 2740 281 289

694 436 719 477 s
756 402 957 495 Quid
1014 428 1177 499 nos,
1238 403 1517 502 quibus
1565 415 1640 478 te
1693 402 1852 477 vita
1895 402 1958 477 si
2005 399 2407 501 superstite

942 527 1313 621 Iucunda,
1366 530 1433 603 si
1485 538 1774 623 contra,
1829 526 2138 623 gravis?

742 652 1124 730 Utrumne
1175 652 1359 728 iussi
1409 674 1965 753 persequemur
2019 652 2260 727 otium

939 778 1113 853 Non
1172 777 1397 853 dulce
1448 778 1531 852 ni
1581 789 1837 855 tecum
1886 776 2133 873 simul,

746 902 877 979 An
926 903 1131 979 hunc
1180 902 1527 979 laborem
1581 914 1838 1005 mente
1888 899 2142 997 laturi,
2198 901 2420 980 decet

654 1060 707 1099 ιο
943 1030 1117 1123 Qua
1168 1031 1379 1105 ferre
1424 1054 1580 1102 non
1634 1026 1908 1103 molles
1961 1027 2218 1105 viros?

744 1154 1109 1231 Feremus
1156 1167 1231 1229 et
1274 1167 1352 1228 te
1402 1152 1529 1229 vel
1583 1178 1723 1251 per
1775 1151 2094 1252 Alpium
2147 1155 2325 1252 iuga

938 1276 1496 1377 Inhospitalem
1553 1289 1628 1353 et
1679 1274 2132 1371 Caucasum,

744 1404 895 1481 Vel
946 1402 1387 1482 Occidentis
1440 1427 1687 1501 usque
1736 1401 1835 1478 ad
1893 1401 2241 1479 ultimum
2295 1402 2544 1479 sinum

940 1528 1167 1603 Forti
1214 1552 1630 1627 sequemur
1674 1540 2012 1627 pectore.

664 1687 715 1729 ιι
748 1654 1006 1751 Reges
1056 1666 1271 1730 tuum
1321 1652 1592 1729 labore
1649 1651 1838 1753 quid
1885 1652 2144 1729 iuvem
2195 1678 2367 1729 meo

944 1778 1294 1856 Imbellis
1346 1804 1435 1857 ac
1483 1778 1750 1854 firmus
1804 1780 2128 1875 parum?

746 1902 1023 1982 Comes
1078 1906 1376 1982 minore
1428 1932 1593 1981 sum
1643 1907 1948 1981 futurus
1991 1902 2072 1978 in
2122 1915 2356 2000 metu,

948 2027 1101 2121 Qui
1150 2028 1395 2103 maior
1448 2029 1799 2104 absentes
1851 2026 2121 2126 habet3

745 2153 847 2231 Ut
896 2152 1255 2230 adsidens
1307 2151 1809 2247 implumibus
1858 2152 2092 2254 pullis
2143 2156 2307 2230 avis

664 2310 719 2349 ιο
950 2276 1439 2379 Serpentium
1492 2277 1830 2377 allapsus
1879 2278 2100 2356 timet

744 2402 1002 2501 Magis
1053 2404 1363 2500 relictis,
1412 2430 1572 2480 non
1624 2416 1710 2479 ut
1761 2403 1963 2480 adsit
2013 2403 2246 2481 auxili

947 2530 1235 2607 Latura
1283 2530 1459 2627 plus
1510 2530 2080 2630 praesentibus.⁴

340 2778 413 2835 do
449 2778 543 2835 hic
575 2783 684 2836 est:
725 2778 927 2850 quibus
962 2778 1085 2833 vita
1120 2778 1168 2833 si
1206 2784 1265 2834 te
1299 2797 1489 2849 super-

337 2852 471 2906 stite
496 2852 628 2921 (sit),
656 2852 929 2920 iucunda;
963 2851 1011 2905 si
1036 2856 1251 2919 contra,
1283 2852 1489 2922 gravis.

341 2921 615 2978 Similiter
650 2940 762 2979 esse
781 2922 1017 2977 verbum
1040 2922 1307 2977 omissum
1340 2922 1492 2977 infra

340 3012 391 3049 v.
429 2995 483 3063 8,
518 2994 619 3049 ubi
654 2994 865 3063 ellipsis
918 2994 999 3049 sic
1044 2994 1321 3065 explenda
1352 2994 1489 3048 erit=

342 3082 457 3121 non
496 3066 659 3121 dulce
692 3067 959 3134 futurum,
1008 3066 1069 3119 ni
1104 3070 1288 3120 tecum
1325 3064 1490 3120 simul

336 3152 735 3207 persequemur.
773 3136 917 3192 Vide
952 3136 1025 3192 ad
1052 3136 1232 3192 Germ.
1257 3136 1302 3205 I,
1325 3139 1414 3198 20,
1439 3139 1489 3191 3.

342 3208 597 3265 Ritterus
635 3227 704 3265 ex
750 3208 1073 3265 coniectura
1105 3209 1159 3263 si
1192 3214 1271 3264 est
1304 3224 1491 3279 super·

336 3280 481 3336 stite.
546 3310 610 3322 —
671 3280 727 3335 si
777 3280 991 3349 eontra]
1064 3280 1381 3349 „posterius
1440 3281 1494 3335 si

341 3369 447 3421 pro
490 3352 585 3407 ein
631 3352 880 3422 ponitur,
923 3357 989 3407 ut
1046 3352 1146 3406 alii
1191 3352 1493 3421 scriptores

341 3424 497 3493 loqui
555 3428 771 3492 amant,
827 3440 1115 3493 nunquam
1171 3422 1491 3477 Horatius.“

342 3494 529 3551 Bentl.
568 3524 629 3534 —
672 3494 945 3566 utrumne]
971 3495 1041 3551 ef.
1064 3492 1179 3549 Sat.
1198 3495 1271 3563 11,
1292 3498 1345 3565 2,
1371 3496 1490 3549 107.

344 3566 419 3633 11,
456 3566 508 3636 3,
552 3568 675 3623 295.
722 3570 855 3636 3175
910 3584 979 3622 ex
1027 3583 1133 3619 usu
1180 3572 1493 3637 poetarum,

341 3656 475 3695 nam
518 3638 671 3707 quod
714 3638 863 3709 apud
911 3638 1231 3693 Ciceronem
1272 3637 1493 3707 saepius

340 3710 571 3781 legitur,
604 3709 781 3765 veluti
814 3710 975 3765 Tusc-
1016 3708 1113 3777 IV,
1140 3712 1236 3763 2⁷:
1275 3716 1495 3778 „utrum

340 3780 551 3837 illudne
606 3800 717 3837 non
767 3781 1051 3851 videatur,
1100 3798 1269 3853 agere
1313 3781 1492 3835 feren·

341 3852 495 3921 dum,
549 3854 675 3920 affl,
725 3853 784 3908 id
819 3854 987 3924 longe
1042 3852 1329 3909 diversum
1379 3855 1494 3919 est;

343 3924 553 3979 etenim
584 3942 653 3979 m
697 3930 843 3995 part.
880 3942 983 3995 per
1028 3942 1089 3980 se
1134 3924 1359 3994 quidem
1404 3940 1493 3977 su·

342 4012 711 4122 Ξιῖζΐὲωὲἰῑ
730 3995 1147 4132 *aziam
1191 3995 1493 4137 “dmi

545 4106 561 4132 n
1038 4108 1051 4123 ·
1108 4096 1177 4109 ''¹''

342 4138 597 4193 militiae.
669 4137 805 4194 Post
839 4139 1071 4195 laborem
1121 4156 1339 4195 comma
1380 4155 1493 4193 non

342 4214 429 4265 est
484 4209 805 4279 ponendum
857 4228 1037 4281 neque
1088 4230 1157 4267 ex
1209 4210 1495 4281 prioribus

344 4280 663 4339 addendum
694 4298 1089 4353 persequemur.
1138 4282 1349 4339 Laturi
1387 4298 1492 4351 pro

340 4354 520 4409 laturi
572 4368 785 4421 sumum
846 4354 917 4409 οἰ.
954 4354 1137 4424 Epod.
1184 4356 1237 4415 2,
1289 4354 1375 4407 67.
1424 4380 1493 4393 -

342 4423 647 4480 Caucasum
743 4423 814 4479 cf.
866 4424 1048 4481 carm.
1095 4426 1140 4494 1,
1188 4427 1277 4494 22,
1325 4428 1377 4479 6.
1426 4452 1494 4465 -

345 4496 599 4567 menis]
688 4514 831 4553 arm.
873 4496 947 4563 11,
999 4500 1053 4566 6,
1102 4499 1151 4553 7.
1236 4498 1497 4551 Alterum

342 4566 533 4636 firmus
585 4566 657 4623 ad
698 4568 1081 4625 valetudinem
1126 4569 1389 4638 pertinet.
1431 4597 1495 4608 —

442 4688 669 4733 Horatius
694 4689 766 4732 ed.
792 4688 1129 4741 Dilbnbursser
1154 4689 1229 4731 ed.
1257 4690 1362 4733 vn.

1593 2780 1795 2852 Comes]
1857 2781 2218 2853 Respondent
2279 2780 2418 2837 haee
2473 2779 2544 2836 ad
2587 2798 2744 2850 prae·

1593 2852 1881 2907 cedentem
1939 2854 2454 2925 interrogationem.
2526 2882 2592 2893 —
2675 2852 2742 2907 m

1592 2922 1868 2993 adsidens]
1915 2925 2432 2994 „Quemadmodum
2477 2925 2595 2979 avis
2644 2924 2742 2979 im·

1593 2995 1878 3064 plumibus
1930 2997 2100 3065 pullis
2155 2998 2413 3051 adsidens
2477 2997 2746 3065 serpenti-

1595 3084 1690 3120 um
1736 3067 1976 3136 impetus
2031 3069 2212 3139 magis
2254 3069 2421 3122 timet
2467 3084 2593 3122 cum
2650 3084 2745 3123 eos

1595 3155 1750 3193 escae
1761 3140 2114 3208 quaerendae
2124 3157 2290 3194 causa
2302 3138 2552 3207 reliquit,
2573 3156 2743 3208 quam

1595 3228 1720 3265 oum
1768 3210 1920 3279 apud
1965 3227 2059 3264 eos
2093 3211 2268 3279 sedet,
2319 3210 2540 3264 etiamsi
2583 3226 2742 3278 prae-

1594 3298 1720 3335 sens
1773 3280 1920 3335 nihil
1971 3282 2150 3350 possit
2194 3280 2396 3335 auxilii
2440 3280 2606 3348 ferre,
2663 3281 2744 3335 ita

1595 3370 1699 3423 ego
1759 3369 1982 3423 quoque
2035 3354 2252 3407 minore
2315 3355 2470 3407 metu
2525 3352 2744 3407 crucior

1591 3440 1855 3494 praesens
1927 3442 2096 3493 quam
2165 3424 2419 3479 absens.“
2513 3422 2744 3478 Relictis

1595 3496 1820 3550 dativus
1855 3500 1942 3551 est
1977 3512 2275 3565 suspensus
2314 3512 2349 3549 a
2379 3494 2554 3549 verbo
2577 3494 2745 3549 timet.

1593 3566 1707 3621 Pro
1745 3569 1926 3637 mauis
1969 3572 2158 3622 autem
2193 3584 2304 3621 non
2342 3583 2470 3620 eum
2495 3565 2745 3637 Gogavio

1596 3638 1952 3694 scribendum
1975 3643 2060 3693 est
2082 3640 2291 3707 minu-33
2323 3655 2456 3692 nam
2487 3636 2744 3693 adsidens

1597 3710 1718 3765 avi-8
1773 3714 1858 3765 est
1902 3727 2048 3780 quae
2091 3708 2264 3780 pullis
2308 3709 2440 3764 solet
2493 3706 2748 3763 adsidere

1598 3781 1880 3836 interdum
1924 3787 2115 3837 tamen
2161 3798 2252 3835 eos
2294 3781 2609 3849 relinquere
2657 3796 2746 3833 oo-

1598 3858 1728 3908 acta
1763 3858 1868 3907 est.
1904 3852 1990 3907 De
2035 3851 2208 3907 verbo
2247 3850 2316 3906 cf.
2356 3852 2472 3907 Sat.
2509 3851 2552 3915 1,
2584 3854 2632 3919 1,
2656 3852 2744 3905 82.

1599 3953 1665 3964 —
1684 3930 1748 3979 ut
1766 3922 1937 3993 adsit]
1959 3925 1996 3978 i.
2023 3942 2076 3993 q.
2097 3923 2318 3978 etiamsi
2342 3924 2504 3979 adsit.
2547 3922 2746 3976 Altera

1597 3995 1764 4051 lectio
1808 3996 1896 4049 uti
1936 3995 2032 4065 sit,
2079 4013 2249 4065 quam
2286 3995 2464 4050 Bentl.
2503 3993 2746 4047 Meinek.

1597 4066 1806 4137 Haupt.
1844 4066 2068 4122 Linker.
2111 4066 2362 4121 Mueller.
2412 4066 2744 4135 probarunt,

1597 4143 1726 4194 orta
1761 4142 1846 4193 est
1881 4156 1948 4193 ex
1983 4144 2306 4194 correctura
2343 4136 2529 4192 mendi
2564 4141 2628 4190 ut
2651 4136 2744 4204 eit,

1599 4210 1749 4280 quod
1774 4211 1836 4264 in
1867 4211 2060 4265 multis
2081 4210 2242 4265 codd.
2273 4209 2579 4278 reperitur3
2615 4206 2744 4262 Kel-

1596 4280 1706 4337 kro
1725 4282 1892 4337 lectio
1911 4284 2000 4337 uti
2011 4282 2085 4337 sit
2095 4285 2328 4351 propter
2338 4280 2571 4335 nimiam
2587 4296 2745 4333 voea-

1597 4352 1666 4407 lis
1685 4353 1710 4407 i
1733 4352 2106 4423 frequentiam
2123 4351 2492 4423 improbanda
2504 4351 2746 4405 videtur.

1596 4423 1954 4493 Porphyrion
1990 4430 2202 4481 rectam
2237 4423 2409 4479 habet
2433 4422 2746 4491 lectionem,

1599 4512 1918 4566 quanquam
1953 4513 2130 4566 prave
2165 4495 2484 4565 explicavit.
2513 4523 2580 4535 —
2605 4493 2748 4549 mili-

1597 4568 1808 4623 tabitur
1831 4568 2043 4639 bouum]
2072 4568 2356 4623 Audacter
2393 4573 2450 4624 et
2485 4582 2630 4621 nove
2665 4564 2746 4619 di—

2285 4667 2353 4719 19
