3092 5059
1462 232 1504 295 9

283 410 486 496 Epist.
534 412 586 495 I,
647 412 746 491 16,
814 414 854 476 5
898 431 1037 496 sqq.
1126 412 1270 479 Sita
1313 420 1453 480 erat
1495 414 1564 479 in
1608 414 1873 481 Sabinis
1918 414 2091 480 baud
2154 416 2372 500 procul
2441 416 2691 484 Tibure

287 524 672 606 Aquilonem
739 542 982 607 versus3
1055 523 1319 591 additus
1371 544 1530 608 ager
1590 524 1967 592 coniunctus
2036 533 2176 592 erat
2242 545 2323 591 ex
2388 528 2685 610 quinque

283 632 712 717 agricolarum
755 632 1135 699 Sabinorum
1179 635 1356 717 agris
1382 634 1484 719 ⁸⁰),
1565 634 1672 715 qui
1720 634 2191 718 proscriptione
2248 642 2313 700 et
2374 635 2686 702 distribu-

281 742 456 807 tione
501 742 764 824 agraria
810 742 984 807 bello
1031 744 1212 808 civili
1254 743 1338 809 ad
1383 743 1819 812 Maecenatem
1880 750 2321 827 pervenerant,
2392 751 2457 810 et
2524 745 2685 810 satis

281 870 574 935 magnus,
639 858 710 916 ut
767 857 1024 937 praeter
1081 852 1340 918 vilicum
1387 861 1530 920 octo
1555 856 1634 934 ⁸¹)
1700 853 1791 920 ibi
1861 873 2083 920 servos
2128 854 2435 919 Horatius
2491 853 2685 919 habe·

282 966 400 1025 ret.
489 959 724 1025 Vicina
789 966 972 1026 erant
1025 961 1224 1027 Varia
1288 962 1599 1046 oppidum
1636 966 1734 1045 ⁸²),
1788 962 2093 1029 Mandela
2154 982 2363 1047 pagus
2398 966 2495 1043 ⁸⁸),
2560 962 2687 1029 Va·

211 1076 220 1084 ‘
279 1088 488 1135 cunae
541 1068 848 1151 antiquae
903 1068 1294 1135 Sabinorum
1361 1070 1527 1136 deae
1592 1072 1811 1137 fanum
1836 1069 1949 1155 ³⁴);
2021 1071 2367 1155 propinqui
2436 1078 2685 1137 montes

279 1177 629 1244 Lucretilis
674 1184 740 1244 et
786 1178 1010 1245 Ustica
1031 1180 1148 1258 ⁸⁶);
1205 1180 1400 1245 vallis
1452 1180 1847 1263 irrigabatur
1888 1180 2199 1265 Digentia
2241 1181 2381 1246 rivo
2406 1182 2506 1263 ⁸⁶),
2550 1185 2688 1247 tota

277 1289 465 1371 regio
507 1286 694 1353 silvis
739 1294 804 1353 ct
848 1288 1025 1353 saxis
1070 1290 1332 1372 egregie
1377 1296 1516 1354 erat
1558 1289 1810 1357 variata
1836 1290 1939 1367 ⁸⁷).
2008 1290 2141 1356 Sed
2184 1291 2346 1356 haec
2390 1288 2471 1355 de
2509 1290 2688 1355 villa.

279 1396 646 1462 Redeamus
711 1395 796 1461 ad
851 1397 1207 1462 Horatium.
1299 1396 1420 1463 Cui
1476 1396 1875 1465 Maecenatis
1938 1398 2351 1465 familiaritas
2408 1399 2689 1483 Augusti

280 1506 484 1572 etiam
513 1506 802 1572 favorem
833 1507 1236 1582 conciliavit3
1279 1527 1469 1590 quem
1513 1509 1773 1591 quidem
1810 1509 1921 1592 qui
1956 1510 2022 1574 in
2065 1508 2579 1575 criminationem
2622 1508 2685 1572 ei

275 1622 625 1693 verterent,
672 1634 752 1681 ne
795 1616 918 1682 bac
953 1616 1216 1700 quidem
1247 1624 1460 1683 aetate
1487 1617 1842 1683 defuerunt.
1888 1617 2055 1684 Nam
2100 1619 2411 1702 profecto,
2456 1616 2687 1701 inquit,

277 1744 454 1807 quae
493 1724 754 1791 tandem
799 1745 880 1790 ea
923 1725 1050 1790 fuit
1092 1724 1374 1791 hominis
1419 1726 1801 1807 constantia,
1834 1726 1945 1808 qui
1978 1744 2167 1807 quem
2213 1726 2467 1792 iuvenis
2512 1725 2689 1791 odis·

277 1842 402 1911 set,
448 1840 670 1900 contra
713 1854 902 1918 quem
947 1854 1091 1900 cum
1115 1835 1316 1901 Bruto
1360 1842 1647 1901 armatus
1693 1834 1997 1916 stetisset,
2027 1834 2301 1901 eundem
2346 1837 2446 1900 vir
2474 1834 2685 1900 factus

278 1945 543 2027 coleret,
588 1950 652 2010 et
697 1943 920 2011 divino
961 1963 1164 2028 prope
1208 1942 1448 2009 honore
1493 1942 1951 2009 veneraretur?
2022 1944 2103 2009 Et
2148 1948 2359 2008 tamen
2406 1942 2571 2009 nihil
2616 1944 2685 2007 in

277 2218 674 2273 Saturnalibus
731 2220 922 2289 (mens.
961 2220 1272 2291 Decembr.)
1320 2222 1437 2276 eius

275 2290 432 2345 anni.
469 2288 649 2359 Epod.
689 2293 734 2351 1.
774 2292 862 2344 25.
900 2295 963 2345 81
1007 2293 1269 2360 ostendit,
1306 2298 1438 2347 ante

275 2378 532 2432 pugnam
567 2363 856 2419 Actiacam
895 2366 969 2433 (a.
997 2382 1049 2419 u.
1080 2365 1208 2436 724)
1241 2366 1436 2419 villam

274 2432 332 2488 ei
371 2432 562 2487 datam
604 2452 737 2488 esse.

357 2504 450 2568 30)
487 2504 666 2573 Epist.
703 2506 749 2573 1,
791 2506 874 2571 14,
913 2506 963 2559 2.

353 2576 445 2639 31)
483 2574 597 2630 Sat.
634 2577 708 2645 11,
744 2580 796 2645 7,
837 2579 957 2631 118.

353 2648 450 2715 32)
483 2648 665 2717 Epist.
705 2649 748 2716 1,
797 2650 878 2717 14,
915 2650 964 2701 3.

355 2718 452 2787 33)
487 2718 670 2788 Epist.
711 2720 756 2787 1,
804 2722 884 2789 18,
925 2722 1042 2775 105.

355 2788 454 2931 343
489 2790 668 2859 Epist.
707 2791 750 2859 1,
795 2793 877 2860 10,
913 2794 998 2847 49.

355 2862 426 2916 35
491 2862 670 2916 Carm.
726 2863 772 2931 Ι,
823 2866 906 2929 17,
958 2864 1169 2917 1-11,
1244 2864 1436 2919 Ustica

279 2938 474 2988 autem
508 2934 670 2987 vallis
709 2951 930 3003 quoque
965 2936 1376 2991 nominabatur.

353 3005 448 3070 36)
480 3005 664 3074 Epist.
702 3006 746 3073 1,
790 3007 870 3073 18,
915 3008 1031 3061 104.

353 3078 446 3144 37)
483 3076 664 3145 Epist.
703 3077 746 3145 1,
790 3079 870 3145 14,
913 3080 994 3131 19.
1043 3078 1221 3134 Carm.
1266 3077 1308 3141 1,
1349 3078 1437 3146 22,

281 3148 333 3201 9.
375 3147 732 3217 Sci-ipserunt
769 3149 838 3204 (18
878 3150 1016 3203 villa
1053 3150 1273 3205 Horatii
1310 3154 1438 3219 post

279 3217 569 3275 clavarum
617 3220 806 3282 (ltalia
850 3222 1083 3291 antiqua
1125 3239 1180 3291 p.
1216 3224 1342 3287 788)
1380 3226 1438 3275 et

283 3290 632 3345 Hele-tertium
683 3291 894 3354 (adnot.
942 3294 1000 3346 in
1049 3292 1266 3347 Cluver.
1310 3292 1435 3347 Ital.

280 3362 458 3431 antiq.
495 3379 549 3431 p.
591 3362 714 3432 190)
751 3364 1080 3432 Gapmartin
1115 3364 1181 3419 de
1207 3364 1438 3433 Chaupy

281 3432 468 3501 (Rom.
513 3435 669 3488 1769.
708 3436 740 3488 3
778 3436 936 3501 voll.)
985 3440 1042 3489 et
1078 3452 1258 3505 nuper
1295 3436 1436 3490 Noe‘il

279 3504 372 3559 des
399 3504 626 3574 Veryers
657 3506 861 3570 (Etude
893 3506 1302 3577 biographique
1342 3524 1436 3561 sur

279 3576 514 3631 Horace.
579 3576 738 3632 Paris
798 3576 987 3633 Didot.
1051 3580 1228 3645 1855),
1287 3576 1434 3667 apud

277 3665 448 3773 33:3³²
511 3648 1434 3790 {gost{saggsfflxgtugdghssu-ggg

280 3791 428 3845 velle
475 3790 688 3845 edition
724 3792 820 3847 des
858 3792 1104 3848 Oeuvres
1141 3792 1436 3861 d'Horace,

281 3862 450 3931 qu'ils
486 3880 544 3915 se
580 3862 940 3933 preparaient
969 3865 1002 3918 a
1038 3865 1276 3934 publier‚
1309 3883 1434 3919 con-

275 3936 389 3988 tint
437 3932 518 3987 les
571 3934 771 3988 details
822 3935 900 3989 les
945 3936 1072 4005 plus
1117 3936 1297 4005 precis
1342 3954 1436 3990 sur

277 4006 358 4059 les
410 4005 562 4059 lieux
599 4006 856 4075 qu’avait
897 4007 1116 4062 habites
1167 4008 1218 4061 18
1255 4011 1436 4077 poete,

275 4076 336 4144 je
371 4094 462 4130 me
499 4076 704 4143 rendis,
743 4096 811 4131 en
851 4080 1007 4147 1854,
1045 4080 1182 4133 dans
1227 4079 1283 4134 la
1321 4080 1434 4134 val-

281 4146 368 4202 lee
405 4147 476 4201 de
515 4146 572 4201 la
591 4148 874 4219 Digentia.
913 4150 1158 4204 Voulant
1188 4168 1256 4204 en
1295 4150 1436 4205 faire

281 4219 502 4273 dresser
539 4236 648 4275 une
677 4226 832 4275 carte
861 4227 1071 4287 exacte,
1096 4222 1296 4290 j’avais
1318 4222 1438 4291 pris

282 4307 430 4359 pour
466 4308 817 4361 compagnon
854 4292 924 4347 (18
959 4310 1170 4364 voyage
1209 4293 1436 4348 l’habile

280 4360 586 4416 architecte
641 4362 718 4415 M.
782 4362 966 4419 Pietro
1029 4364 1192 4419 Rosa.
1268 4364 1436 4419 Reate

284 4432 420 4487 dans
477 4433 532 4487 la
587 4434 814 4489 contree
870 4452 1014 4505 pour
1065 4436 1144 4490 les
1197 4440 1437 4491 travaux

286 4502 427 4558 dont
473 4504 514 4557 il
569 4502 761 4558 s'etait
818 4506 1038 4576 charge,
1083 4506 1158 4561 M.
1209 4508 1362 4562 Rosa
1400 4524 1436 4574 y

283 4592 318 4628 a
373 4574 482 4629 fait
529 4574 602 4629 de
648 4576 876 4647 longues
919 4577 1114 4633 &tudes
1163 4583 1220 4633 et
1265 4596 1299 4633 a
1346 4594 1434 4632 ex-

1536 2220 1697 2291 plore
1735 2226 1859 2274 tous
1894 2220 1970 2274 les
2012 2220 2310 2274 alentours.
2353 2220 2427 2274 Ce
2452 2224 2581 2275 sont
2606 2220 2685 2275 les

1537 2292 1732 2345 <Studes
1770 2292 1865 2360 qui
1910 2292 2053 2345 l’ont
2089 2292 2283 2346 ameno
2329 2291 2363 2345 a
2398 2290 2684 2347 reconnai-

1535 2368 1643 2429 tre‚
1679 2364 1929 2419 deri-iere
1952 2364 2005 2417 le
2023 2365 2173 2488 petit
2190 2363 2399 2433 village
2417 2363 2486 2417 de
2506 2364 2686 2421 Rocca

1537 2434 1837 2505 Giovannc,
1856 2435 2023 2504 l’emp
2048 2440 2299 2491 acement
2330 2433 2557 2505 designo
2590 2452 2687 2489 sur

1533 2506 1592 2560 la
1644 2510 1797 2561 carte
1851 2524 2064 2561 comme
2120 2506 2261 2561 celui
2320 2506 2389 2560 (18
2445 2508 2501 2560 la
2548 2506 2687 2563 villa

1535 2577 1862 2633 d’Horace“.
1936 2577 2101 2633 Hunc
2158 2578 2334 2648 igitur
2390 2579 2437 2633 si
2504 2578 2685 2647 sequi-

1534 2668 1679 2717 mur,
1748 2650 1923 2704 Varia
1985 2648 2251 2720 oppidum
2314 2649 2483 2705 situm
2546 2654 2686 2717 erat,

1535 2722 1635 2775 ubi
1680 2738 1831 2775 nunc
1866 2722 2020 2776 vicus
2070 2727 2156 2776 est
2200 2720 2478 2787 Vicovam,
2516 2720 2684 2777 Man-

1535 2793 1689 2849 delae
1722 2810 1868 2917 pago
1906 2792 2072 2848 hodie
2122 2810 2325 2847 nomen
2363 2798 2449 2847 cst
2484 2791 2687 2849 Canta-

1539 2864 1668 2934 lupo
1708 2864 1770 2917 in
1845 2864 2078 2931 (ινᾱεῑῑας
2122 2864 2390 2933 Diyentt'a
2416 2882 2565 2919 nunc
2594 2883 2687 2934 ap-

1535 2936 1781 3005 pellatur
1817 2935 2060 2989 Idcenza
2100 2940 2157 2991 et
2193 2935 2381 2991 influit
2424 2937 2484 2989 in
2522 2936 2688 2991 Anie-

1535 3024 1665 3061 nem
1700 3006 1811 3061 duo
1849 3006 1971 3060 MM
2018 3024 2276 3077 passuum
2315 3025 2350 3062 a
2396 3006 2688 3074 Vicovar03

1535 3080 1734 3145 fanum
1772 3078 2025 3133 Vacunae
2054 3078 2223 3131 situm
2260 3082 2383 3133 erat
2419 3078 2517 3132 ubi
2542 3096 2691 3134 nunc

1537 3154 1625 3204 est
1652 3149 1835 3204 Rosea
1857 3148 2153 3210 Gv'ovanne.
2188 3166 2393 3218 parvus
2418 3168 2595 3221 pagus
2629 3152 2689 3204 in

1537 3237 1751 3275 summo
1799 3221 1939 3275 colle
1985 3226 2253 3290 quattuor
2301 3221 2423 3275 MM
2469 3239 2612 3291 pass.
2654 3239 2721 3276 a·

1535 3293 1661 3346 rivo
1685 3290 1983 3363 Digentiae
2006 3293 2171 3360 situs;
2208 3292 2512 3347 Imcretilis
2534 3310 2690 3347 mons

1537 3364 1705 3418 hodie
1723 3364 2043 3433 appellatur
2062 3362 2393 3432 Corynaleto.
2434 3363 2518 3418 De
2539 3366 2690 3431 fonte

1537 3434 1864 3491 Bandusiae
1900 3434 2057 3503 (Hor.
2088 3435 2266 3489 Carm.
2297 3435 2396 3504 111,
2431 3435 2520 3506 13)
2553 3435 2692 3490 haec

1536 3508 1730 3561 habet:
1796 3507 1877 3575 „11
1931 3511 2015 3561 est
2076 3507 2347 3577 probable
2397 3524 2504 3576 que
2559 3507 2692 3562 c’est

1537 3597 1616 3632 un
1670 3579 1933 3633 souvenir
1976 3578 2045 3632 de
2084 3579 2325 3633 Venusia
2370 3597 2434 3634 sa
2488 3579 2689 3677 patrie.

1538 3649 1628 3705 Du
1673 3650 1853 3704 moins
1903 3654 2139 3719 peut-on
2194 3651 2334 3705 citer
2387 3650 2422 3704 a
2474 3651 2689 3720 lappui

1537 3722 1606 3776 de
1670 3726 1816 3777 cette
1878 3722 2109 3791 opinion
2174 3740 2249 3775 un
2313 3740 2547 3791 passage
2613 3720 2689 3775 du

1537 3792 1787 3848 Bullaire
1822 3794 2055 3847 romain.
2094 3792 2217 3848 Une
2252 3792 2405 3847 bulle
2432 3793 2507 3847 du
2544 3810 2691 3863 pape

1535 3864 1731 3919 Pascal
1764 3865 1837 3931 H,
1876 3861 2043 3918 dates
2080 3865 2149 3918 de
2186 3864 2299 3919 l'an
2339 3867 2496 3933 1103,
2531 3865 2691 3933 parle

1537 3954 1651 3990 non
1702 3935 2007 3990 seulement
2049 3936 2183 3990 d’un
2233 3936 2415 4006 bourg
2460 3936 2691 3990 Bandu-

1535 4008 1695 4075 sium,
1740 4007 1899 4077 place
1944 4006 2073 4075 pres
2122 4008 2193 4061 dc
2229 4006 2501 4073 Venouse‚
2552 4009 2692 4062 mais

1537 4096 1736 4133 encore
1792 4078 1957 4133 d’une
2088 4078 2188 4133 lise
2243 4077 2313 4132 de
2371 4078 2686 4133 Saint-Ger-

1535 4150 1655 4203 vais
1722 4154 1779 4204 et
1835 4150 2022 4203 Saint-
2084 4150 2259 4204 rotais
2332 4150 2429 4218 qui
2492 4149 2691 4206 s’eleve

1536 4221 1675 4275 dans
1726 4222 1781 4275 18
1836 4219 2018 4276 meme
2064 4222 2197 4289 lieu,
2253 4238 2349 4274 sur
2396 4221 2473 4275 les
2519 4221 2691 4277 bords

1536 4292 1606 4346 de
1652 4293 1707 4347 la
1755 4293 2005 4347 font-aine
2055 4292 2124 4347 de
2166 4291 2445 4346 Bandusie
2481 4292 2688 4355 (Eccle-

1536 4364 1678 4417 siam
1716 4362 1769 4419 S.
1794 4364 2102 4419 Salvatoris
2133 4380 2259 4418 cum
2297 4363 2423 4417 aliis
2448 4365 2691 4418 ecclesiis

1537 4434 1609 4490 de
1646 4436 1874 4491 castello
1910 4434 2184 4489 Banduet’.
2224 4434 2365 4487 Item
2403 4435 2691 4491 ecclesiam

1539 4505 1632 4561 SS.
1668 4506 1805 4561 MM.
1845 4506 2077 4560 Gervasi
2114 4511 2172 4560 et
2207 4504 2427 4558 Protasi
2468 4507 2527 4560 in
2546 4506 2689 4562 Ban-

1539 4576 1739 4631 dusino
1776 4577 1933 4632 fonte
1969 4576 2120 4647 apud
2142 4576 2533 4647 'Venusium).“
