3092 5059
687 1025 864 1136 De
936 1030 1202 1138 arte
1273 1024 1743 1166 poetica
1822 1026 2161 1140 liber.

1026 1395 1841 1475 PRAEFATIO.

428 1569 542 1644 De
557 1568 706 1645 hoc
727 1568 928 1644 libro
950 1569 1278 1668 Horatii,
1301 1574 1436 1671 qui
1457 1571 1530 1648 G
1545 1599 1590 1646 o
1605 1572 1750 1648 eth
1766 1574 1851 1648 io
1874 1568 1947 1669 ³²)
1965 1569 2307 1665 nostrati,
2330 1596 2628 1645 summo

229 1705 505 1794 poetae
534 1693 942 1792 eidemque
979 1696 1414 1771 acutissimo
1453 1697 1715 1772 critico
1746 1694 2252 1771 difficillimus
2278 1694 2635 1769 visusest

229 1819 333 1893 ad
387 1818 928 1916 explicandum
982 1820 1239 1917 itaque
1293 1836 1800 1920 comparatus,
1854 1831 1941 1894 ut
1992 1816 2229 1894 alium
2287 1815 2509 1892 aliter
2561 1829 2635 1892 et

233 1937 536 2014 decimo
593 1963 904 2038 quoque
943 1966 1143 2015 anno
1187 1941 1518 2016 eundem
1574 1941 1799 2018 aliter
1844 1944 1942 2020 de
1981 1971 2072 2021 eo
2116 1941 2634 2019 iudicaturum

229 2063 696 2160 adfirmaret,
749 2079 908 2139 tam
963 2065 1186 2140 multi
1239 2065 1491 2142 adhuc
1541 2069 2011 2167 scripserunt
2058 2069 2205 2143 viri
2254 2063 2489 2161 docti,
2551 2079 2638 2140 ut

229 2189 537 2264 Mureto
607 2212 852 2286 prope
921 2189 1390 2266 satisfactum
1467 2190 1919 2268 iamdudum
1993 2193 2361 2286 videatur,
2435 2192 2635 2267 hanc

233 2302 644 2412 epistulam
708 2313 923 2388 brevi
976 2314 1434 2413 interpretes
1499 2314 1758 2414 plures
1813 2340 2047 2414 quam
2098 2343 2363 2392 versus
2416 2315 2633 2391 habi-

229 2454 484 2516 turam
539 2439 724 2514 olim
771 2441 1238 2514 vaticinanti.
1297 2437 1558 2531 Quare
1610 2467 1781 2516 cum
1830 2469 1930 2518 ne
1982 2441 2431 2542 praecipuas
2470 2442 2635 2541 qui-

235 2566 418 2643 dem
460 2565 790 2640 aliorum
837 2565 1235 2663 opiniones
1280 2593 1480 2642 nunc
1511 2566 1742 2642 liceat
1786 2593 2237 2643 enumerare
2258 2563 2399 2665 **),
2456 2567 2635 2641 mis—

233 2693 338 2767 sis
406 2687 862 2785 ambagibus
931 2715 1158 2788 quam
1228 2691 1422 2766 mihi
1483 2691 1799 2767 fecerim
1864 2693 2315 2769 sententiam
2381 2693 2637 2768 statim

239 2842 708 2917 expromam.
820 2817 1080 2916 Atque
1131 2844 1302 2893 cum
1359 2817 1450 2891 iis
1497 2816 1938 2892 faciendum
1994 2817 2183 2892 mihi
2238 2844 2401 2894 esse
2452 2817 2638 2914 vidi,

237 2945 520 3044 quibus
590 2971 745 3019 non
811 2947 1234 3043 perfectam
1297 2941 1393 3019 de
1447 2943 1911 3018 carminibus
1964 2943 2344 3019 faciendis
2396 2959 2635 3018 artem

237 3067 376 3142 sed
415 3068 819 3168 epistulam
861 3069 960 3144 ad
989 3071 1302 3144 Pisones
1341 3068 1827 3143 conscribere
1866 3067 2201 3143 voluisse
2230 3068 2639 3143 Horatium

235 3217 686 3292 persuasum
741 3204 874 3290 est,
943 3195 1026 3268 in
1097 3217 1252 3292 qua
1305 3191 1621 3290 quidem
1679 3193 2008 3290 epistula
2062 3207 2137 3267 et
2188 3219 2278 3268 ea
2326 3219 2637 3291 praece-

237 3329 374 3415 pta
423 3317 522 3392 de
573 3301 790 3414 poesi
845 3317 1361 3416 coniungeret,
1413 3341 1609 3415 quae
1655 3341 1793 3391 sua
1846 3310 2159 3416 quidem
2213 3331 2460 3394 aetate
2514 3345 2637 3394 ex-

239 3454 464 3543 perto
514 3443 664 3519 sibi
716 3444 1050 3519 maxime
1087 3443 1520 3518 necessaria
1554 3442 2003 3518 viderentur
2040 3469 2371 3542 suosque
2414 3445 2637 3538 cives,

241 3567 375 3668 qui
407 3579 842 3669 temporum
888 3569 1107 3643 malis
1143 3568 1573 3643 rationibus
1618 3567 1717 3642 ad
1761 3567 2250 3644 falsissimam
2285 3568 2383 3643 de
2414 3568 2641 3644 rebus

239 3693 1026 3794 poeticis,·praecipue
1053 3693 1417 3770 scaenicis
1441 3693 1881 3790 opinionem
1903 3691 2201 3791 delapsi
2234 3695 2492 3793 pravis
2512 3690 2643 3768 de·

241 3818 727 3917 lectarentur,
772 3845 956 3896 vera
994 3819 1451 3913 fastidirent,
1497 3815 1597 3893 ad
1646 3843 1869 3893 veros
1917 3844 2179 3894 sensus
2214 3817 2643 3918 pulchritu-

353 4078 404 4147 *)
440 4077 699 4132 Annalen
734 4077 872 4132 oder
896 4075 1231 4149 Tageshefte
1268 4093 1394 4130 zum
1487 4075 1646 4130 rimis
1702 4075 1953 4146 legatum
2011 4075 2297 4144 reperitur
2348 4080 2534 4130 autem
2584 4075 2643 4129 in

241 4149 296 4204 J.
315 4149 470 4204 1806.
497 4147 721 4220 (Werke
747 4151 805 4206 in
820 4153 892 4204 40
910 4149 1157 4204 Biinden.
1183 4147 1286 4202 Bd.
1305 4151 1391 4203 27.
1485 4148 1805 4203 Annalibus
1823 4146 2251 4202 Lusatiensibus
2276 4147 2478 4215 (Neues
2499 4145 2646 4200 Lau·

242 4221 298 4275 S.
335 4222 484 4286 219.)
1488 4217 1770 4274 sitzisches
1794 4217 2073 4289 Magazin.
2112 4217 2255 4273 LVI.
2280 4217 2385 4273 Bd.
2416 4219 2465 4274 1.
2492 4216 2647 4273 Heft.

319 4293 404 4362 **)
443 4293 900 4348 Commemorabo
957 4297 1148 4348 tamen
1209 4291 1394 4360 dispu·
1487 4293 1649 4345 -1880,
1683 4308 1740 4360 p.
1772 4292 2079 4358 118—200)
2122 4290 2229 4346 hoc
2279 4291 2477 4346 titulo:
2536 4293 2645 4346 Ae-

243 4364 518 4418 tationem
551 4381 732 4434 nuper
769 4365 1036 4434 scriptam
1073 4367 1132 4417 et
1167 4363 1394 4426 editam,
1489 4361 2061 4418 sthetisch-kritische
2097 4363 2339 4430 Analyse
2374 4363 2477 4418 der
2510 4361 2648 4432 Epi-

247 4451 392 4503 quae
437 4453 566 4490 cum
608 4453 723 4490 non
771 4436 954 4490 minus
997 4451 1188 4490 rerum
1235 4433 1396 4488 ubsr-
1489 4436 1639 4490 stula
1670 4435 1741 4489 ad
1760 4433 1989 4488 Pisones
2026 4451 2137 4488 von
2157 4433 2358 4491 Horaz.
2402 4435 2525 4489 Von
2544 4433 2644 4489 Dr.

243 4511 366 4563 tate
423 4525 589 4576 quam
648 4506 1054 4562 aestimationis
1115 4507 1400 4575 aequitate
1491 4505 1662 4562 Osoar
1700 4505 2071 4562 Weissenfels.

245 4578 663 4648 comprobetur,
697 4579 870 4650 digna
903 4582 988 4633 est
1024 4595 1168 4647 quae
1203 4595 1238 4632 a
1272 4578 1394 4646 plu-
