3092 5059
1115 226 1276 295 LIB.
1322 228 1373 293 Ι.
1422 226 1692 295 EPIST.
1737 228 1819 293 11.

2548 227 2672 293 505

291 448 340 487 ιε
376 413 795 513 Seditione,
853 416 1075 513 dolis,
1130 416 1421 493 scelere
1466 430 1702 515 atque
1749 416 2078 493 libidine
2129 428 2205 493 et
2253 416 2373 492 ira

368 537 648 615 Iliacos
694 542 901 617 intra
952 568 1212 617 muros
1263 554 1626 639 peccatur
1680 554 1758 617 et
1805 554 2041 619 extra.
2116 620 2125 626 ,

368 666 677 762 Rursus,
724 664 915 765 quid
966 666 1213 742 virtus
1266 678 1344 743 et
1396 666 1588 765 quid
1640 666 2018 764 sapientia
2067 666 2332 767 possit,

367 790 573 866 Utile
618 791 1022 891 proposuit
1074 790 1297 866 nobis
1350 790 1750 887 exemplar
1807 790 2103 889 Ulixen,

379 914 531 1006 Qui
586 915 919 992 domitor
971 915 1248 992 Troiae
1298 916 1718 993 multorum
1769 916 2142 1015 providus
2195 919 2424 993 urbes

286 1074 339 1113 20
373 1040 471 1113 Et
522 1066 775 1117 mores
828 1042 1229 1117 hominum
1291 1043 1652 1141 inspexit,
1715 1041 2110 1142 latumque
2164 1068 2304 1141 per
2356 1068 2670 1143 aequor,

370 1164 569 1241 Dum
625 1166 797 1261 sibi,
854 1166 1037 1243 dum
1074 1168 1321 1243 ‘sociis
1373 1168 1710 1244 reditum
1758 1179 2002 1265 parat,
2056 1193 2331 1267 aspera
2381 1169 2624 1243 multa

372 1290 719 1387 Pertulit,
770 1290 1112 1367 adversis
1165 1318 1421 1368 rerum
1474 1291 2018 1368 immersabilis
2071 1292 2321 1368 undis.

372 1415 729 1491 Sirenum
776 1442 1001 1493 voces
1054 1430 1129 1499 et
1180 1418 1453 1497 Circae
1502 1417 1786 1518 pocula
1836 1418 2070 1512 nosti3

375 1541 595 1633 Quae
648 1543 713 1617 si
767 1568 943 1618 cum
995 1543 1223 1619 sociis
1278 1544 1552 1619 stultus
1608 1542 2090 1643 cupidusque
2132 1541 2472 1637 bibisset,

280 1698 333 1737 π
372 1666 535 1743 Sub
588 1666 903 1743 domina
948 1669 1353 1745 meretrice
1404 1668 1679 1744 fuisset
1722 1668 1966 1764 turpis
2016 1680 2092 1744 et
2143 1693 2438 1764 excors,

374 1792 707 1868 Vixisset
759 1794 968 1869 canis
1020 1794 1461 1870 immundus
1516 1793 1642 1869 vel
1694 1794 1942 1869 amica
1988 1793 2148 1868 luto
2203 1820 2350 1870 sus.
2395 1818 2401 1829 ’

369 1917 527 1993 Nos
583 1944 948 1995 numerus
994 1945 1253 1994 sumus
1306 1931 1383 1995 et
1432 1919 1694 2015 fruges
1749 1944 2201 1994 consumere
2249 1918 2440 2011 nati,

372 2042 653 2143 Sponsi
705 2043 1139 2140 Penelopae
1191 2043 1639 2140 nebulones,
1693 2042 2162 2141 Alcinoique

268 2292 358 2347 66.
413 2322 479 2331 -
528 2292 848 2363 pleetnmtur
898 2292 1118 2362 Achivi]
1171 2292 1429 2363 Respicit

265 2368 439 2434 poeta
498 2364 687 2419 omnia
745 2382 813 2420 ea
869 2364 1037 2434 mala,
1094 2382 1239 2433 quae
1289 2364 1423 2419 dum

268 2436 518 2491 Achilles
580 2436 759 2491 iratus
819 2454 1069 2507 pugnam
1130 2436 1427 2505 detrectat,

268 2506 608 2563 fortitudine
640 2508 901 2564 Hectoris
954 2508 1016 2563 in
1053 2506 1293 2563 Graecos
1343 2526 1427 2563 re·

267 2579 739 2647 dundarunt,non
760 2580 938 2636 solam
954 2580 1338 2651 pestilentiam
1355 2580 1429 2635 ab

266 2652 535 2721 Apolline
553 2652 613 2705 in
630 2656 814 2707 castra
828 2652 1169 2707 Graecorum
1186 2651 1430 2721 missam,

270 2740 419 2792 quae
446 2722 673 2791 quidem
708 2724 851 2779 iram
880 2742 1079 2795 regum
1105 2725 1429 2793 praecessit,

268 2812 387 2849 non
422 2799 507 2849 est
544 2800 751 2850 secuta.
809 2794 875 2850 In
911 2813 1075 2851 versu
1112 2796 1428 2865 insequenti

268 2882 746 2936 supervacaneum
802 2873 887 2922 est
947 2885 1235 2937 quaerere,
1288 2884 1427 2935 quas

270 2938 603 3006 seditiones,
664 2938 841 3007 dolos,
904 2941 1116 2995 seelera
1178 2939 1429 2995 indicare

268 3016 441 3080 poeta
486 3011 756 3078 voluerit;
814 3012 948 3065 satis
993 3016 1097 3075 est,
1149 3011 1301 3079 quod
1344 3012 1429 3066 ita

268 3087 565 3152 peccatum
618 3082 821 3137 scimus
876 3083 1027 3151 apud
1073 3082 1313 3138 Graecos
1370 3087 1429 3138 et

270 3154 423 3224 apud
474 3153 766 3208 Troianos.
840 3154 1102 3209 Ceterum
1146 3172 1200 3209 v.
1244 3155 1309 3207 12
1354 3154 1427 3209 ab

268 3225 509 3280 Horatio
548 3224 979 3280 abiudicandum
1007 3231 1067 3281 et
1103 3226 1287 3280 aliena
1310 3244 1427 3281 ma·

269 3315 349 3352 nu
400 3296 657 3352 additum
704 3314 839 3365 esse,
884 3302 1219 3353 censuerunt
1258 3296 1430 3351 Prien

270 3373 331 3424 et
366 3386 495 3425 cum
528 3386 593 3423 eo
630 3368 881 3438 Drewe83
924 3368 1040 3423 noli
1077 3369 1318 3425 credere.
1360 3398 1427 3409 —

269 3440 495 3510 rursus]
532 3440 651 3495 Iam
688 3441 964 3495 transitur
1000 3441 1074 3496 ad
1107 3439 1427 3509 odysseam,

272 3513 429 3567 cuius
474 3511 697 3567 initium
744 3513 921 3567 libere
966 3530 1288 3582 expressum
1332 3512 1426 3565 ha-

271 3584 469 3639 bemns
495 3584 748 3639 versibus
770 3584 965 3639 statim
991 3584 1427 3653 insequentibus.

272 3655 345 3711 of.
384 3658 453 3709 A.
491 3656 553 3710 P.
598 3658 695 3711 141
738 3674 819 3725 sq.
850 3686 916 3695 --
949 3656 1179 3711 domitor
1208 3656 1425 3727 Troiae]

272 3728 407 3855 331⁸
458 3728 1428 3870 θᾳ“ἑη.1ιὶἕ.ἲιῗῖη]θξῖἰὲῗὲξᾞοᾶ“ἓῖ’

272 3888 463 3927 suram
522 3872 858 3927 collocatum
920 3872 1029 3927 hoe
1088 3871 1429 3926 vocabulum

276 3948 364 3999 est
390 3947 625 4013 propter
648 3960 846 3997 sonum
879 3948 937 3998 et
960 3944 1043 3998 rei
1067 3944 1427 4015 gravitatem.

277 4044 343 4055 —
383 4014 787 4085 immersabilis]
835 4016 933 4083 qui
969 4014 1221 4071 adversis
1260 4013 1429 4069 rebus

274 4104 389 4141 non
426 4084 783 4154 opprimitur.
858 4086 943 4141 De
981 4087 1314 4157 metaphora
1357 4086 1428 4141 cf.

276 4159 457 4215 Carm-
496 4153 591 4223 IV,
628 4159 681 4224 4,
715 4159 801 4211 65.
849 4156 1002 4224 Quae
1039 4158 1428 4227 insequuntur,

276 4227 535 4298 exempla
590 4232 721 4283 sunt
774 4228 1169 4296 periculorum,
1226 4230 1429 4299 quibus

277 4298 566 4369 oppositus
594 4298 705 4353 fuit
726 4299 949 4367 Ulixes3
972 4318 1291 4370 quanquam
1314 4319 1429 4357 non

276 4370 597 4442 negaverim
646 4370 905 4427 Sirenum
948 4372 1179 4427 vocibus
1214 4378 1273 4428 et
1310 4373 1429 4428 Cir-

275 4460 373 4499 cae
428 4442 641 4511 poculis
695 4442 1101 4513 intellegendas
1153 4461 1271 4499 esse
1326 4462 1429 4514 per

276 4514 608 4585 allegoriam
627 4515 935 4571 inlecebras
962 4516 1332 4585 voluptatum.
1358 4516 1427 4571 ef.

276 4587 442 4643 Hom.
464 4585 567 4641 Od.
586 4586 715 4657 XII,
730 4590 799 4643 39
814 4604 933 4656 sqq.
970 4590 1071 4643 155
1090 4604 1211 4657 sqq.
1236 4588 1307 4654 X,
1326 4588 1431 4642 136

1519 2310 1642 2362 sqq.
1667 2292 1792 2347 318.
1828 2292 2062 2349 Biberat
2091 2291 2316 2361 quidem
2336 2290 2545 2357 Ulixes,
2573 2291 2672 2346 sed

1520 2383 1636 2420 non
1671 2364 1933 2419 seductus
1973 2364 2286 2434 cupiditate
2321 2368 2380 2417 et
2421 2364 2672 2418 munitus

1520 2436 1768 2491 remedio
1805 2436 2088 2491 Mercurii.
2139 2464 2204 2475 -
2250 2434 2454 2505 turpis]
2492 2439 2672 2489 muta·-

1520 2513 1612 2563 tus
1675 2508 1732 2563 in
1793 2513 2018 2578 turpem
2076 2507 2316 2563 formam
2369 2506 2524 2561 canis
2581 2506 2673 2561 vel

1521 2581 1652 2635 suis.
1691 2580 1760 2635 cf.
1788 2580 1901 2634 Sat.
1929 2580 1976 2649 1,
2001 2582 2053 2648 3,
2085 2582 2203 2633 100.
2239 2578 2420 2634 Carm.
2445 2578 2518 2645 H,
2541 2580 2595 2646 8,
2620 2578 2673 2632 4.

1522 2680 1592 2691 —
1629 2652 1833 2722 excors]
1872 2651 1940 2707 cf.
1980 2651 2092 2707 Cic.
2130 2650 2292 2705 Tusc.
2331 2651 2376 2713 1.
2411 2652 2466 2719 9,
2496 2652 2578 2704 18.
2606 2678 2669 2689 -

1519 2740 1621 2777 nos
1675 2723 1956 2793 numen-us]
2013 2723 2193 2779 Sicuti
2241 2722 2434 2779 Ulixes
2489 2738 2672 2776 exem·

1522 2794 1680 2865 plum
1717 2799 1802 2849 est
1835 2795 2102 2864 sapientis
2139 2794 2379 2850 hominis
2405 2799 2464 2849 et
2487 2792 2672 2849 mode·

1520 2867 1654 2935 rati,
1703 2866 1787 2920 ita
1831 2867 2152 2937 vulgarium
2191 2867 2497 2934 hominum,
2538 2883 2672 2935 qua-

1521 2939 1604 2993 les
1640 2938 1886 2993 maxima
1915 2954 2048 3007 pars
2085 2956 2202 2993 esse
2238 2938 2498 3005 solemus,
2534 2937 2671 2992 ima·

1522 3011 1681 3079 gines
1735 3010 1984 3064 ostendit
2048 3009 2293 3077 Odyssea
2347 3010 2409 3064 in
2468 3010 2672 3065 descri-

1521 3082 1706 3136 benda
1741 3098 2048 3153 ,procorum
2095 3086 2156 3135 et
2200 3082 2509 3136 Phaeacum
2553 3081 2674 3137 vita

1522 3154 1910 3223 voluptatibus
1956 3153 2182 3207 omnino
2231 3152 2472 3208 addicta.
2547 3152 2672 3207 Nu-

1519 3241 1698 3280 merus
1751 3230 1818 3279 ut
1869 3224 2021 3294 apud
2065 3224 2396 3294 Euripidem
2452 3223 2672 3279 Heracl.

1520 3300 1654 3351 997:
1715 3294 1932 3365 ,Εἰδὼς
1973 3296 2087 3368 μὲν
2134 3292 2235 3349 οὐκ
2271 3292 2524 3367 ἀριθμὸν
2557 3291 2674 3348 ἀλλ’

1522 3360 2000 3438 &monast-'Arde’
2025 3362 2155 3421 ὄντα
2183 3365 2282 3421 τὸν
2305 3366 2411 3421 σὸν
2441 3367 2671 3436 παῖδα,“

1522 3440 1593 3495 de
1624 3440 1944 3495 hominibus
1977 3439 2188 3494 nullius
2209 3439 2398 3509 pretii,
2435 3456 2674 3509 quorum

1523 3512 1710 3581 capita
1768 3516 1990 3566 tantum
2051 3516 2436 3567 numerantur.
2530 3508 2674 3566 Vide

1520 3584 1761 3639 Passow.
1788 3601 1829 3638 s.
1854 3601 1907 3637 v.
1933 3582 2070 3653 άριθ
2115 3576 2194 3642 ός.
2219 3612 2291 3623 -
2325 3582 2472 3651 nati]
2512 3580 2674 3637 Ovid.

1520 3655 1658 3712 Nuc-
1675 3655 1837 3725 Eleg.
1861 3657 1988 3710 113:
2031 3695 2056 3723 ,‚
2103 3659 2258 3709 entes
2282 3654 2673 3709 tantummodo

1520 3727 1742 3783 laedere
1777 3728 1998 3781 natae.“
2037 3726 2106 3781 cf.
2135 3726 2298 3781 Hom.
2321 3725 2386 3780 11.
2414 3724 2507 3787 VI,
2539 3726 2672 3780 142:

1520 3802 1762 3867 „pporok
1798 3800 1853 3851 οἳ
1883 3790 2117 3867 ἀρούρης
2146 3794 2365 3867 καρπὸν
2398 3796 2673 3864 ἔδουσιν,“

1522 3872 1670 3926 unde
1707 3871 1888 3927 iocose
1925 3888 2025 3925 sua
2061 3869 2300 3939 sumpsit
2335 3886 2400 3923 ac
2434 3866 2674 3923 detorsit

1520 3942 1806 3997 Horatius.
1847 3972 1913 3981 -—
1948 3940 2256 4010 nebulones]
2295 3940 2526 3995 Secutus
2551 3957 2672 3994 sum

1520 4015 1856 4070 sententiam
1881 4014 2228 4070 Ferdinandi
2250 4011 2538 4077 Sohultzii,
2575 4013 2673 4081 qui

1519 4104 1623 4158 per
1641 4087 1862 4141 litteras
1884 4088 2058 4141 amice
2075 4103 2166 4140 me
2185 4084 2420 4151 monuit,
2440 4100 2674 4151 comma,

1522 4158 1673 4228 quod
1709 4159 1768 4213 in
1805 4158 2062 4213 omnibus
2099 4155 2442 4213 editionibus
2464 4159 2594 4225 post
2618 4174 2671 4209 v.

1525 4230 1824 4299 Penelopae
1841 4230 2089 4299 positum
2107 4229 2200 4293 sit,
2220 4228 2516 4283 delendum
2539 4242 2671 4281 esse.

1523 4302 1617 4358 Sic
1670 4303 1853 4357 locum
1905 4302 2019 4355 iam
2067 4300 2344 4355 Ausonius
2397 4298 2580 4367 Epist.
2619 4299 2672 4365 9,

1528 4376 1594 4428 13
1631 4392 1714 4443 sq.
1770 4372 2078 4427 intellexit:
2142 4390 2309 4439 „nam
2363 4370 2502 4427 mihi
2557 4388 2671 4425 non

1523 4446 1738 4501 Saliare
1783 4444 2030 4515 epulum,
2083 4460 2196 4498 non
2251 4460 2388 4498 cena
2437 4441 2672 4511 dapalis,

1524 4518 1755 4585 Qualem
1792 4516 2096 4585 Penelopae
2129 4515 2447 4571 nebulonum
2481 4530 2674 4569 mensa

1520 4604 1818 4658 procorum,
1857 4586 2192 4656 Alcinoique
2225 4586 2425 4641 habuit
2459 4584 2674 4641 nitidae
