3092 5059
1170 230 1328 297 LIB.
1372 232 1421 298 1.
1469 232 1658 299 SAT.
1700 232 1808 296 lv.
2554 230 2679 295 375

380 421 672 495 Infesto
725 419 1004 517 nigris3
1066 444 1208 517 ego
1265 419 1328 493 si
1379 416 1536 512 risi,
1597 418 1807 515 quod
1858 418 2163 513 ineptus
2245 469 2258 484 .

383 543 738 621 Pastillos
789 542 1116 619 Rufillus
1173 540 1354 633 olet,
1405 539 1847 639 Gargonius
1901 542 2218 634 hircum,

380 667 704 745 Lividus
751 680 829 743 et
876 667 1195 743 mordax
1249 666 1520 741 vide-or
1571 667 1763 743 tibi?
1862 666 2153 742 Mentio
2204 666 2267 739 si
2322 688 2475 763 qua

379 796 494 869 De
545 791 963 890 Capitolini
1011 793 1234 868 furtis
1281 793 1561 869 iniecta
1615 791 1873 867 Petilli

297 951 348 993 ω
384 921 494 996 Te
544 944 802 995 coram
852 917 1104 1015 fuerit,
1164 919 1558 1017 defendas,
1619 931 1705 992 ut
1754 932 1927 992 tuus
1984 930 2095 995 est
2145 940 2347 991 mos:

383 1046 558 1141 „Me
611 1042 1094 1141 Capitolinus
1151 1044 1590 1118 convictore
1640 1068 1820 1118 usus
1871 1044 2274 1142 amicoque

379 1166 451 1242 A
506 1193 749 1268 puero
803 1181 939 1265 est,
995 1192 1376 1266 causaque
1429 1192 1601 1243 mea
1652 1165 2041 1263 permulta
2090 1181 2400 1263 rogatus

381 1292 621 1389 Fecit,
677 1307 754 1368 et
803 1292 1206 1368 incolumis
1263 1292 1508 1368 laetor
1562 1291 1776 1391 quod
1829 1293 2017 1367 vivit
2068 1292 2149 1367 in
2200 1292 2429 1384 urbe3

383 1416 539 1494 Sed
590 1429 849 1493 tamen
893 1416 1262 1513 admiror,
1319 1442 1470 1515 quo
1526 1430 1752 1515 pacto
1798 1416 2173 1492 iudicium
2224 1416 2418 1491 illud

279 1578 356 1619 200
383 1536 776 1640 Fugerit.“
877 1540 1028 1616 Hic
1078 1542 1352 1639 nigrae
1403 1566 1629 1617 sucus
1673 1541 2067 1637 lolliginis,
2121 1541 2309 1617 haec
2360 1554 2473 1617 est

381 1667 696 1762 Aerugo
751 1691 998 1761 mera;
1055 1663 1266 1764 quod
1314 1666 1582 1741 vitium
1632 1665 1905 1763 procul
1958 1668 2179 1743 afore
2224 1666 2503 1743 chartis

382 1788 646 1889 Atque
696 1790 952 1866 animo
1007 1790 1242 1889 prius,
1290 1805 1376 1866 ut
1425 1792 1490 1865 si
1542 1790 1731 1890 quid
1784 1792 2231 1893 promittere
2278 1792 2375 1869 de
2426 1819 2551 1871 me

383 1916 702 1990 Possum
754 1914 966 1990 aliud
1018 1941 1222 2010 vere,
1276 1917 1671 2013 promitto.
1775 1916 2135 1992 Liberius
2187 1918 2250 1991 si

383 2040 663 2117 Dixero
719 2039 930 2139 quid,
984 2042 1052 2115 si
1101 2043 1304 2117 forte
1355 2042 1703 2140 iocosius,
1766 2040 1916 2116 hoc
1966 2040 2158 2116 mihi
2210 2042 2399 2117 iuris

278 2196 358 2237 10⁶
388 2168 583 2244 Cum
629 2166 856 2241 venia
908 2165 1168 2242 dabis:
1220 2168 1554 2243 insuevit
1601 2180 1821 2264 pater
1874 2166 2207 2263 optimus
2261 2165 2407 2241 hoc
2454 2194 2598 2265 me,

383 2290 490 2367 Ut
534 2292 886 2388 fugerem
939 2291 1308 2389 exemplis
1357 2293 1723 2367 vitiorum
1779 2315 2132 2390 quaeque
2182 2291 2545 2367 notando,

386 2415 582 2492 Cum
639 2442 762 2494 me
814 2418 1270 2514 hortaretur,
1323 2442 1581 2515 parce,
1630 2416 2035 2516 frugaliter
2087 2428 2318 2515 atque

385 2541 752 2618 Viverem
798 2544 908 2619 uti
957 2555 1357 2619 contentus
1413 2567 1527 2638 ec,
1584 2541 1792 2643 quod
1848 2540 1956 2616 mi
2006 2542 2171 2638 ipse
2220 2555 2599 2642 parasset:

389 2667 716 2764 „Nonne
764 2668 998 2763 vides,
1055 2667 1239 2745 Albi
1293 2682 1378 2744 ut
1427 2669 1629 2744 male
1680 2668 1891 2744 vivat
1936 2668 2138 2742 filius
2192 2681 2427 2766 atque

283 2828 360 2865 no
383 2794 616 2870 Baius
669 2796 946 2891 inops?
1000 2820 1366 2893 magnum
1413 2795 1977 2888 documentum,
2016 2819 2115 2868 ne
2157 2794 2488 2889 patriam
2522 2822 2685 2871 rem

279 3038 356 3050 -
392 3008 558 3080 hunc]
605 3014 801 3079 postea
845 3010 996 3067 huno
1041 3028 1262 3081 quoque
1311 3010 1348 3065 i.
1392 3028 1438 3065 e.
1534 3041 1608 3051 —
1652 3010 1937 3081 louiqim's]
1980 3010 2190 3065 Comm.
2232 3010 2397 3079 Cruq.
2428 3010 2689 3082 „Lolligo

279 3082 469 3151 ipsum
526 3081 962 3138 convivatorem.
1031 3112 1096 3123 —
1156 3082 1439 3153 pastillos]
1533 3100 1711 3154 genus
1754 3088 1839 3137 est
1883 3082 2048 3152 piscis
2086 3082 2315 3149 marini,
2363 3098 2555 3136 sucum
2592 3083 2687 3138 ha·

281 3152 404 3208 Sat.
449 3152 496 3221 Ι,
543 3154 596 3220 2,
631 3152 728 3222 27;
779 3155 1033 3210 consulto
1081 3171 1272 3210 versus
1309 3153 1364 3208 h.
1402 3155 1442 3208 1.
1533 3155 1672 3209 bens
1708 3155 1933 3237 nigrum
1978 3158 2033 3207 et
2071 3156 2385 3208 atramento
2422 3154 2689 3223 similem3

280 3224 576 3294 repetitus.
614 3254 681 3264 —
723 3224 936 3295 Petsslt]
983 3226 1213 3297 „Fingit
1267 3242 1326 3279 se
1363 3226 1441 3280 lo·
1535 3244 1607 3281 ex
1670 3226 1939 3297 lolliginis
1994 3228 2183 3279 autem
2246 3240 2379 3278 suco
2456 3225 2690 3281 livorem

281 3296 539 3365 quicum
565 3295 748 3351 amieo
766 3296 982 3351 Petillii
1003 3296 1326 3367 Capitolini,
1345 3298 1444 3366 qui
1535 3297 1738 3352 mentis
1792 3297 1918 3351 vult
1976 3296 2171 3351 intelle
2216 3296 2249 3363 ',
2298 3312 2369 3350 ex
2424 3298 2693 3367 aerugine

283 3384 418 3423 cum
435 3373 720 3436 praeesset
738 3367 816 3423 Ga
857 3368 1016 3423 itolio
1051 3372 1340 3424 aecusatus
1360 3373 1444 3423 est
1537 3368 1869 3423 malitiam.“
1909 3366 2073 3437 Sepia
2093 3312 2231 3422 loll?
2256 3384 2309 3436 0,
2336 3367 2499 3422 Linn.
2525 3368 2707 3425 Dein·.

287 3439 442 3509 quod
497 3456 762 3493 eoronam
841 3439 962 3495 ovis
1009 3440 1312 3511 Capitolini
1356 3458 1443 3493 ra·
1537 3441 1609 3494 de
1649 3456 1913 3509 compara
1948 3438 2193 3493 Martial.
2288 3482 2303 3505 ,
2343 3438 2429 3504 31,
2469 3442 2527 3494 5:
2577 3442 2692 3510 „vi-

283 3510 524 3581 puisset3
583 3527 760 3579 quare
804 3511 924 3581 ipse
980 3512 1234 3567 sublatae
1286 3528 1442 3567 coro-
1537 3512 1651 3565 ridi
1688 3511 1895 3567 tinctos
1932 3512 2201 3581 aerugine
2238 3512 2484 3566 versus.“
2523 3540 2592 3551 ——
2629 3518 2693 3567 ut

283 3598 396 3636 nae
445 3597 670 3636 causam
725 3582 872 3637 dixit
915 3587 974 3637 et
1019 3584 1309 3638 absolutus
1359 3587 1446 3638 est
1536 3584 1589 3638 si
1626 3582 1783 3653 quid]
1819 3582 1906 3637 Ne
1938 3587 2029 3638 ter
2056 3582 2379 3653 ponendum
2400 3586 2541 3637 esset
2572 3600 2693 3638 ver-

283 3672 322 3709 a
391 3653 672 3708 iudicibus
745 3654 807 3707 in
877 3655 1119 3739 gratiam
1195 3655 1444 3710 Caesaris
1536 3656 1671 3709 bum
1705 3654 2056 3725 promittere,
2106 3654 2349 3723 primam
2397 3671 2696 3726 personam

287 3724 601 3792 Octaviani,
623 3724 779 3779 cuius
799 3730 1008 3780 amiens
1030 3727 1206 3781 erat.“
1235 3726 1444 3781 Comm.
1537 3728 1598 3780 in
1640 3726 1753 3781 fine
1804 3726 1997 3795 posuit
2054 3726 2392 3793 sententiae;
2446 3742 2576 3795 pro:
2633 3731 2697 3781 ut

287 3796 458 3865 Cruq.
497 3794 612 3850 Sat.
638 3796 684 3857 Ι,
721 3798 803 3865 10,
834 3797 919 3850 26.
960 3795 1070 3851 Sed
1107 3798 1252 3851 nihil
1289 3798 1446 3853 aliud
1536 3798 1829 3867 promitt0.
1873 3799 1923 3852 si
1960 3797 2096 3867 quid
2134 3797 2291 3853 aliud
2332 3814 2465 3851 vere
2500 3797 2571 3851 de
2608 3814 2696 3851 me

285 3868 517 3923 videtur
556 3872 774 3922 certum
811 3885 928 3923 esse
967 3869 1075 3923 nisi
1116 3870 1238 3937 hoc,
1275 3868 1446 3923 fuisse
1537 3870 1873 3939 promittere
1904 3886 2149 3938 possum,
2170 3870 2251 3923 ita
2285 3868 2560 3937 promitto
2580 3868 2695 3922 afo—

285 3944 410 3994 tum
449 3937 739 3993 Petillium
779 3940 1024 4009 aliquem
1049 3938 1445 4011 Capitolinum,
1541 3958 1603 3994 re
1640 3944 1745 3995 cet.
1774 3970 1841 3979 --
1876 3940 2110 3995 insuevit
2134 3940 2235 3995 hoc
2263 3939 2365 4010 me]
2392 3939 2699 3995 Lambinus

286 4010 404 4081 qui,
443 4011 739 4079 peculatus
767 4018 1074 4081 accusatus,
1101 4013 1163 4065 in
1193 4010 1445 4066 favorem
1538 4017 1597 4065 et
1633 4010 1895 4065 Heinsius
1944 4013 2038 4065 mi.
2113 4011 2222 4066 Sed
2272 4011 2345 4066 cf.
2384 4011 2497 4065 Sat.
2534 4012 2606 4075 H,
2642 4012 2694 4075 2,

287 4082 532 4152 Augusti
583 4082 655 4137 ab
701 4082 979 4138 iudicibus
1027 4084 1298 4138 liberatus
1343 4087 1443 4137 est.
1541 4084 1658 4136 109.
1732 4082 1911 4138 Tacit.
1948 4087 2093 4138 Ann.
2129 4084 2201 4149 Π,
2243 4084 2336 4137 52:
2395 4088 2495 4150 „ut
2530 4084 2693 4138 lectos

286 4154 430 4209 Nam
467 4152 639 4207 fuisse
674 4159 902 4225 gentem
937 4154 1223 4210 Petilliam
1262 4159 1319 4208 et
1346 4153 1450 4207 Pe·
1539 4154 1688 4208 viros
1726 4154 1977 4223 imperiis
2012 4156 2328 4211 suesceret.“
2384 4154 2468 4209 Ne
2505 4155 2562 4208 in
2599 4154 2698 4207 du-

290 4225 466 4280 tillios
503 4224 850 4295 Capitolinos
887 4226 1190 4281 ostendunt
1229 4226 1444 4281 nummi
1540 4226 1676 4296 plici
1714 4225 1939 4295 quidem
1990 4227 2307 4283 accusativo
2356 4224 2700 4280 haerendum

292 4297 531 4367 antiqui.
625 4297 744 4353 Iovi
807 4315 1070 4353 coronam
1139 4297 1210 4352 de
1263 4298 1448 4368 capite
1543 4301 1647 4366 est,
1683 4299 2015 4367 praesertim
2054 4299 2113 4352 in
2137 4298 2467 4368 pronomine
2493 4296 2606 4352 hoc.
2632 4324 2695 4335 -

295 4368 640 4439 subripuisse
700 4386 768 4424 ex
875 4369 1133 4425 roverbio
1207 4376 1290 4425 est
1306 4410 1321 4439 ,
1383 4374 1449 4424 ut
1543 4368 1803 4425 vitiorum
1850 4386 1987 4440 quae
2089 4369 2109 4439 ]
2163 4365 2279 4423 ἀπὸ
2325 4369 2512 4423 κοινοῦ
2556 4368 2703 4438 posi·

296 4440 500 4495 docent
523 4441 632 4496 loci
659 4441 810 4511 apud
881 4442 1018 4495 laut.
1048 4441 1204 4495 Trin.
1225 4442 1268 4501 1.
1293 4442 1343 4507 2,
1363 4442 1451 4495 46.
1543 4445 1683 4494 tum.
1735 4469 1802 4481 —-
1848 4386 2226 4511 Albffugupra
2264 4460 2315 4495 v.
2354 4442 2441 4495 28.
2514 4439 2701 4495 Patris

298 4511 648 4567 Menaechm.
686 4511 755 4579 V,
797 4514 849 4582 5,
885 4514 972 4567 88.
1023 4540 1091 4553 --
1150 4511 1452 4583 amicoque]
1547 4512 1903 4582 disciplinam
1974 4512 2271 4567 ostendens
2340 4512 2469 4567 vide
2535 4530 2703 4582 quam

303 4583 512 4639 Versus
547 4583 920 4653 hypermeter,
955 4589 1020 4639 ut
1055 4583 1170 4639 Sat.
1196 4585 1242 4654 I,
1259 4586 1311 4651 6,
1337 4585 1453 4638 102.
1546 4583 1757 4639 multos
1793 4584 1959 4639 simul
2011 4588 2220 4655 carpat.
2244 4612 2311 4623 —-
2330 4600 2585 4655 may-mam
2610 4584 2701 4639 do-
