3092 5059
415 213 499 280 46
1390 208 1849 281 CARMINUM

923 400 1238 479 Caelum
1295 403 1547 498 ipsum
1598 400 1933 498 petimus
1984 399 2309 475 stultitia
2357 426 2608 499 neque

719 528 868 603 Per
912 541 1258 603 nostrum
1310 527 1652 626 patimur
1704 524 1951 601 scelus

629 684 684 721 ιο
915 650 1298 727 Irae-unda
1346 650 1617 725 Iovem
1670 674 1959 745 ponere
2012 648 2365 725 fulmina.

1335 989 1715 1079 CARMEN
1778 990 1913 1077 IV.

515 1161 852 1239 Solvitur
904 1160 1098 1235 aeris
1151 1159 1392 1235 hiems
1446 1170 1667 1255 grata
1726 1157 1895 1231 viee
1951 1156 2146 1231 veris
2200 1168 2275 1232 et
2323 1156 2640 1251 Favoni,

719 1286 1217 1385 Trahuntque
1269 1286 1505 1360 siccas
1560 1282 1959 1357 machinae
2012 1282 2345 1377 carinas3

517 1412 634 1487 Ae
685 1438 938 1510 neque
989 1413 1143 1487 iam
1196 1409 1514 1485 stabulis
1572 1406 1855 1505 gaudet
1894 1432 2123 1505 pecus
2170 1421 2300 1482 aut
2328 1420 2589 1482 arator
2624 1409 2815 1504 igni,

711 1536 872 1613 Nec
913 1550 1135 1634 prata
1187 1535 1393 1612 canis
1451 1533 1791 1607 albicant
1841 1532 2165 1629 pruinis.

412 1794 605 1833 versus
641 1778 885 1847 positum
925 1776 1230 1847 emphasim
1265 1775 1454 1830 habet.
1489 1802 1563 1813 -

407 1848 600 1920 neque]
650 1850 802 1905 Haeo
849 1849 1130 1919 particula
1176 1848 1235 1901 in
1282 1846 1392 1901 fine
1439 1864 1560 1899 ver·

407 1938 567 1975 suum
605 1923 773 1975 etiam
815 1922 1117 1987 lyricorum
1153 1920 1428 1975 collocata
1464 1918 1561 1972 do·

407 1998 510 2061 cet,
559 2011 726 2063 quam
773 2000 896 2047 arte
935 1997 1149 2047 veteres
1185 2008 1377 2045 versus
1435 2007 1559 2043 con-

406 2065 711 2131 iunxerint,
751 2082 917 2133 quam
955 2082 1066 2117 non
1096 2064 1270 2118 oculis
1295 2062 1392 2116 sed
1415 2061 1560 2116 auri-

403 2137 508 2191 bus
563 2137 906 2206 scripserint.
999 2135 1238 2204 Reliqua
1307 2134 1562 2201 exempla

406 2209 556 2278 apud
603 2208 899 2263 Horatium
951 2213 1103 2261 sunt:
1165 2207 1348 2259 Carm.
1388 2206 1434 2271 1,
1475 2206 1559 2272 18,

406 2282 459 2333 3.
530 2280 626 2345 111,
673 2284 716 2348 l,
755 2281 841 2333 25.
883 2281 967 2333 38.
1035 2278 1134 2341 ΠΙ,
1174 2279 1259 2343 29,
1298 2279 1380 2329 46.
1462 2276 1559 2344 IV,

405 2354 458 2420 8,
495 2354 580 2404 20.
631 2381 698 2391 —
736 2367 943 2421 ponere
988 2349 1250 2418 fulmina]
1297 2348 1559 2402 Fulmina

403 2424 522 2477 tela
557 2423 704 2475 Iovis
739 2428 884 2476 sunt.
925 2422 1055 2491 Ipsa
1093 2426 1276 2475 autem
1318 2420 1560 2473 fulmina

400 2492 671 2548 iracunda
737 2494 1096 2563 appellantur
1165 2510 1232 2545 ex
1301 2491 1558 2561 enallage

405 2566 644 2634 quadam
701 2565 992 2632 adiectivi3
1049 2581 1192 2633 quae
1247 2564 1330 2617 ita
1392 2562 1560 2617 debet

405 2653 524 2691 esse
557 2642 897 2706 comparata,
923 2641 989 2690 ut
1025 2637 1095 2690 ad
1129 2640 1430 2703 utrumque
1459 2652 1557 2688 no·

403 2725 531 2763 men
581 2726 756 2778 aequo
813 2709 936 2762 inre
989 2707 1327 2761 adiectivum
1379 2706 1559 2775 possit

406 2780 623 2835 referri.
663 2780 732 2835 cf.
773 2780 843 2834 ad
879 2780 1062 2834 Carm.
1098 2778 1142 2846 Ι,
1185 2782 1232 2839 l,
1272 2780 1320 2831 Β.
1495 2794 1502 2805 ·

777 2893 1056 2947 Carmen
1092 2890 1187 2946 IV.

472 2990 686 3044 Hiemis
698 2989 970 3045 molestiis
983 2988 1218 3057 perlatis
1234 2992 1291 3042 et
1305 2988 1558 3041 homines

399 3066 459 3115 et
491 3066 614 3115 tota
649 3078 840 3116 rerum
866 3064 1074 3114 natura
1100 3078 1168 3114 ex
1195 3060 1364 3131 longo
1399 3060 1555 3128 quasi

401 3150 592 3187 somno
615 3134 950 3204 ingrataque
979 3132 1186 3185 inertia
1206 3132 1277 3185 ad
1299 3133 1476 3185 vitam
1497 3136 1555 3185 et

399 3204 676 3259 laetitiam
721 3204 992 3258 redeunte
1027 3220 1160 3257 vere
1195 3220 1291 3257 rev
1299 3208 1552 3257 ocantur.

401 3275 568 3331 Cuius
607 3276 831 3346 quidem
873 3275 1308 3329 amoenitatibus
1360 3280 1554 3343 eaptus

357 3370 364 3382 ¹
401 3348 670 3403 Horatius
695 3352 899 3401 natura
924 3347 1152 3415 eiusque
1179 3347 1340 3401 donis
1367 3346 1553 3399 fruen-

402 3421 536 3474 dum
577 3436 696 3475 esse
733 3419 1028 3489 praecipit,
1059 3435 1186 3473 eum
1222 3417 1554 3488 praesertim

401 3492 652 3545 homines
724 3508 840 3545 non
903 3490 1098 3545 eadem
1170 3490 1555 3544 vicissitudine

403 3568 651 3623 utantur,
682 3563 778 3616 sed
798 3562 1070 3633 angustiis
1091 3562 1291 3616 aetatis
1321 3562 1554 3616 circum·

400 3634 598 3703 scripti
637 3650 750 3688 uno
787 3639 1008 3688 tantum
1035 3635 1187 3688 vitae
1223 3634 1380 3701 quasi
1421 3650 1555 3687 vere

401 3706 685 3776 gaudeant
708 3711 765 3760 et
789 3710 944 3760 certo
979 3707 1280 3760 senectutis
1307 3706 1553 3760 adventu

401 3777 475 3831 ad
531 3794 882 3833 communem
937 3782 1175 3831 mortem
1227 3794 1324 3847 spe
1386 3777 1555 3833 citius

401 3849 772 3919 abripiantur.
847 3848 913 3903 In
971 3867 1081 3918 qua
1135 3868 1196 3904 re
1259 3848 1556 3904 tractanda

401 3920 670 3975 Horatius
707 3922 814 3975 hoe
853 3922 1148 3975 consilium
1182 3926 1403 3976 secutus
1439 3924 1549 3973 est:

400 3993 607 4063 viginti
661 4010 855 4049 versus
912 3993 1176 4048 carminis
1223 3992 1555 4047 dividuntur

398 4064 458 4117 in
487 4066 736 4135 quinque
771 4069 959 4134 partes
996 4070 1396 4134 quaternorum
1433 4081 1557 4117 ver-

398 4152 582 4205 suum3
623 4153 862 4206 quarum
885 4137 1071 4207 prima
1095 4141 1152 4190 et
1179 4137 1356 4189 altera
1381 4152 1555 4189 verno

400 4212 652 4277 tempore
695 4208 1023 4263 redeuntem
1069 4212 1128 4261 et
1168 4206 1374 4277 ubique
1429 4224 1555 4260 con—

402 4280 652 4349 spicuam
707 4280 882 4335 vitam
941 4285 999 4334 et
1046 4281 1300 4349 vigorem
1349 4278 1555 4332 descri-

401 4351 567 4417 bunt,
630 4352 802 4406 tertia
863 4368 996 4405 vero
1065 4350 1421 4421 gaudendum
1491 4368 1557 4406 ae

403 4423 704 4478 fruendum
737 4423 806 4477 iis
845 4440 988 4491 quae
1011 4422 1193 4477 denuo
1227 4422 1556 4477 exoriantur

403 4495 700 4565 praecipit,
725 4500 924 4564 quarta
949 4499 1006 4549 et
1032 4494 1228 4563 quinta
1258 4510 1384 4547 oum
1411 4496 1554 4549 revi-

404 4566 653 4621 viscente
671 4572 876 4621 natura
909 4582 1096 4619 rerum
1116 4571 1444 4635 comparant
1459 4566 1559 4620 hu-

1664 1790 1889 1827 manam
1926 1772 2325 1827 condicionem.
2354 1802 2421 1813 —-
2452 1773 2691 1829 Favonii
2730 1792 2821 1829 or·

1666 1848 1787 1897 tum
1830 1844 1992 1899 latini
2030 1846 2226 1899 rustici
2266 1846 2628 1916 assignabant
2669 1848 2821 1903 circa

1666 1915 1749 1969 ld.
1788 1914 1952 1970 Febr.
1993 1916 2179 1984 (Varr.
2206 1916 2271 1971 R.
2300 1916 2367 1971 R.
2404 1918 2562 1985 1‚28.
2604 1918 2821 1973 Colum.

1666 1987 1762 2054 XI,
1782 1989 1835 2055 2,
1860 1986 1967 2057 15),
1994 1988 2145 2057 quod
2183 2006 2247 2042 eo
2286 1990 2529 2059 primum
2566 1994 2821 2060 tempore

1664 2058 1829 2113 tellus
1868 2060 2079 2113 moveri
2118 2065 2176 2114 et
2200 2060 2429 2128 plantae
2458 2079 2571 2115 non
2608 2079 2819 2131 paucae

1664 2130 1847 2184 virere
1908 2131 2283 2201 incipiebant;
2352 2132 2551 2187 deinde
2624 2132 2819 2188 Fauno

1664 2206 1742 2271 (v.
1784 2200 1873 2271 11)
1910 2220 2101 2257 sacrae
2138 2209 2301 2257 erant
2321 2204 2453 2258 Idus
2472 2204 2656 2271 Febr„
2696 2212 2819 2259 tum

1661 2274 1842 2327 maria
1880 2274 2067 2329 clausa
2106 2280 2268 2329 erant
2304 2292 2371 2329 ex
2410 2294 2461 2329 a.
2503 2276 2557 2329 d.
2596 2276 2697 2329 111.
2734 2277 2817 2331 Id.

1662 2344 1801 2399 Nov.
1852 2360 2027 2415 usque
2074 2347 2147 2400 ad
2192 2364 2242 2400 a.
2279 2347 2333 2400 d.
2372 2347 2463 2401 VI.
2499 2347 2581 2401 Id.
2620 2348 2819 2417 Mart.;

1664 2434 1800 2485 quas
1849 2434 1939 2470 res
1986 2434 2109 2471 cum
2166 2419 2518 2473 coniunxeris
2568 2437 2694 2474 cum
2747 2420 2817 2474 iis

1664 2504 1807 2557 quae
1843 2488 2112 2558 leguntur
2152 2507 2239 2543 vv.
2266 2492 2316 2543 3.
2356 2492 2405 2543 6.
2451 2492 2552 2553 10.,
2591 2508 2816 2546 carmen

1663 2560 1955 2630 intelleges
2028 2560 2299 2630 scriptum
2374 2578 2491 2616 esse
2578 2569 2815 2617 exeunte

1660 2648 1848 2685 mense
1908 2631 2115 2686 Martio
2176 2633 2265 2687 vel
2322 2634 2549 2688 ineunte
2607 2635 2813 2703 Aprili.

1660 2703 1779 2757 Iam
1812 2703 1858 2756 si
1886 2718 2094 2756 annum
2162 2721 2377 2772 uaeras,
2396 2696 2539 2758 nihil
2567 2706 2720 2760 vides
2746 2724 2815 2761 ex

1660 2775 1781 2844 ipso
1803 2776 2052 2829 carmine
2072 2775 2133 2829 ef
2168 2777 2243 2843 οἱς
2270 2794 2401 2829 nam
2422 2776 2557 2846 quid
2579 2777 2710 2831 inde
2734 2779 2817 2831 lu-

1662 2864 1903 2915 cramur,
1944 2846 2093 2916 quod
2132 2846 2189 2900 L.
2230 2848 2467 2902 Sestium
2506 2866 2555 2902 a.
2600 2850 2698 2903 '781
2743 2850 2815 2903 ab

1661 2922 1915 2988 Augusto
1939 2918 2220 2973 consulem
2250 2918 2360 2972 sibi
2380 2920 2671 2974 suffectum
2698 2938 2818 2975 esse

1660 2990 1901 3045 scimus?
1974 2990 2117 3043 Sunt
2162 2995 2372 3059 tamen,
2428 2992 2524 3061 qui
2580 2998 2817 3062 propter

1659 3068 1919 3129 metrum,
1970 3062 2119 3131 quod
2168 3063 2473 3131 epodorum
2522 3068 2704 3117 metro
2744 3066 2821 3117 si·

1658 3134 1794 3187 mile
1857 3140 1957 3202 est,
2029 3138 2161 3188 ante
2220 3150 2467 3204 pugnam
2524 3136 2817 3191 Actiacam

1658 3206 1929 3345 {prilpttifn
1988 3222 2106 3259 esse
2162 3207 2513 3275 suspieentur
2568 3206 2815 3276 (Schiitz.

1658 3312 1679 3329 .
1716 3294 1754 3329 ιι
1798 3294 1897 3331 er.

1730 3347 1795 3400 V.
1830 3352 1875 3400 l.
1913 3346 2155 3402 Solvitur
2191 3348 2375 3419 hiems]
2412 3348 2579 3421 Verg.
2610 3350 2815 3421 Georg.

1657 3418 1702 3487 1,
1712 3419 1806 3472 44:
1833 3420 2049 3489 „putris
2062 3438 2119 3473 se
2132 3420 2332 3491 glaeba
2346 3422 2579 3475 resolvit
2594 3422 2641 3489 ;“
2666 3425 2819 3476 acris

1658 3494 1845 3545 autem
1890 3492 2065 3545 hiems
2126 3498 2228 3560 est,
2277 3494 2410 3561 quia
2458 3494 2817 3565 constringit,

1660 3563 1958 3617 contrahit.
1997 3561 2088 3617 Sic
2125 3580 2247 3619 aere
2288 3570 2498 3619 acetum
2527 3564 2639 3619 Sat.
2666 3564 2739 3633 11,
2764 3568 2817 3627 3,

1663 3636 1795 3697 116,
1846 3636 2002 3689 acria
2044 3636 2252 3704 rapula
2302 3635 2417 3690 Sat.
2455 3637 2525 3702 11,
2566 3636 2615 3703 8,
2653 3640 2704 3692 7.
2748 3667 2817 3677 —

1660 3705 2008 3775 trahuntque]
2045 3706 2337 3761 Notandus
2362 3708 2581 3762 iambus
2609 3708 2666 3762 in
2700 3710 2817 3779 pri-

1659 3794 1752 3830 ma
1789 3777 1934 3831 sede.
1973 3776 2082 3831 Per
2123 3778 2361 3833 hiemem
2389 3796 2558 3834 naves
2594 3780 2817 3835 inlitus

1661 3848 1949 3903 subductae
2021 3849 2277 3903 trabibus
2350 3851 2786 3920 imponebantur
2802 3894 2816 3922 ,

1662 3936 1792 3975 vere
1842 3922 2111 3975 redeunte
2147 3921 2575 3993 deducebantur3
2614 3942 2678 3978 ea
2719 3942 2817 3978 au-

1661 3996 1774 4045 tem
1812 3992 2107 4047 subductio
2145 3998 2202 4047 et
2226 3994 2488 4049 deductio
2524 3996 2816 4061 machinis,

1662 4081 1803 4133 quae
1900 4064 2173 4135 halanyac
2224 4066 2573 4134 dicebantur,
2624 4066 2813 4122 fiebat.

1661 4134 1811 4189 Caes.
1902 4176 1913 4191 .
1954 4136 2011 4191 O.
2049 4136 2123 4204 11,
2166 4140 2245 4190 10.
2298 4138 2595 4207 Proprium
2634 4139 2815 4209 igitur

1659 4208 1891 4261 verbum
1946 4207 2203 4263 deducere
2262 4214 2666 4265 commutatum
2728 4217 2816 4265 est

1660 4279 1731 4333 ab
1769 4280 2004 4335 Horatio
2053 4296 2177 4333 cum
2216 4282 2387 4337 verbo
2438 4282 2696 4337 trahendi
2740 4284 2815 4337 ad

1658 4368 1921 4421 graecum
1992 4350 2167 4404 ἕλκειν
2238 4355 2672 4409 accommodato.
2742 4384 2813 4395 -

1658 4438 1827 4492 neque
1862 4450 1930 4462 —
1966 4430 2067 4477 aut
2106 4454 2173 4463 —
2212 4426 2332 4494 nee]
2372 4424 2495 4479 Non
2532 4431 2649 4481 tres
2682 4432 2817 4481 sunt

1658 4499 1866 4563 partes,
1904 4494 2001 4549 sed
2037 4496 2207 4565 duae3
2254 4498 2454 4551 tertius
2500 4498 2650 4552 enim
2686 4515 2817 4553 ver-

1661 4582 1751 4620 sus
1790 4566 2113 4637 animatam,
2164 4574 2397 4635 quartus
2445 4570 2813 4624 inanimatam
