3092 5059
436 218 557 286 148

1458 212 1918 283 CARMINUM

837 404 1032 479 Tum
1083 402 1326 499 spissa
1378 402 1612 478 ramis
1658 401 1921 477 laurea
1978 397 2323 475 fervidos

759 566 807 604 ιο
837 528 1210 605 Excludet
1264 530 1478 603 ictus.

1581 526 1755 602 Non
1808 526 1918 601 ita
1966 523 2275 600 Romuli

932 653 1498 755 Praescriptum
1554 664 1630 727 et
1678 651 1966 728 intonsi
2007 649 2321 726 Catonis

1040 778 1426 879 Auspiciis
1477 789 1977 875 veterumque
2028 800 2322 851 norma.

841 930 1196 1005 Privatus
1249 928 1406 1003 illis
1461 951 1729 1003 census
1784 938 1947 1002 erat
1991 926 2267 1021 brevis,

837 1052 1266 1131 Commune
1315 1077 1714 1151 magnum,
1768 1050 1979 1127 nulla
2032 1048 2521 1151 decempedis

763 1211 812 1251 ιε
946 1180 1236 1255 Metata
1281 1176 1601 1278 privatis
1655 1202 1975 1280 opacam

1037 1306 1385 1381 Porticus
1438 1304 1881 1401 excipiebat
1931 1303 2247 1401 Arcton,

841 1454 1003 1531 Nec
1050 1455 1454 1531 fortuitum
1509 1480 1875 1552 spernere
1929 1455 2337 1553 caespitem

839 1580 1092 1678 Leges
1145 1581 1518 1675 sinebant,
1570 1579 1859 1681 oppida
1907 1579 2221 1678 publico

940 1706 1266 1804 Sumptu
1307 1706 1656 1782 iubentes
1711 1717 1787 1780 et
1838 1703 2163 1780 deorum

757 1867 807 1905 20
1041 1829 1364 1929 Templa
1413 1856 1619 1905 novo
1674 1829 2045 1906 decorare
2091 1855 2299 1906 sa10.

1307 2125 1689 2213 GARMEN
1751 2130 1963 2215 XVI.

850 2293 1116 2372 Otium
1169 2293 1389 2370 divos
1441 2306 1667 2391 rogat
1710 2294 1792 2367 in
1842 2294 2133 2394 patenti

517 2494 581 2550 V.
623 2497 706 2549 10.
775 2494 937 2564 ictus]
1000 2492 1296 2548 Adiectivo
1353 2490 1591 2558 fervidos

448 2572 674 2622 cautum
711 2566 844 2621 satis
885 2570 986 2634 est,
1022 2583 1093 2619 ne
1139 2565 1262 2633 quis
1298 2564 1454 2631 ictae,
1493 2564 1591 2633 qui

448 2638 580 2693 solis
621 2642 767 2702 sunt,
801 2654 1098 2707 perperam
1134 2637 1488 2706 intellegeret
1533 2640 1592 2690 et

449 2726 578 2764 cum
623 2708 904 2764 nonnullis
950 2708 1109 2763 codd.
1145 2708 1388 2765 scribere
1421 2707 1594 2762 vellet

449 2787 648 2835 aestua.
687 2779 828 2835 Stat.
868 2778 1002 2833 Silv.
1039 2780 1083 2848 1,
1122 2782 1172 2845 2,
1212 2781 1314 2833 154
1355 2778 1591 2847 „Exclu-

449 2853 592 2906 dunt
631 2852 824 2907 radios
874 2852 1031 2905 silvis
1070 2851 1308 2905 demissa
1355 2850 1592 2905 vetustis

453 2924 742 2995 Frigora.“
766 2922 1110 2991 Quibusdam
1129 2923 1275 2977 lauri
1293 2922 1592 2993 generibus

451 3013 619 3066 opere
675 2995 917 3065 topiario
975 2996 1298 3049 umbracula
1342 2998 1400 3048 et
1443 2998 1595 3047 tecta

450 3067 772 3122 ambulacra
799 3066 1215 3135 formabantur,
1237 3083 1366 3120 nam
1388 3081 1594 3135 magna

453 3140 511 3193 in
567 3138 876 3193 formandis
931 3138 1225 3193 arboribus
1280 3155 1314 3191 a
1368 3142 1593 3191 natura·

451 3228 558 3281 que
584 3210 912 3265 revocandis
950 3228 1039 3263 ars
1065 3209 1176 3264 fuit
1197 3209 1592 3264 Romanorum.

455 3313 520 3322 —
559 3281 791 3352 intonsi]
844 3282 1068 3335 Catonis
1118 3280 1395 3348 Censorii,
1449 3297 1595 3333 anno

453 3356 562 3408 454
607 3372 660 3409 ιι.
699 3372 746 3409 c.
794 3354 964 3422 primi
999 3358 1252 3408 tonsores
1299 3369 1367 3405 ex
1406 3350 1597 3405 Sicilia

453 3426 691 3480 Romam
725 3432 1018 3480 venerunt.
1045 3454 1112 3465 --
1148 3422 1441 3493 auspiciis]
1481 3424 1596 3476 Au-

455 3497 691 3566 spicium
744 3514 1088 3551 summorum
1145 3495 1279 3550 belli
1331 3494 1597 3564 pacisque

454 3568 887 3651 magistratuum
923 3568 1007 3621 ius
1044 3566 1155 3621 fuit
1188 3567 1320 3621 deos
1356 3566 1594 3619 interro-

454 3639 644 3710 gandi,
699 3639 757 3692 id
811 3638 960 3709 quod
1015 3643 1315 3708 antequam
1373 3636 1597 3707 publice

455 3710 669 3780 aliquid
700 3715 961 3781 ageretur
984 3727 1202 3781 semper
1225 3710 1412 3765 fiebat.
1453 3707 1597 3776 Qua·

456 3800 517 3836 re
549 3782 646 3851 qui
672 3782 919 3851 auspicia
955 3782 1252 3851 habebant,
1290 3782 1350 3835 in
1380 3779 1596 3850 agendo

456 3854 751 3923 praeibant
791 3872 1000 3924 suoque
1037 3854 1195 3923 quasi
1235 3852 1488 3922 exemplo
1514 3868 1597 3905 re-

457 3926 640 3995 liquos
679 3926 998 3981 trahebant.

529 3998 593 4053 V.
635 4000 718 4052 13.
763 4014 955 4053 census
1016 3996 1089 4051 ef.
1126 3996 1240 4051 Sat.
1275 3996 1348 4065 ΙΙ,
1385 3998 1438 4062 3,
1474 3996 1597 4049 324.

457 4070 636 4159 Epist.
674 4069 798 4154 1,1‚
835 4070 920 4123 43.
989 4071 1079 4137 ‚,7
1105 4070 1190 4123 56.
1220 4096 1282 4107 -
1309 4036 1596 4135 commune]

455 4140 518 4194 τὸ
556 4158 760 4209 κοινον,
797 4159 886 4196 res
919 4108 1164 4211 publica,
1203 4139 1497 4193 aerarium.
1528 4165 1598 4176 -—-

457 4212 984 4353 vnetatassLpaisivel,¹⁵
982 4211 1052 4266 cf.
1082 4210 1196 4337 Sfit.
1217 4210 1361 4336 ῙέἆΞ,
1387 4211 1504 4263 114.
1531 4238 1598 4247 —

729 4300 780 4338 ts
881 4302 910 4339 e
968 4300 1086 4338 icae
1302 4300 1417 4349 um,
1495 4298 1601 4335 uae

451 4356 707 4425 privatae
724 4302 1004 4423 diculntur,
1037 4298 1601 4423 quodpporticusqnon

462 4426 702 4496 publice,
757 4426 852 4481 sed
907 4445 942 4482 a
994 4426 1233 4496 privatis
1279 4424 1600 4480 hominibus

461 4500 839 4552 exstruuntur.
913 4496 1058 4553 Nam
1105 4498 1341 4567 privatis
1380 4513 1602 4566 quoque

461 4568 716 4623 domibus
731 4568 978 4637 porticus
997 4568 1365 4635 addebantur,
1383 4572 1602 4637 septen-

1696 2493 1906 2549 triones
1964 2511 2155 2549 versus
2210 2494 2282 2549 ad
2335 2493 2599 2549 vitandos
2660 2494 2857 2549 radios

1696 2566 1847 2633 solis,
1883 2566 2177 2620 meridiem
2202 2584 2395 2621 versus
2431 2564 2506 2619 ad
2542 2566 2857 2620 minuenda

1696 2636 1913 2707 frigora
1947 2654 2050 2705 per
2086 2638 2325 2694 hiemem
2371 2642 2428 2693 et
2476 2637 2551 2691 ad
2590 2640 2853 2707 aprican-

1696 2708 1846 2763 dum.
1881 2709 2395 2765 Animadvertenda
2426 2712 2513 2763 est
2542 2708 2857 2765 artificiosa

1696 2780 2175 2835 substantivorum
2200 2785 2257 2836 et
2288 2780 2702 2836 adiectivorum
2738 2782 2853 2835 ool·

1696 2852 1901 2907 locatio
1934 2851 2041 2907 hoc
2078 2852 2385 2909 schemate:

1696 2941 1950 2988 decempedis
1966 2942 2117 2981 metata
2134 2941 2307 2987 prmus
2324 2949 2493 2987 opacam
2506 2941 2689 2987 ponitus
2702 2942 2855 2981 Areu»

1739 3009 2828 3152 Q&

1700 3212 1771 3267 cf.
1814 3213 1886 3266 ad
1928 3211 1975 3279 Ι,
2013 3215 2065 3271 9.
2104 3210 2189 3265 21.
2226 3209 2299 3276 11,
2336 3210 2389 3277 4,
2430 3211 2519 3277 113
2556 3213 2859 3279 praeterea

1699 3288 1902 3339 mnata
1924 3284 2179 3352 porticus
2200 3282 2458 3351 primam,
2484 3296 2713 3349 opacam
2738 3283 2855 3336 Ar-

1700 3360 1827 3411 cton
1862 3354 2121 3410 ultimam
2156 3370 2417 3408 versuum
2454 3353 2643 3407 sedem
2689 3370 2856 3411 oocu-

1702 3429 1857 3495 pant.
1899 3456 1962 3465 —
1999 3423 2318 3496 fortuitum]
2369 3424 2554 3479 ubivis
2600 3425 2855 3479 obvium.

1702 3496 2043 3561 Notandum,
2082 3498 2199 3552 eius
2236 3496 2495 3551 vocabuli
2534 3496 2795 3552 litteram
2833 3496 2859 3549 ι·

1702 3586 1737 3623 a
1770 3569 1950 3638 poetis
1989 3574 2045 3624 et
2080 3568 2317 3639 produci
2366 3572 2424 3621 et
2469 3568 2697 3651 corripi.
2742 3568 2857 3621 nisi

1701 3641 1849 3695 forte
1886 3640 1945 3695 in
1969 3640 2159 3710 paucis
2194 3640 2349 3707 locis,
2382 3639 2583 3709 quibus
2608 3640 2633 3693 i
2658 3639 2857 3694 littera

1703 3712 1913 3782 corripi
1948 3712 2191 3779 videtur,
2232 3729 2334 3780 per
2372 3712 2711 3779 synaeresim
2748 3710 2857 3765 tri-

1704 3784 1979 3853 syllabum
2026 3788 2111 3839 est
2148 3783 2497 3837 vocabulum.
2536 3810 2611 3821 ——
2644 3782 2857 3852 caespi-

1702 3855 1826 3926 tem]
1870 3856 1931 3909 in
1966 3872 2077 3925 quo
2120 3854 2393 3938 prostrati
2430 3855 2703 3908 cubarent
2756 3854 2857 3907 ho—

1704 3928 1907 3998 mines3
1944 3927 2045 3981 alii
2080 3927 2263 3980 minus
2302 3930 2453 3981 recte
2490 3925 2560 3979 de
2596 3926 2855 3997 tugurio-

1704 4018 1829 4053 rum
1868 3999 2221 4065 culminibus,
2260 4004 2324 4052 ut
2350 3996 2497 4067 apud
2525 3997 2695 4068 Verg.
2716 3996 2855 4053 Buc-

1711 4074 1756 4139 1,
1795 4070 1880 4124 68.
1928 4100 1997 4111 -
2046 4038 2276 4139 oppida]
2316 4068 2570 4123 aedificia
2604 4068 2857 4138 publica,

1704 4160 1891 4197 muros
1938 4148 1997 4197 et
2047 4159 2191 4211 quae
2244 4140 2438 4195 statim
2490 4140 2859 4195 nominantur

1704 4214 1937 4268 deorum
1972 4213 2201 4283 templa.
2228 4242 2293 4252 -—
2326 4228 2462 4267 novo
2489 4212 2653 4280 saxo]
2688 4212 2857 4267 nimi·

1704 4303 1831 4339 rum
1867 4285 1915 4339 si
1948 4285 2195 4356 collapsa
2228 4288 2427 4339 essent.

2054 4396 2334 4452 Carmen
2370 4394 2516 4450 XVI.

1778 4492 1979 4549 Omnes
2026 4494 2277 4549 homines
2326 4493 2507 4549 otium
2552 4496 2613 4547 et
2648 4492 2857 4548 securi·

1702 4570 1877 4621 tatem
1914 4566 2063 4621 vitae
2102 4569 2397 4634 quaerunt,
2442 4563 2559 4631 sed,
2605 4563 2706 4619 ubi
2742 4580 2859 4619 non
