3092 5059
960 257 1125 324 LIB.
1170 259 1221 325 1.
1262 257 1535 325 EPIST.
1580 257 1822 326 XVIII.

2485 259 2607 324 561

308 446 408 524 Ut
462 459 815 524 matrona
864 449 1257 524 meretrici
1314 447 1578 549 dispar
1632 449 1780 524 erit
1827 460 2060 548 atque

307 573 688 669 Discolor,
736 573 973 650 infido
1026 599 1339 650 scurrae
1391 573 1702 650 distabit
1751 574 2066 650 amicus.

251 727 277 768 ιι
312 698 445 772 Est
494 697 673 773 huic
726 697 1118 775 diversum
1171 698 1361 775 vitio
1414 699 1684 775 vitium
1737 724 1985 799 prope
2033 698 2303 795 maius,

309 819 710 919 Asperitas
762 823 1085 919 agrestis
1138 835 1215 899 et
1260 824 1727 900 inconcinna
1777 823 2212 923 gravisque,

311 945 531 1038 Quae
583 971 665 1024 se
718 947 1211 1024 commendat
1259 960 1481 1023 tonsa
1531 961 1724 1045 cute,
1777 948 2137 1025 dentibus
2185 946 2395 1044 atris,

307 1073 514 1148 Dum
569 1072 734 1149 vult
783 1072 1099 1150 libertas
1148 1071 1303 1148 dici
1352 1097 1567 1148 mera
1621 1098 1958 1172 veraque
2017 1073 2279 1150 virtus.

309 1197 580 1274 Virtus
632 1209 747 1274 est
796 1196 1137 1276 medium
1190 1197 1557 1274 vitiorum
1609 1213 1686 1274 et
1737 1199 2123 1298 utrimque
2186 1197 2612 1274 reductum.

230 1355 279 1394 ιο
314 1321 543 1398 Alter
590 1323 675 1398 in
730 1321 1185 1422 obsequium
1232 1322 1407 1423 plus
1460 1347 1711 1422 aequo
1761 1349 2050 1426 pronus
2104 1337 2180 1400 et
2227 1323 2365 1399 imi

307 1448 626 1529 Derisor
666 1447 847 1524 lecti
898 1447 1007 1524 sic
1055 1459 1326 1522 nutum
1377 1447 1638 1524 divitis
1688 1448 1972 1545 horret,

308 1571 438 1650 Sic
487 1572 714 1648 iterat
766 1597 989 1648 voces
1050 1584 1127 1648 et
1174 1572 1415 1650 verba
1464 1572 1819 1650 cadentia
1866 1573 2092 1672 tollit,

310 1696 420 1774 Ut
468 1721 793 1796 puerum
848 1721 1077 1772 saevo
1131 1696 1402 1774 credas
1456 1697 1746 1774 dictata
1796 1699 2166 1797 magistro

306 1822 667 1900 Reddere
712 1821 839 1902 vel
888 1834 1145 1922 partes
1190 1822 1515 1898 mimum
1569 1836 1898 1900 tractare
1950 1824 2366 1922 secundas;

211 2094 553 2150 dcem-ibitur
576 2095 831 2165 (lo-14.
863 2097 1111 2163 15-20).
1151 2097 1371 2152 Deinde

212 2165 391 2232 docet,
438 2168 492 2221 ei
530 2166 627 2236 qui
672 2168 998 2236 potentibus
1044 2168 1368 2224 hominibus

209 2239 433 2308 placere
490 2239 631 2294 velit
684 2239 1081 2294 abstinendum
1130 2257 1247 2296 esse
1296 2242 1369 2295 ab

213 2311 363 2364 omni
399 2310 566 2379 vitio,
591 2327 771 2380 neque
794 2329 958 2381 posse
994 2329 1121 2366 eum
1145 2311 1369 2367 veniam

212 2399 483 2450 quaerere
506 2382 567 2436 in
603 2382 755 2437 vitiis
780 2382 1024 2437 divitum
1049 2382 1363 2453 hominum3

211 2453 484 2509 divitibus
520 2453 656 2523 ipsis
708 2454 907 2524 opibus
954 2456 1368 2510 excusationem

211 2525 493 2594 praeberi,
526 2525 791 2594 quoniam
826 2543 954 2581 cum
991 2527 1189 2596 opibus
1224 2528 1369 2582 vitia

214 2597 515 2652 coniuncta
537 2614 656 2652 esse
676 2597 895 2653 soleant
912 2597 990 2668 (v.
1008 2597 1118 2669 86).
1150 2598 1369 2654 Deinde

210 2686 321 2724 non
340 2686 465 2724 esse
481 2668 830 2738 exploranda
854 2686 1076 2738 arcana,
1100 2671 1198 2725 sed
1220 2689 1365 2726 com·

212 2741 379 2795 missa
401 2741 703 2808 servanda;
731 2741 1071 2810 sequendam
1088 2760 1200 2796 non
1212 2760 1366 2797 suam

212 2812 309 2866 sed
334 2812 581 2866 fautoris
604 2781 996 2867 voluntatem
980 2831 1040 2866 ιιι
1076 2831 1253 2884 eaque
1275 2831 1367 2869 ex-

212 2883 417 2952 plenda
442 2883 870 2940 delectationem
894 2883 1141 2940 debere
1124 2886 1367 2940 inveniri

212 2955 285 3024 (v.
308 2957 438 3025 ·66).
515 2955 837 3010 Cavendum
884 2973 1003 3011 esse
1058 2957 1130 3012 ab
1178 2957 1365 3012 incau-

211 3027 285 3080 tis
312 3026 667 3082 sermonibus
703 3028 776 3097 (v.
801 3027 913 3098 71),
942 3029 1366 3097 compescendas

212 3098 479 3154 libidines
512 3097 591 3168 (v.
613 3101 725 3168 75),
760 3099 1073 3154 cautionem
1108 3117 1365 3156 exercen-

212 3169 341 3225 dam
376 3171 441 3224 in
478 3170 929 3225 commendandis
974 3171 1185 3239 amicis,
1220 3189 1367 3227 com-

212 3243 506 3297 mendatos
556 3259 627 3296 ex
677 3259 777 3296 suo
832 3259 1109 3311 quemque
1162 3244 1367 3298 merito

212 3331 329 3368 esse
380 3313 728 3368 adiuvandos
767 3315 842 3382 (v.
880 3315 993 3382 85).
1068 3315 1369 3370 Praeterea

211 3383 455 3440 fautoris
502 3401 685 3439 mores
726 3385 1103 3440 observandos
1150 3403 1267 3440 esse
1310 3391 1369 3441 et

214 3457 322 3511 sibi
356 3455 509 3511 adfin
552 3457 749 3522 endos;
788 3457 997 3512 etenim
1020 3457 1261 3512 similem
1297 3459 1367 3512 si-

214 3528 339 3582 mili
394 3545 507 3599 gau
548 3545 659 3583 ere.
732 3527 799 3582 In
856 3529 1009 3583 omni
1064 3533 1253 3584 tamen
1305 3547 1367 3587 re

216 3599 293 3668 (v.
320 3601 413 3667 96)
451 3599 865 3669 philosophiam
904 3596 1019 3655 'esse
1059 3600 1367 3670 colendam,

214 3675 281 3724 nt
314 3671 375 3725 in
414 3689 525 3740 qua
560 3689 623 3726 re
658 3689 853 3726 verum
893 3671 1103 3728 bonum
1140 3690 1367 3728 cernen-

214 3741 349 3796 dum
386 3744 462 3796 sit
495 3746 650 3798 recte
685 3743 936 3798 discatur
982 3761 1047 3800 ac
1091 3748 1368 3800 teneatur.

214 3811 427 3880 Quodsi
471 3813 555 3868 ita
604 3819 738 3886 agat
783 3815 1011 3900 amicus,
1062 3832 1129 3871 eo
1178 3821 1370 3886 sperat

212 3890 616 3954 perventurum
672 3903 783 3956 quo
848 3887 967 3956 ipse
1026 3889 1369 3957 pervenerit,

214 3957 1247 4098 ffi1pzz⁰3zz¹⁸ut¹3¹b30diit⁰tt⁶⁰⁸ss
1284 3959 1369 4086 ἓξ

217 4103 473 4170 tempore
508 4099 638 4155 vide
677 4102 751 4157 ad
786 4101 875 4171 Ep
877 4103 967 4156 ist.
1006 4103 1051 4171 Ι,
1088 4105 1141 4156 2.

288 4171 355 4226 V.
398 4175 444 4226 1.
482 4172 769 4242 liberrime]
810 4173 883 4228 cf.
921 4173 1036 4228 Sat.
1074 4173 1120 4242 Ι,
1156 4177 1209 4241 4,
1251 4175 1369 4228 132.

220 4271 287 4282 ·-
336 4248 402 4298 ut
442 4244 715 4314 matrona]
770 4249 1165 4315 argumentum
1214 4263 1249 4300 a
1296 4246 1367 4300 si-

218 4314 341 4368 mili
384 4319 687 4385 sumptum.
746 4345 812 4355 —
870 4315 1134 4388 discolor]
1182 4315 1267 4372 Ne
1303 4316 1373 4371 de

219 4389 509 4442 matronae
543 4387 685 4471 ‘alba
730 4387 877 4442 stola
920 4391 979 4442 et
1017 4389 1372 4444 meretricum

216 4461 351 4527 toga
412 4458 584 4513 variis
640 4457 920 4514 coloribus
976 4459 1159 4514 tincta
1218 4461 1365 4531 cogi-

216 4531 319 4590 tes,
381 4545 642 4598 compara
694 4529 875 4585 Persii
934 4529 1119 4585 locum
1182 4533 1233 4600 5,
1272 4533 1369 4585 52:

220 4598 417 4668 „Mine
468 4599 759 4656 hominum
812 4601 1021 4672 species
1070 4606 1129 4658 et
1184 4620 1376 4659 rerum

316 4718 543 4762 Horatius
568 4721 639 4764 ed.
665 4722 1000 4776 Dfflenbursssr
1026 4724 1102 4767 ed.
1130 4723 1235 4768 vn.

1462 2098 1707 2154 discolor
1765 2096 1952 2152 ususf‘
2025 2095 2096 2152 cf.
2149 2096 2265 2152 Sat.
2319 2096 2393 2166 H,
2445 2099 2614 2164 160

1460 2169 1642 2240 Epist.
1681 2169 1727 2238 1,
1767 2171 1850 2235 17,
1887 2169 1976 2223 23.
2033 2198 2099 2208 -
2161 2169 2271 2224 Est
2314 2168 2463 2240 huic]
2517 2169 2616 2224 Oa-

1460 2243 1708 2297 vendam
1771 2257 1892 2296 esse
1949 2239 2246 2310 praecipit,
2309 2257 2380 2294 ne
2439 2241 2614 2325 nimio

1461 2313 1802 2368 adulationis
1845 2316 2000 2366 metu
2045 2312 2104 2366 in
2152 2311 2497 2367 contrarium
2533 2312 2615 2367 vi-

1459 2385 1604 2438 tium
1642 2384 1962 2455 asperitatis
2007 2387 2167 2452 ruat3
2214 2388 2430 2438 rectum
2467 2384 2616 2441 inter

1460 2461 1759 2526 utramque
1815 2455 2064 2526 positum
2123 2473 2256 2512 esse
2320 2483 2384 2494 —
2451 2461 2618 2512 tonsa

1458 2527 1604 2598 cute]
1641 2527 1879 2599 Proprie
1915 2527 2182 2582 dicebant
2213 2531 2380 2598 caput
2416 2527 2494 2582 ad
2527 2543 2616 2582 cu-

1459 2606 1566 2655 tem
1599 2599 1834 2656 tonde-e.
1874 2599 2028 2654 Siue
2029 2617 2062 2654 ν
2091 2599 2213 2670 χρῷ
2246 2603 2473 2668 κείρεινς
2512 2599 2610 2669 qui

1460 2689 1578 2726 mos
1613 2671 1726 2726 fuit
1769 2671 2062 2726 hominum
2097 2669 2460 2741 elegantioris
2499 2672 2615 2726 cul·

1459 2746 1552 2797 tus
1586 2743 1961 2812 habitusque'
1944 2743 2352 2798 incuriosorum
2377 2747 2436 2797 et
2459 2760 2615 2812 aspe-

1457 2815 1689 2870 ritatem
1733 2814 1954 2870 Stoicae
2007 2819 2192 2870 sectae
2245 2815 2620 2882 sequentium.

1458 2885 1633 2941 Recte
1667 2886 2045 2956 Porphyrion:
2097 2886 2275 2954 „bene
2309 2903 2424 2940 non
2460 2902 2616 2941 corna

1456 2963 1642 3028 tonsa,
1679 2959 1775 3012 sed
1810 2963 1946 3023 cute,
1991 2962 2056 3012 ut
2103 2957 2172 3012 de
2210 2957 2430 3026 capillis
2469 2957 2615 3012 nihil

1458 3030 1721 3084 videatur
1772 3046 2060 3084 remanere
2109 3029 2219 3083 nisi
2270 3028 2424 3098 quod
2471 3031 2616 3084 cutis

1460 3103 1584 3155 est!
1569 3101 1602 3130 “
1701 3100 1982 3155 Contrarii
2056 3106 2188 3155 sunt
2265 3118 2404 3169 quos
2476 3101 2619 3156 dicit

1460 3171 1743 3260 Theophr.
1783 3173 1948 3226 Char.
1987 3173 2037 3236 5,
2077 3174 2138 3226 3:
2197 3177 2326 3241 „xoel
2361 3167 2616 3226 πλειστά-

1458 3263 1543 3303 κις
1587 3244 1650 3297 δὲ
1694 3240 2103 3344 ἀποκείρασθαι
2149 3247 2241 3296 καὶ
2289 3239 2414 3303 τοὺς
2457 3238 2618 3297 ὀδόν-

1460 3335 1558 3375 τας
1594 3313 1812 3374 λευκοὺς
1847 3337 1868 3368 ι
1871 3317 2030 3402 χειν
2033 3315 2161 3370 ‘.cf
2201 3314 2317 3370 Sat.
2355 3313 2399 3383 Ι,
2437 3317 2490 3402 8,
2527 3317 2616 3371 80.

1463 3415 1531 3428 -
1583 3387 1761 3442 virtus
1788 3387 1972 3472 est],
1977 3381 2184 3472 ,Εστιν
2231 3383 2265 3452 ἡ
2309 3355 2472 3474 deperi]
2517 3385 2620 3447 ἕξις

1461 3455 1928 3618 ξὲἲττὲρῗὲκῗῐύὲν
1939 3427 2465 3601 κέκῖοᾶςιῖηἵῆςουμῖἔν.
2488 3475 2620 3582 ἐῶ

1460 3599 1785 3672 ὑπερβολὴν,
1810 3603 1904 3668 τῆς
1923 3601 1986 3655 δὲ
2005 3600 2122 3656 κατ’
2150 3602 2413 3670 ἔλλειψιν.
2441 3601 2618 3657 Arist.

1461 3673 1595 3728 Eth.
1631 3673 1752 3730 Nic.
1790 3673 1864 3742 H,
1904 3673 1953 3728 6.
1989 3701 2058 3714 --
2093 3673 2195 3727 imi
2229 3673 2372 3742 lecti]
2409 3673 2470 3726 in
2507 3690 2618 3742 quo

1462 3763 1592 3800 cum
1644 3746 2006 3800 convivatore
2051 3761 2278 3800 scurrae
2332 3745 2618 3800 accumbe-

1463 3818 1618 3872 bant.
1657 3817 1727 3871 cf.
1766 3815 1880 3873 Sat.
1921 3816 1994 3885 ΙΙ,
2017 3817 2072 3884 8,
2099 3818 2186 3869 23.
2217 3818 2396 3886 40sq.
2428 3832 2620 3871 ——ca·

1463 3889 1654 3943 ἄρκεια
1689 3889 1928 3959 touitJ,
1932 3888 2265 3957 ,excidentia
2303 3893 2361 3942 et
2409 3892 2622 3942 temere

1462 3959 1688 4030 prolata
1699 3961 1934 4030 suscipit
1943 3976 2048 4030 pro
2063 3959 2354 4014 mirandis.
2356 3958 2389 3988 “
2408 3959 2618 4014 Comm.

1465 4031 1635 4100 Cruq.
1693 4061 1759 4070 —
1819 4031 2063 4102 utimum]
2101 4031 2168 4085 In
2207 4031 2392 4086 mimis
2430 4047 2621 4086 secun-

1464 4104 1664 4158 darum
1701 4104 1953 4172 partium
1988 4107 2148 4158 actor
2183 4102 2465 4173 parasitus
2504 4119 2622 4158 esse

1462 4175 1697 4237 solebat.
1747 4176 1846 4244 qui
1891 4175 2204 4258 primarum
2241 4179 2490 4230 actorem
2524 4190 2620 4243 pa-

1462 4248 1767 4302 rasitorum
1811 4263 1968 4302 more
2013 4247 2168 4302 omni
2222 4246 2442 4300 ratione
2498 4245 2621 4300 imi-

1462 4323 1698 4374 taretur.
1750 4347 1817 4359 -
1877 4317 2125 4388 rixatur]
2176 4317 2270 4372 Sic
2303 4322 2457 4372 recte
2495 4334 2622 4372 cum

1464 4390 1657 4459 codd3
1703 4407 1816 4446 non
1846 4389 2162 4445 necessaria
2190 4395 2276 4444 est
2299 4388 2623 4445 coniectura

1462 4461 1675 4517 Mureti
1733 4464 1974 4527 rimator,
2035 4479 2168 4516 nam
2222 4461 2282 4514 in
2353 4462 2621 4529 asyndeto

1464 4533 1695 4588 rixatur
1735 4549 1920 4603 propa
1811 4538 2053 4603 opugmat
2097 4551 2210 4588 non
2258 4537 2343 4588 est
2391 4532 2622 4588 haeren-

1466 4604 1620 4660 dum.
1693 4603 1902 4660 Keller.
1939 4622 2088 4660 nunc
2140 4603 2363 4678 E'pileg.
2409 4622 2468 4674 p.
2514 4605 2620 4659 678

2157 4703 2226 4758 36
