3092 5059
1022 240 1187 305 LIB.
1234 242 1314 305 H.
1358 240 1611 309 GARM.
1657 243 1833 311 XVI.

2523 247 2644 310 149

643 422 975 500 Prensus
1030 424 1367 524 Aegaeo,
1427 426 1659 502 simul
1712 441 1879 504 atra
1930 432 2171 507 nubes

641 546 1012 625 Condidit
1060 549 1324 626 lunam
1378 577 1633 652 neque
1688 566 1893 629 certa
1946 554 2249 653 fulgent

844 673 1116 761 Sidera
1167 677 1417 751 nautis
1442 705 1463 776 ἰ

575 854 602 896 s
645 822 910 901 Otium
960 824 1169 900 bello
1223 826 1518 901 furiosa
1570 826 1890 923 Thrace,

639 946 898 1025 Otium
951 949 1165 1025 Medi
1215 951 1580 1049 pharetra
1636 952 1922 1048 decori,

642 1073 1021 1175 Grospho,
1076 1101 1231 1150 non
1287 1078 1611 1173 gemmis
1663 1102 1917 1176 neque
1968 1104 2315 1180 purpura
2360 1056 2487 1158 ve-

839 1201 1020 1277 nale
1067 1226 1319 1301 neque
1373 1227 1586 1279 auro.

634 1350 810 1425 Non
861 1350 1065 1425 enim
1116 1376 1352 1449 gazae
1403 1377 1661 1451 neque
1719 1352 2139 1429 consularis

555 1510 606 1549 ιο
641 1472 1088 1551 Summovet
1137 1473 1363 1550 lictor
1413 1476 1735 1551 miseros
1787 1476 2151 1553 tumultus

220 1656 540 1725 inveniant,
587 1660 746 1711 extra
783 1674 840 1711 se
889 1657 1040 1727 ipsos
1079 1658 1151 1727 (v.
1195 1659 1383 1727 1—8);

218 1746 422 1784 verum
463 1734 659 1784 autem
705 1728 885 1783 otium
928 1746 1108 1799 neque
1154 1731 1385 1785 summis

217 1800 544 1855 honoribus
561 1816 744 1869 neque
764 1800 980 1855 divitiis
997 1806 1235 1870 paratur
1255 1802 1380 1869 (9-

225 1872 334 1939 12),
371 1871 476 1927 sed
501 1872 896 1927 mediocritate
919 1878 977 1927 et
1000 1873 1386 1928 moderatione

219 1944 396 1997 animi
424 1962 459 1998 a
483 1943 895 2013 cupiditatibus
920 1945 1084 1999 vacui
1111 1945 1383 2012 (13—16).

221 2012 408 2081 Quare
467 2014 614 2084 quid
662 2014 886 2069 beatam
935 2016 1112 2070 vitam
1158 2016 1384 2071 aliunde

223 2088 571 2156 quaerimus,
629 2103 755 2141 cum
811 2086 872 2140 in
916 2086 1196 2142 nobismet
1249 2089 1384 2158 ipsis

221 2158 410 2225 posita
455 2158 538 2213 sit
586 2156 882 2227 (17—20)‘?
953 2158 1098 2213 Nam
1152 2160 1214 2212 in
1266 2160 1382 2214 ani-

223 2230 328 2283 mis
377 2230 596 2285 nostris
642 2230 691 2283 si
736 2246 879 2297 quae
934 2230 1126 2283 insunt
1187 2232 1382 2301 culpae

224 2304 280 2354 et
315 2318 506 2371 curae,
547 2318 644 2356 eas
681 2302 890 2370 ubique
923 2302 1214 2356 nobiscum
1241 2301 1381 2358 fere-

223 2388 344 2425 mus
383 2372 675 2441 (sl-24).
734 2372 1110 2440 Quamobrem
1148 2391 1274 2428 cum
1311 2392 1382 2429 ne

226 2460 472 2499 summae
512 2444 744 2515 quidem
779 2444 1010 2499 divitiae
1042 2446 1219 2499 otium
1256 2464 1380 2515 pos·

225 2514 335 2569 sint
369 2517 631 2588 gignere,
671 2516 809 2587 quid
845 2516 932 2570 his
969 2517 1117 2571 curis
1161 2516 1381 2573 labora·

223 2588 382 2641 mus?
443 2588 562 2642 Cur
602 2605 715 2642 non
753 2604 897 2658 quae
934 2589 1140 2643 adsunt
1174 2590 1382 2659 gaudia

229 2656 292 2710 iis
327 2658 599 2727 fruimur,
637 2676 780 2729 quae
816 2659 982 2725 mala,
1013 2660 1082 2714 iis
1106 2661 1382 2730 patientia

227 2732 280 2781 et
332 2730 448 2784 risu
501 2730 843 2785 medicinam
900 2731 1180 2799 quandam
1225 2733 1381 2787 adhi-

225 2798 456 2857 bemus?
505 2802 656 2858 Nam
693 2802 753 2857 in
787 2802 908 2857 vita
943 2803 1231 2857 hominum
1267 2822 1381 2858 non

230 2874 412 2928 omnia
435 2878 680 2945 possunt
717 2892 786 2928 ex
813 2880 946 2929 voto
984 2875 1178 2930 cedere
1217 2876 1379 2946 (25—

227 2942 344 3010 29);
391 2946 492 3000 sed
543 2945 660 3001 alia
710 2946 836 3000 aliis
880 2946 1028 3001 bona
1077 2945 1196 3000 fato
1245 2947 1378 3002 data

229 3020 366 3069 sunt.
441 3016 611 3085 Quod
649 3035 816 3087 quam
850 3034 1048 3072 verum
1083 3018 1157 3071 sit
1195 3036 1374 3073 exem-

229 3085 330 3151 plis
381 3087 724 3143 illustratur.
795 3088 886 3143 Sic
944 3090 1200 3159 procedit
1255 3107 1375 3144 sen·

229 3158 533 3215 tentiamm
569 3162 759 3227 series,
792 3178 936 3231 quae
971 3162 1054 3215 ita
1091 3178 1375 3230 compara·

231 3230 316 3281 tae
351 3236 501 3301 sunt,
539 3237 610 3286 ut
644 3232 828 3301 prima
865 3236 924 3286 et
966 3232 1167 3286 ultima
1214 3233 1374 3288 binas

230 3297 468 3357 habeant
505 3302 786 3373 strophas,
827 3304 1077 3373 reliquae
1112 3305 1374 3376 singulae.

231 3366 526 3430 Praeterea
574 3374 718 3438 vide,
758 3394 925 3445 quam
970 3376 1194 3447 egregie
1231 3380 1373 3431 stro-

233 3440 367 3507 phae
413 3447 465 3497 4:
505 3448 557 3501 6.
601 3448 636 3500 8
683 3447 986 3501 sententias
1034 3448 1374 3515 cont-ineant,

232 3528 366 3579 quae
420 3517 887 3587 praecedentibus
942 3518 1186 3589 strophis
1233 3522 1282 3573 3.
1322 3522 1371 3572 5.

233 3582 262 3633 7
313 3591 630 3645 contrariae
685 3591 812 3644 sint.
888 3589 1066 3659 Caput
1113 3590 1374 3645 carminis

233 3658 506 3725 reperitur
531 3662 592 3716 in
615 3660 726 3717 fine
749 3661 956 3731 prioris
983 3662 1162 3732 partis
1192 3666 1260 3727 (v.
1291 3664 1370 3715 19.

233 3724 336 3808 20).
357 3759 422 3769 —
445 3732 730 3802 Scriptum
756 3740 842 3788 est
866 3750 1086 3788 carmen
1115 3734 1187 3788 ad
1209 3732 1371 3788 Pom-

237 3812 414 3863 peium
475 3804 811 3874 Grosphum,
871 3806 1113 3874 equitem
1169 3804 1371 3859 Roma-

237 3883 362 3923 num
407 3872 768 3941 Siciliensem,
825 3876 894 3931 de
951 3893 1060 3944 quo
1109 3875 1292 3946 Epist.
1328 3877 1372 3943 I,

239 3938 318 4005 12,
361 3939 447 3999 22.
523 3946 644 4014 Quo
705 3964 850 4002 anno
905 3948 1041 4002 haec
1100 3948 1370 4003 Horatius

239 4012 1370 4161 zoeggniiirggllldgiltililiaguli‘id’sengffettdltlttstuffi

239 4148 494 4215 Sabinum
519 4162 841 4231 praedium3
878 4162 1070 4232 itaque
1101 4163 1370 4233 scriptum

242 4228 318 4275 est
350 4237 476 4295 post
512 4251 558 4287 a.
599 4234 716 4288 722.

303 4293 365 4350 V.
401 4302 448 4353 1.
488 4302 688 4373 Otium]
725 4303 906 4359 Huius
929 4304 1190 4360 vocabuli
1214 4307 1371 4360 notio

245 4370 655 4449 epm-latissima
677 4378 770 4439 sit,
798 4377 934 4447 quid
965 4378 1200 4448 singulis
1235 4378 1370 4431 locis

243 4438 506 4520 Slgqlficet
548 4462 614 4501 ex
661 4448 1064 4503 sententiarum
1115 4450 1267 4503 omni
1315 4454 1372 4504 et

244 4517 615 4574 conmnctione
669 4524 726 4573 et
781 4519 1156 4589 discrepantia
1212 4522 1369 4589 quasi

248 4584 460 4638 eruatur
498 4596 732 4659 oportet.
779 4590 923 4647 Nam
959 4609 1086 4647 cum
1127 4610 1252 4647 eum
1289 4593 1370 4647 vi·

1486 1665 1579 1713 tae
1616 1663 1826 1714 statum
1864 1658 2091 1727 indicet,
2130 1676 2239 1729 quo
2286 1659 2423 1729 quid
2470 1659 2635 1715 facia-

1486 1749 1610 1785 mus
1656 1731 1793 1799 quid
1844 1748 1956 1785 non
2001 1730 2275 1785 faciamus
2321 1731 2380 1785 in
2439 1737 2631 1786 nostro

1485 1804 1715 1857 omnino
1755 1802 1962 1857 iudicio
1989 1802 2079 1855 vel
2116 1802 2355 1856 arbitrio
2390 1804 2636 1872 positum

1487 1880 1591 1941 est,
1640 1892 1751 1943 quo
1799 1874 1969 1928 nullis
2006 1892 2077 1929 ne
2114 1874 2364 1927 minimis
2410 1874 2635 1943 quidem

1488 1946 1636 1999 curis
1670 1950 1770 2000 aut
1806 1946 1980 2001 animi
2011 1950 2108 2000 aut
2138 1946 2387 2014 corporis
2407 1946 2499 2000 vel
2520 1951 2635 2000 tra-

1487 2017 1675 2071 himur
1721 2017 1793 2071 ad
1840 2021 2051 2071 certam
2088 2034 2209 2071 rem
2248 2017 2335 2071 vel
2373 2017 2633 2072 distrahi·

1486 2107 1630 2155 mur,
1668 2090 2015 2143 contrarium
2051 2088 2159 2143 hoc
2181 2088 2513 2143 vocabulum
2552 2092 2636 2143 est

1485 2160 1733 2285 iss:
1780 2235 2413 2285 ..m
2466 2159 2634 2285 {ss

2416 2270 2430 2293 θ
2618 2271 2633 2301 2

1484 2303 2022 2372 perturbationibus.
2098 2302 2217 2370 Quo
2275 2320 2481 2373 magno
2534 2319 2631 2357 no-

1485 2374 1656 2429 tionis
1694 2374 1909 2428 ambitu
1952 2392 2121 2443 quam
2160 2372 2397 2428 mirifice
2433 2374 2492 2428 in
2528 2375 2634 2429 hoc

1487 2446 1733 2500 carmine
1762 2446 2030 2500 Horatius
2060 2463 2185 2499 usus
2212 2446 2286 2500 sit
2318 2444 2447 2500 nolo
2474 2462 2632 2515 prae-

1484 2518 1853 2573 termittatur.
1907 2548 1977 2557 —-
2030 2518 2275 2587 patent-2]
2334 2521 2635 2586 utrumque

1483 2593 1637 2644 recte
1692 2589 1957 2644 scribitur
2003 2594 2230 2657 patente
2293 2594 2351 2642 et
2402 2588 2633 2658 patenti.

1485 2660 1556 2716 cf.
1608 2662 1787 2715 Carm.
1826 2660 1870 2728 Ι,
1908 2662 1961 2728 2,
1998 2662 2051 2713 2.
2096 2659 2141 2728 Ι,
2178 2660 2266 2727 25,
2306 2662 2387 2713 17.
2437 2660 2508 2723 Π,
2552 2662 2633 2725 19,

1485 2736 1546 2801 53
1616 2732 1722 2787 hoc
1776 2738 1964 2785 tamen
2024 2731 2147 2785 loco
2210 2731 2368 2785 codd.
2413 2732 2637 2801 patenti

1481 2804 1709 2859 habent.
1748 2832 1815 2843 —-
1867 2802 2103 2873 Aeyaeo]
2142 2802 2441 2857 Poetarum
2477 2820 2634 2858 more

1483 2893 1597 2929 non
1632 2875 1952 2931 universum
1990 2891 2143 2927 mare
2168 2874 2498 2941 nominavit,
2536 2873 2631 2928 sed

1483 2948 1797 3016 exemplum
1819 2946 1953 3000 satis
1975 2946 2334 3001 celebratum.
2356 2944 2427 3000 cf.
2449 2945 2631 3000 Carm.

1481 3018 1583 3085 ΙΙΙ,
1631 3020 1717 3085 29,
1764 3019 1851 3071 63.
1910 3047 1978 3056 -
2033 3022 2182 3071 certa
2234 3015 2443 3087 sidera]
2500 3034 2632 3072 nam

1485 3089 1732 3159 „ducunt
1780 3088 2069 3143 instabiles
2117 3088 2301 3142 sidera
2347 3092 2500 3143 certa
2545 3106 2631 3142 ra·

1482 3160 1599 3215 tes“
1658 3159 1865 3215 Tibull.
1910 3160 1955 3229 1,
2004 3162 2055 3230 9,
2108 3161 2189 3214 10.
2266 3188 2327 3199 -
2404 3159 2631 3230 Thrace]

1474 3232 1697 3300 *Graeca
1736 3232 1919 3285 forma
1956 3233 2015 3285 in
2051 3230 2391 3286 carminibus
2418 3230 2511 3299 (cf.
2532 3230 2631 3299 111,

1483 3306 1571 3370 25,
1612 3304 1724 3373 11),
1774 3304 1951 3357 latina
1988 3304 2048 3356 in
2086 3302 2343 3373 epistulis
2378 3320 2509 3357 usus
2547 3309 2633 3357 est

1482 3376 1608 3445 (Ep.
1648 3375 1691 3441 Ι,
1729 3376 1779 3439 3,
1822 3376 1871 3428 3.
1910 3376 1995 3441 16,
2039 3374 2141 3443 13).
2183 3402 2249 3414 --
2288 3372 2463 3443 Medi]
2501 3372 2630 3428 Par-

1482 3446 1589 3501 thi.
1627 3448 1698 3500 cf.
1740 3446 1920 3501 Carm-
1958 3446 2003 3514 Ι,
2042 3446 2129 3511 29,
2169 3449 2219 3499 4.

1556 3518 1623 3571 V.
1662 3520 1711 3571 9.
1775 3516 2078 3572 consularis
2142 3516 2321 3586 lictor]
2380 3516 2631 3571 homines

1483 3590 1709 3658 quidem
1747 3590 2032 3643 obstantes
2083 3607 2117 3643 a
2154 3588 2447 3643 lictoribus
2486 3606 2629 3643 sum-

1481 3666 1794 3730 moventur,
1832 3678 1943 3715 non
1974 3677 2139 3715 curae
2166 3660 2227 3713 in
2256 3661 2439 3714 animo
2460 3660 2631 3715 etiam

1482 3734 1722 3788 consulis
1741 3733 2078 3787 habitantes.
2102 3762 2168 3770 —-
2188 3733 2445 3801 laqueata
2464 3731 2630 3802 tecta]

1479 3822 1594 3859 non
1632 3805 1805 3859 totius
1844 3804 2059 3871 domus,
2112 3803 2208 3857 sed
2246 3802 2629 3858 cubiculorum

1481 3883 1541 3931 et
1576 3876 1979 3939 tricliniorum;
2036 3876 2103 3929 de
2151 3892 2388 3944 quorum
2424 3879 2629 3929 ornatu

1480 3948 1619 4003 haec
1650 3948 1771 4019 lege
1808 3946 2037 4002 Beckeri
2076 3946 2293 4015 (Gallus
2322 3944 2384 3997 T.
2408 3945 2449 4000 1.
2478 3962 2533 4015 p.
2559 3947 2629 3999 98

1480 4018 1610 4146 {233²
1628 4017 2533 4161 a2333353303530515220m535
2538 4034 2630 4142 3¹5.

1478 4162 1695 4217 Balken
1725 4163 1947 4233 gelegte
1964 4160 2189 4214 Bretter
2213 4159 2480 4231 gebildet.
2518 4160 2629 4214 Um

1479 4235 1649 4288 ihnen
1704 4233 1889 4287 indess
1944 4233 2031 4286 ein
2088 4231 2437 4285 zierlicheres
2485 4234 2627 4285 Aus-

1479 4305 1648 4359 sehen
1686 4323 1753 4358 zu
1788 4305 1985 4375 geben,
2011 4302 2235 4357 machte
2257 4320 2387 4356 man
2418 4302 2627 4373 gleich-

1481 4394 1597 4431 sam
1636 4378 1795 4431 einen
1818 4374 1960 4429 Rost
1994 4392 2108 4428 von
2134 4373 2365 4441 Balken,
2405 4392 2465 4428 so
2501 4374 2627 4428 dass

1479 4447 1745 4503 vertiefte
1792 4446 1996 4501 Felder
2048 4445 2398 4514 entstanden‚
2456 4447 2628 4515 lacus,

1479 4520 1728 4580 lacunar,
1764 4519 2007 4587 laquear.
2072 4516 2237 4571 Diese
2276 4516 2627 4573 Lacunarien

1478 4590 1753 4646 erhielten
1791 4588 2221 4660 mannigfachen
2258 4586 2535 4645 Schmuck
2568 4594 2629 4644 in
