3092 5059
1159 245 1320 312 LIB.
1364 244 1416 310 Ι.
1460 239 1733 308 EPIST.
1777 239 1858 305 Π.

2598 237 2722 302 503

1198 485 1652 570 Ems'rULA
1722 481 1822 564 ΙΙ.

422 663 734 741 Troiani
785 661 974 738 belli
1016 659 1489 755 scriptorem,
1551 657 1884 734 Maxime
1937 657 2164 755 Lolli,

420 792 621 866 Dum
674 803 759 865 tu
806 786 1195 864 declamas
1243 784 1556 878 Romae,
1606 781 2017 860 Praeneste
2069 784 2333 882 relegi,

423 915 575 1010 Qui
596 913 789 1014 quid
811 913 911 990 sit
929 910 1362 1012 pulchrum,
1390 906 1583 1006 quid
1598 920 1846 1008 turpe,
1878 908 2062 1009 quid
2082 910 2291 1007 utile,
2322 910 2514 1011 quid
2535 935 2718 1005 non,

318 1178 457 1234 licet
492 1175 743 1238 consilio,
788 1179 855 1230 ut
890 1173 1045 1230 facili
1090 1190 1263 1244 opera
1300 1173 1473 1228 talem

321 1249 697 1306 obiectionem
738 1245 1146 1302 confutarent.“
1214 1243 1472 1300 Orellius.

322 1321 549 1376 Arrian-
574 1319 761 1390 Epiot.
786 1318 831 1385 I,
853 1320 904 1372 6.
928 1335 990 1388 p.
1016 1320 1113 1372 36:
1154 1321 1303 1387 „Nat
1322 1315 1473 1400 (8315-

314 1409 487 1464 τυχον
544 1387 947 1462 εὐδαιμονίας)
1012 1385 1127 1442 ἀλλ’
1196 1389 1256 1440 αἱ
1312 1388 1475 1458 μυξαι

316 1483 433 1536 μου
469 1465 674 1535 ῥέουσι.
752 1465 915 1520 Τίνος
952 1450 1050 1514 οὖν
1094 1457 1253 1514 ἕνεκα
1286 1464 1476 1529 χεῖρας

318 1537 481 1608 ἔχεις,
518 1527 906 1604 &metiundum
942 1525 1046 1604 οὺχ
1082 1535 1171 1587 ἕνα
1207 1535 1299 1584 καὶ
1338 1525 1474 1584 ἁπο-

319 1601 540 1681 μῦσσῃς
577 1600 859 1660 σεαυτόν.“

662 1717 1004 1788 Epistula
1042 1715 1115 1772 11.

390 1817 543 1872 Data
598 1815 739 1870 haec
782 1817 871 1869 est
919 1813 1158 1884 epistula
1215 1813 1289 1869 ad
1348 1812 1473 1869 Lol·

318 1889 463 1945 lium
497 1887 923 1954 adulescentem,
964 1883 1145 1940 filium
1179 1885 1256 1940 M.
1284 1885 1476 1949 Lollii,

318 1977 487 2032 quem
544 1958 816 2014 Horatius
879 1955 1233 2026 praedicavit
1292 1957 1473 2012 Carm.

316 2032 414 2098 IV,
452 2032 515 2092 9;
580 2029 653 2085 ad
706 2028 940 2085 eundem
996 2029 1255 2084 iuvenem
1310 2028 1475 2084 huius

317 2103 455 2159 libri
500 2101 717 2157 decima
762 2105 965 2156 octava
1016 2105 1115 2155 est.
1190 2097 1299 2168 Qui
1349 2117 1475 2155 cum

317 2193 369 2230 a.
424 2175 531 2231 729
584 2190 727 2257 puer
780 2173 843 2226 in
895 2172 1168 2242 Hispania.
1215 2175 1473 2243 Augusto

319 2247 461 2302 duce
518 2245 821 2300 militasset
878 2243 1083 2314 (Epist.
1128 2244 1175 2310 1,
1230 2243 1315 2312 18,
1362 2244 1475 2314 55),

318 2318 559 2373 Romam
608 2332 867 2371 reversus
910 2313 1263 2384 eloquentiae
1310 2315 1475 2370 laude

318 2394 379 2445 et
438 2389 742 2459 prudentia
804 2387 961 2442 civili
1015 2387 1167 2440 viam
1232 2386 1339 2440 sibi
1401 2388 1475 2443 ad

318 2461 771 2588 ἲέἓοῗῗᾱὲἲαῖθ
788 2457 1067 2585 ‚23331230
1080 2456 1474 2585 h⁰¹ffi¹<3⁰⁸effiss

318 2603 699 2674 intellegenda
722 2607 811 2656 est
832 2602 934 2656 illa
970 2601 1322 2664 declamatio,
1362 2619 1475 2671 qua

318 2675 533 2732 Romae
600 2679 932 2744 occupatum
992 2672 1239 2727 Lollium
1301 2672 1475 2729 fuisse

318 2748 460 2802 dicit
503 2745 671 2801 huius
706 2745 980 2816 epistulae
1014 2762 1067 2800 v.
1106 2747 1158 2798 2.
1234 2743 1316 2798 Cf.
1360 2745 1470 2800 Cic.

319 2819 391 2876 de
426 2819 552 2872 Fin.
589 2818 656 2887 V,
693 2817 747 2879 2,
779 2819 830 2871 5.
904 2815 1033 2886 „Ad
1068 2815 1278 2871 flumen
1314 2817 1475 2872 aiunt

319 2891 637 2946 declamare
672 2889 902 2944 solitum
923 2887 1371 2957 Demosthenem,
1408 2893 1474 2944 ut

318 2961 611 3017 fremitum
656 2963 996 3016 assuesceret
1030 2975 1167 3014 voce
1203 2959 1473 3015 vincere.“

318 3035 437 3088 Iam
479 3051 607 3088 cum
651 3032 893 3104 epistula
930 3030 1115 3085 XVIII
1155 3048 1223 3085 ex
1275 3037 1471 3101 aperto

318 3105 531 3160 indicio
579 3123 633 3160 v.
671 3105 741 3158 56
786 3119 931 3158 anno
977 3102 1190 3171 scripta
1234 3103 1309 3156 sit
1348 3105 1469 3169 734,

320 3177 467 3231 hanc
515 3177 767 3239 alteram,
820 3191 963 3244 quae
1009 3179 1263 3244 tempore
1317 3175 1473 3229 illam

359 3247 655 3303 raecedere
720 3245 1004 3314 videatur,
1066 3246 1227 3299 annis
1288 3249 1469 3301 730-

318 3266 429 3374 3784
498 3317 915 3374 attribuendam
987 3334 1105 3372 esse
1178 3317 1474 3388 probabile

320 3395 432 3462 est3
481 3390 795 3446 accuratius
839 3404 1048 3443 annum
1092 3389 1339 3444 natalem
1376 3389 1473 3443 vix

320 3462 503 3534 possis
583 3460 831 3516 definire.
943 3458 1177 3516 Obban'o
1250 3461 1473 3516 videtur

320 3535 535 3605 scripta
584 3551 702 3588 esse
752 3549 897 3587 anno
936 3533 1061 3598 727,
1094 3548 1221 3586 cum
1258 3531 1473 3587 Lollius

317 3607 473 3660 vitae
530 3622 741 3659 annum
785 3607 979 3675 ageret
1026 3603 1303 3659 decimum
1352 3622 1471 3659 sex·

318 3681 445 3732 tum
498 3677 589 3731 vel
632 3675 949 3747 septimum.
1021 3674 1291 3730 Horatius
1344 3693 1471 3732 cum

318 3748 523 3804 Lolliis
591 3747 795 3803 intima
864 3747 1091 3802 videtur
1156 3747 1328 3803 fuisse
1390 3745 1471 3802 fa-

319 3819 657 3875 miliaritate
728 3819 1078 3887 coniunctus3
1152 3836 1327 3889 quare
1402 3835 1472 3873 ne

320 3891 491 3948 amici
526 3889 662 3955 filio,
699 3889 880 3945 bonae
906 3891 1145 3946 fortasse
1179 3891 1299 3960 spei
1337 3890 1470 3946 adu-

316 3963 567 4031 lescenti,
604 3961 833 4026 deesset,
870 3962 1066 4016 absens
1104 3966 1162 4016 et
1206 3962 1267 4016 in
1304 3961 1470 4017 Prae-

318 4035 542 4090 nestino
582 4049 719 4104 agro
770 4033 1045 4088 rusticans
1090 4032 1195 4088 bac
1230 4034 1472 4104 epistula

318 4106 511 4162 iuveni
571 4105 875 4174 praecepit,
935 4105 1023 4160 cui
1082 4105 1326 4161 maxime
1386 4105 1470 4160 rei

318 4181 549 4250 praeter
597 4175 1024 4231 exercitationes
1072 4175 1291 4232 dicendi
1344 4193 1471 4247 ope-

319 4266 447 4304 ram
470 4249 605 4303 dare
630 4247 877 4303 deberet.
904 4246 1297 4303 Saluberrimis
1323 4249 1470 4303 enim

322 4321 569 4376 consiliis
602 4319 955 4390 egregiisque
976 4321 1291 4389 praeceptis
1320 4320 1471 4376 viam

321 4393 483 4464 quasi
520 4391 572 4446 ei
618 4393 896 4446 monstrat
932 4394 991 4445 et
1034 4391 1325 4459 rationem,
1363 4407 1473 4462 qua

321 4463 397 4520 ad
432 4479 563 4520 vere
598 4461 823 4518 beatam
852 4461 1045 4524 vitam,
1081 4461 1155 4516 ad
1176 4479 1338 4517 veros
1375 4463 1471 4517 ho-

318 4551 505 4603 nores,
565 4533 639 4589 ad
694 4549 831 4589 vera
888 4533 1096 4604 gaudia
1167 4533 1475 4588 certissime

319 4606 502 4678 possit
534 4605 845 4676 pervenire.
917 4605 1038 4661 Iam
1072 4622 1201 4661 cum
1249 4605 1370 4676 ipse
1412 4605 1474 4659 in

1567 1170 1870 1226 solitudine
1914 1171 2128 1227 rustica
2173 1171 2381 1226 litteris
2425 1187 2625 1226 vacare
2663 1174 2720 1225 et

1566 1247 1762 1312 poetas
1798 1243 1982 1314 legere
2019 1243 2226 1298 soleret
2265 1242 2400 1312 (Sat.
2427 1242 2499 1310 11,
2529 1244 2584 1310 3,
2610 1244 2720 1310 11),

1569 1314 1708 1369 scite
1730 1314 2045 1370 doctrinam
2070 1315 2362 1385 coniungit
2384 1331 2507 1368 cum
2527 1313 2718 1368 lectio-

1568 1403 1639 1440 ne
1660 1385 1906 1452 Homeri,
1942 1405 2109 1456 quem
2133 1387 2430 1442 certiorem
2457 1391 2516 1440 et
2540 1386 2719 1456 aptio·

1571 1474 1690 1512 rem
1744 1457 1942 1512 ducem
2003 1458 2075 1512 ad
2124 1461 2336 1512 rectam
2392 1457 2720 1528 intellegen-

1569 1529 1710 1584 tiam
1755 1530 2058 1600 praecipue
2103 1529 2550 1585 adulescentibus
2601 1546 2721 1583 esse

1571 1599 1817 1656 ostendit
1854 1619 2022 1670 quam
2063 1602 2337 1656 maximos
2378 1601 2720 1669 optimorum

1569 1672 2032 1743 philosophorum
2067 1672 2258 1727 h‘bros.
2331 1671 2720 1742 Epistularum

1570 1743 1845 1799 rationem
1893 1750 1951 1799 et
1992 1749 2255 1798 naturam
2309 1744 2452 1798 bene
2501 1759 2718 1797 conser-

1569 1819 1758 1871 vatam
1795 1815 2039 1885 videbis3
2082 1820 2385 1886 praecepta
2421 1815 2571 1870 enim
2607 1831 2721 1868 non

1568 1892 1724 1942 certo
1798 1887 1996 1942 ordine
2012 1927 2026 1950 ‚
2101 1905 2214 1941 non
2286 1887 2516 1958 praevia
2588 1903 2722 1955 qua-

1568 1957 1699 2013 dam
1735 1959 2103 2014 meditatione
2141 1959 2366 2027 dantur,
2404 1957 2500 2012 sed
2537 1959 2619 2012 ita
2656 1961 2722 2012 ut

1570 2047 1637 2084 ex
1675 2030 1933 2086 benevoli
1973 2030 2148 2086 animi
2199 2028 2523 2085 abundante
2558 2029 2721 2114 copia

1569 2119 1668 2156 sua
1705 2103 1864 2171 quasi
1895 2107 2093 2172 sponte
2129 2100 2338 2171 fluunt;
2375 2119 2567 2156 versus
2593 2119 2721 2155 sun·

1567 2173 1740 2298 {ilices
1777 2180 1909 2228 sunt
1944 2179 2002 2230 et
2035 2173 2244 2238 faciles,
2284 2174 2466 2228 ironia
2496 2190 2626 2228 rara
2662 2177 2722 2228 et

1590 2261 1722 2299 ems.

1639 2314 1704 2369 V.
1761 2317 1808 2370 l.
1872 2315 2144 2384 Maxime]
2203 2315 2534 2370 Scribebant
2586 2315 2720 2370 olim

1567 2388 1820 2456 maxime,
1869 2388 2020 2456 quod
2065 2388 2586 2458 interpretabantur
2629 2387 2721 2442 vel

1567 2460 1866 2514 maximum
1907 2464 2050 2514 natu
2093 2459 2182 2513 vel
2229 2461 2468 2514 maximo
2522 2459 2722 2513 honore

1570 2537 1841 2586 ornatum.
1925 2531 2100 2585 Recte
2149 2535 2336 2585 autem
2383 2529 2718 2585 Meinekius:

1569 2602 2316 2743 {manemus
2341 2619 2454 2728 53„
2472 2603 2720 2743 333222112

2703 2712 2717 2741 2

1569 2750 1756 2816 posset
1812 2763 1944 2800 vero
2003 2747 2051 2799 si
2096 2745 2328 2800 dixisset
2385 2749 2554 2814 poeta
2608 2761 2719 2798 ma-

1567 2817 1713 2872 xime
1770 2817 2013 2884 fratrum
2073 2817 2164 2871 vel
2221 2816 2455 2871 maxime
2521 2815 2720 2884 stirpis

1569 2889 1877 2944 Lollianas.
1951 2888 2188 2942 Accedit
2252 2889 2401 2957 quod
2460 2905 2531 2943 ne
2593 2905 2719 2941 con·

1568 2964 1682 3015 stat
1728 2959 1952 3029 quidem
1989 2960 2177 3029 plures
2218 2959 2468 3014 Lollium
2514 2958 2718 3014 fratres

1568 3030 1848 3086 habuisse:
1922 3030 2188 3086 Horatius
2261 3031 2488 3101 quidem
2545 3048 2717 3084 unum

1566 3107 1791 3157 tantum
1837 3107 2110 3157 memorat
2156 3103 2338 3172 Epist.
2380 3103 2428 3171 Ι,
2470 3103 2554 3170 18,
2593 3101 2718 3156 63st

1566 3175 1766 3244 Itaque
1837 3175 2149 3230 Meinekius
2231 3191 2346 3228 non
2417 3173 2717 3236 dubitavit,

1569 3247 1705 3314 quin
1741 3244 1928 3300 Lollio
1967 3245 2213 3300 Maximi
2249 3263 2556 3317 cognomen
2601 3245 2719 3299 fue·

1567 3318 1664 3378 rit,
1739 3335 1866 3372 eum
1905 3335 1976 3372 ue
2048 3318 2226 3372 secuti
2297 3322 2429 3371 sunt
2487 3317 2714 3371 Linker.

1568 3389 1840 3460 Krueger.
1925 3388 2130 3443 oederl.
2170 3389 2467 3443 Duentzer.
2506 3389 2716 3444 Keller.

1567 3459 1762 3514 Lehrs.
1800 3460 2112 3527 Eckstein.;
2159 3478 2273 3515 non
2326 3460 2582 3515 Mueller.
2654 3459 2720 3513 In

1569 3531 2029 3602 inscriptionibus
2067 3537 2126 3586 et
2161 3551 2196 3586 a
2235 3532 2312 3587 ud
2335 3531 2624 3587 Kellerum
2662 3535 2719 3585 ct

1568 3602 1718 3672 apud
1755 3603 2122 3659 Hauthalium
2161 3609 2178 3671 (
2234 3621 2344 3658 om.
2389 3604 2460 3658 11.
2498 3621 2553 3674 p.
2591 3604 2719 3670 374)

1567 3675 1788 3745 saepius
1817 3677 2106 3803 ἷεέἒτιῖὶιι·
2143 3675 2218 3758 cd
2247 3675 2488 3802 ,Βοῖιῑὲιᾶκ
2529 3673 2718 3799 ,Βία-’ἔξ-

1566 3761 1710 3800 mum
1751 3763 1816 3802 ve
2053 3763 2296 3801 ammam
2459 3762 2589 3800 mm.
2677 3765 2718 3799 1-

1568 3818 1780 3872 militer
1815 3816 1977 3873 ovid.
2020 3836 2088 3872 ex
2124 3818 2285 3873 Pont.
2321 3818 2394 3887 11,
2431 3819 2483 3886 8,
2522 3818 2570 3871 2.
2617 3817 2716 3881 111,

1570 3891 1621 3958 δ,
1641 3893 1698 3944 6:
1739 3889 2021 3958 „Maxime
2045 3889 2262 3944 Cotta.“
2301 3889 2498 3944 eodem
2535 3889 2715 3943 nomi-

1567 3979 1703 4015 num
1749 3961 1963 4016 ordine.
2013 3989 2080 4000 -
2133 3961 2446 4030 Praeneste]
2481 3959 2634 4014 Flor.
2673 3960 2717 4028 1,

1570 4036 1653 4097 11,
1677 4035 1735 4086 72
1779 4033 2077 4102 „Aestivae
2097 4033 2394 4087 Praeneste
2431 4031 2718 4099 deliciae,“

1567 4104 1733 4159 hodie
1755 4103 2084 4160 Palestrina.
2122 4105 2196 4161 cf.
2237 4105 2416 4159 Carm.
2441 4103 2541 4171 111,
2560 4105 2716 4170 4,23.

1568 4175 1653 4230 De
1685 4176 1966 4246 particula
1991 4174 2120 4230 dum
2157 4193 2281 4231 cum
2317 4179 2610 4245 praesente
2645 4174 2719 4229 ad

1567 4246 1926 4302 indicandam
1969 4248 2334 4317 praeteritam
2376 4264 2497 4300 rem
2532 4246 2716 4300 Hand.

1568 4317 1730 4374 Turs.
1767 4318 1832 4372 T.
1868 4318 1938 4373 11.
1976 4336 2031 4387 p.
2067 4320 2194 4372 306:
2235 4318 2334 4387 „In
2371 4335 2432 4372 re
2468 4323 2716 4387 praeter-

1567 4392 1667 4460 ita,
1719 4391 1920 4460 inquit,
1975 4389 2258 4444 narranda
2305 4394 2363 4444 et
2409 4388 2480 4443 de
2525 4407 2587 4443 re
2631 4389 2716 4443 fu-

1567 4467 1714 4524 tura,
1745 4462 1844 4517 ubi
1865 4477 1979 4516 non
2002 4465 2155 4515 totus
2181 4478 2368 4515 rerum
2399 4477 2592 4516 cursus
2618 4460 2714 4515 sed

1568 4534 1760 4603 aliqua
1819 4532 1937 4587 eius
2005 4549 2134 4601 pars
2204 4533 2570 4603 intellegitur,
2647 4532 2717 4586 ab

1569 4604 1784 4676 optimo
1852 4619 2074 4675 quoque
2143 4604 2415 4675 scriptore
2485 4604 2717 4674 ponitur
