<?xml version="1.0" encoding="UTF-8"?>
<!DOCTYPE html PUBLIC "-//W3C//DTD XHTML 1.0 Transitional//EN"
    "http://www.w3.org/TR/xhtml1/DTD/xhtml1-transitional.dtd">
<html xmlns="http://www.w3.org/1999/xhtml" xml:lang="en" lang="en">
 <head>
  <title>
</title>
<meta http-equiv="Content-Type" content="text/html;charset=utf-8" />
  <meta name='ocr-system' content='tesseract 3.04.00' />
  <meta name='ocr-capabilities' content='ocr_page ocr_carea ocr_par ocr_line ocrx_word'/>
</head>
<body>
  <div class='ocr_page' id='page_1' title='image "./qhoratiiflaccio05unkngoog/qhoratiiflaccio05unkngoog_0093.png"; bbox 0 0 3092 5059; ppageno 0'>
   <div class='ocr_carea' id='block_1_1' title="bbox 1082 232 2664 305">
    <p class='ocr_par' dir='ltr' id='par_1_1' title="bbox 1082 232 2664 305">
     <span class='ocr_line' id='line_1_1' title="bbox 1082 232 2664 305; baseline 0.001 -1"><span class='ocrx_word' id='word_1_1' title='bbox 1082 236 1243 305; x_wconf 92' lang='lat' dir='ltr'><strong>LIB.</strong></span> <span class='ocrx_word' id='word_1_2' title='bbox 1290 236 1340 303; x_wconf 95' lang='lat' dir='ltr'><strong>I.</strong></span> <span class='ocrx_word' id='word_1_3' title='bbox 1388 232 1640 305; x_wconf 76' lang='lat' dir='ltr'>GARM.</span> <span class='ocrx_word' id='word_1_4' title='bbox 1689 233 1842 303; x_wconf 89' lang='lat' dir='ltr'>XII.</span> <span class='ocrx_word' id='word_1_5' title='bbox 2582 240 2664 305; x_wconf 88' lang='lat'><strong>63</strong></span> 
     </span>
    </p>
   </div>
   <div class='ocr_carea' id='block_1_2' title="bbox 660 424 1970 773">
    <p class='ocr_par' dir='ltr' id='par_1_2' title="bbox 660 424 1970 773">
     <span class='ocr_line' id='line_1_2' title="bbox 660 424 1966 525; baseline -0.001 -24"><span class='ocrx_word' id='word_1_6' title='bbox 660 424 897 503; x_wconf 90' lang='lat' dir='ltr'><strong>Liber</strong></span> <span class='ocrx_word' id='word_1_7' title='bbox 949 440 1029 503; x_wconf 90' lang='lat' dir='ltr'><strong>et</strong></span> <span class='ocrx_word' id='word_1_8' title='bbox 1078 427 1327 503; x_wconf 79' lang='lat' dir='ltr'><strong>saevis</strong></span> <span class='ocrx_word' id='word_1_9' title='bbox 1376 426 1692 501; x_wconf 85' lang='lat' dir='ltr'><strong>inimica</strong></span> <span class='ocrx_word' id='word_1_10' title='bbox 1741 428 1966 525; x_wconf 81' lang='lat' dir='ltr'><strong>virgo</strong></span> 
     </span>
     <span class='ocr_line' id='line_1_3' title="bbox 661 550 1970 628; baseline 0.001 -2"><span class='ocrx_word' id='word_1_11' title='bbox 661 551 924 627; x_wconf 80' lang='lat' dir='ltr'><strong>Beluie</strong></span> <span class='ocrx_word' id='word_1_12' title='bbox 974 577 1118 627; x_wconf 87' lang='lat' dir='ltr'><strong>nec</strong></span> <span class='ocrx_word' id='word_1_13' title='bbox 1166 564 1247 628; x_wconf 84' lang='lat' dir='ltr'><strong>te</strong></span> <span class='ocrx_word' id='word_1_14' title='bbox 1302 550 1710 628; x_wconf 87' lang='lat' dir='ltr'><strong>metuende</strong></span> <span class='ocrx_word' id='word_1_15' title='bbox 1760 562 1970 627; x_wconf 86' lang='lat' dir='ltr'><strong>certa</strong></span> 
     </span>
     <span class='ocr_line' id='line_1_4' title="bbox 862 676 1527 773; baseline -0.002 -21"><span class='ocrx_word' id='word_1_16' title='bbox 862 676 1177 752; x_wconf 91' lang='lat' dir='ltr'><strong>Phoebe</strong></span> <span class='ocrx_word' id='word_1_17' title='bbox 1226 678 1527 773; x_wconf 82' lang='lat' dir='ltr'><strong>sagitta.</strong></span> 
     </span>
    </p>
   </div>
   <div class='ocr_carea' id='block_1_3' title="bbox 585 825 2262 1195">
    <p class='ocr_par' dir='ltr' id='par_1_3' title="bbox 585 825 2262 1195">
     <span class='ocr_line' id='line_1_5' title="bbox 585 825 2262 927; baseline 0.003 -28"><span class='ocrx_word' id='word_1_18' title='bbox 585 858 639 899; x_wconf 60' lang='grc' dir='ltr'><strong>ιε</strong></span> <span class='ocrx_word' id='word_1_19' title='bbox 672 825 940 901; x_wconf 85' lang='lat' dir='ltr'><strong>Dicam</strong></span> <span class='ocrx_word' id='word_1_20' title='bbox 994 839 1070 902; x_wconf 86' lang='lat' dir='ltr'><strong>et</strong></span> <span class='ocrx_word' id='word_1_21' title='bbox 1121 826 1451 901; x_wconf 83' lang='lat' dir='ltr'><strong>Alciden</strong></span> <span class='ocrx_word' id='word_1_22' title='bbox 1502 851 1937 927; x_wconf 87' lang='lat' dir='ltr'><strong>puerosque</strong></span> <span class='ocrx_word' id='word_1_23' title='bbox 1979 828 2262 926; x_wconf 85' lang='lat' dir='ltr'><strong>Ledae,</strong></span> 
     </span>
     <span class='ocr_line' id='line_1_6' title="bbox 664 952 2209 1052; baseline 0.001 -25"><span class='ocrx_word' id='word_1_24' title='bbox 664 952 897 1027; x_wconf 88' lang='lat' dir='ltr'><strong>Hunc</strong></span> <span class='ocrx_word' id='word_1_25' title='bbox 946 954 1188 1052; x_wconf 89' lang='lat' dir='ltr'><strong>equis,</strong></span> <span class='ocrx_word' id='word_1_26' title='bbox 1240 952 1464 1027; x_wconf 89' lang='lat' dir='ltr'>illum</span> <span class='ocrx_word' id='word_1_27' title='bbox 1512 976 1878 1051; x_wconf 84' lang='lat' dir='ltr'><strong>superare</strong></span> <span class='ocrx_word' id='word_1_28' title='bbox 1927 953 2209 1051; x_wconf 80' lang='lat' dir='ltr'>pugnis</span> 
     </span>
     <span class='ocr_line' id='line_1_7' title="bbox 666 1076 2257 1195; baseline 0.002 -44"><span class='ocrx_word' id='word_1_29' title='bbox 666 1076 1063 1173; x_wconf 84' lang='lat' dir='ltr'><strong>Nobilem3</strong></span> <span class='ocrx_word' id='word_1_30' title='bbox 1114 1101 1446 1175; x_wconf 89' lang='lat' dir='ltr'><strong>quorum</strong></span> <span class='ocrx_word' id='word_1_31' title='bbox 1502 1076 1736 1195; x_wconf 86' lang='lat' dir='ltr'><strong>simul</strong></span> <span class='ocrx_word' id='word_1_32' title='bbox 1778 1077 1956 1153; x_wconf 82' lang='lat' dir='ltr'><strong>alba</strong></span> <span class='ocrx_word' id='word_1_33' title='bbox 2007 1078 2257 1154; x_wconf 81' lang='lat' dir='ltr'><strong>nautis</strong></span> 
     </span>
    </p>
   </div>
   <div class='ocr_carea' id='block_1_4' title="bbox 864 1199 1474 1298">
    <p class='ocr_par' dir='ltr' id='par_1_4' title="bbox 864 1199 1474 1298">
     <span class='ocr_line' id='line_1_8' title="bbox 864 1199 1474 1298; baseline -0.007 -21"><span class='ocrx_word' id='word_1_34' title='bbox 864 1200 1105 1277; x_wconf 80' lang='lat' dir='ltr'>Stella</span> <span class='ocrx_word' id='word_1_35' title='bbox 1146 1199 1474 1298; x_wconf 78' lang='lat' dir='ltr'><strong>refulsit,</strong></span> 
     </span>
    </p>
   </div>
   <div class='ocr_carea' id='block_1_5' title="bbox 584 1351 2206 1803">
    <p class='ocr_par' dir='ltr' id='par_1_5' title="bbox 584 1351 2206 1803">
     <span class='ocr_line' id='line_1_9' title="bbox 664 1351 1897 1449; baseline 0.002 -24"><span class='ocrx_word' id='word_1_36' title='bbox 664 1351 949 1429; x_wconf 85' lang='lat' dir='ltr'><strong>Defluit</strong></span> <span class='ocrx_word' id='word_1_37' title='bbox 1000 1352 1203 1427; x_wconf 82' lang='lat' dir='ltr'><strong>saxis</strong></span> <span class='ocrx_word' id='word_1_38' title='bbox 1256 1351 1594 1449; x_wconf 86' lang='lat' dir='ltr'><strong>agitatus</strong></span> <span class='ocrx_word' id='word_1_39' title='bbox 1648 1376 1897 1447; x_wconf 89' lang='lat' dir='ltr'><strong>umor,</strong></span> 
     </span>
     <span class='ocr_line' id='line_1_10' title="bbox 584 1476 2197 1575; baseline 0.005 -28"><span class='ocrx_word' id='word_1_40' title='bbox 584 1509 637 1548; x_wconf 72' lang='lat' dir='ltr'><strong>so</strong></span> <span class='ocrx_word' id='word_1_41' title='bbox 675 1477 1108 1557; x_wconf 87' lang='lat' dir='ltr'><strong>Concidunt</strong></span> <span class='ocrx_word' id='word_1_42' title='bbox 1158 1476 1365 1553; x_wconf 85' lang='lat' dir='ltr'><strong>venti</strong></span> <span class='ocrx_word' id='word_1_43' title='bbox 1420 1476 1884 1575; x_wconf 83' lang='lat' dir='ltr'><strong>fugiuntque</strong></span> <span class='ocrx_word' id='word_1_44' title='bbox 1933 1480 2197 1575; x_wconf 86' lang='lat' dir='ltr'><strong>nubes,</strong></span> 
     </span>
     <span class='ocr_line' id='line_1_11' title="bbox 662 1601 2206 1702; baseline 0.003 -26"><span class='ocrx_word' id='word_1_45' title='bbox 662 1602 761 1677; x_wconf 85' lang='lat' dir='ltr'><strong>Et</strong></span> <span class='ocrx_word' id='word_1_46' title='bbox 810 1604 1094 1698; x_wconf 82' lang='lat' dir='ltr'><strong>minax,</strong></span> <span class='ocrx_word' id='word_1_47' title='bbox 1153 1601 1361 1702; x_wconf 88' lang='lat' dir='ltr'><strong>quod</strong></span> <span class='ocrx_word' id='word_1_48' title='bbox 1418 1602 1525 1677; x_wconf 86' lang='lat' dir='ltr'><strong>sic</strong></span> <span class='ocrx_word' id='word_1_49' title='bbox 1577 1601 1915 1698; x_wconf 86' lang='lat' dir='ltr'><strong>voluere,</strong></span> <span class='ocrx_word' id='word_1_50' title='bbox 1965 1618 2206 1701; x_wconf 88' lang='lat' dir='ltr'><strong>ponto</strong></span> 
     </span>
     <span class='ocr_line' id='line_1_12' title="bbox 862 1726 1547 1803; baseline -0.006 0"><span class='ocrx_word' id='word_1_51' title='bbox 862 1726 1097 1803; x_wconf 85' lang='lat' dir='ltr'><strong>Unda</strong></span> <span class='ocrx_word' id='word_1_52' title='bbox 1148 1728 1547 1803; x_wconf 80' lang='lat' dir='ltr'><strong>recumbit.</strong></span> 
     </span>
    </p>
   </div>
   <div class='ocr_carea' id='block_1_6' title="bbox 582 1876 2454 2226">
    <p class='ocr_par' dir='ltr' id='par_1_6' title="bbox 582 1876 2454 2226">
     <span class='ocr_line' id='line_1_13' title="bbox 668 1876 2321 1977; baseline 0.001 -25"><span class='ocrx_word' id='word_1_53' title='bbox 668 1876 1083 1954; x_wconf 89' lang='lat' dir='ltr'>Romulum</span> <span class='ocrx_word' id='word_1_54' title='bbox 1136 1889 1312 1977; x_wconf 86' lang='lat' dir='ltr'><strong>post</strong></span> <span class='ocrx_word' id='word_1_55' title='bbox 1358 1877 1498 1953; x_wconf 86' lang='lat' dir='ltr'><strong>hos</strong></span> <span class='ocrx_word' id='word_1_56' title='bbox 1552 1876 1787 1975; x_wconf 87' lang='lat' dir='ltr'><strong>prius,</strong></span> <span class='ocrx_word' id='word_1_57' title='bbox 1843 1902 1938 1953; x_wconf 85' lang='lat' dir='ltr'><strong>an</strong></span> <span class='ocrx_word' id='word_1_58' title='bbox 1982 1878 2321 1977; x_wconf 88' lang='lat' dir='ltr'><strong>quietum</strong></span> 
     </span>
     <span class='ocr_line' id='line_1_14' title="bbox 667 2002 2454 2103; baseline 0.001 -26"><span class='ocrx_word' id='word_1_59' title='bbox 667 2002 1003 2101; x_wconf 86' lang='lat' dir='ltr'>Pompili</span> <span class='ocrx_word' id='word_1_60' title='bbox 1052 2028 1377 2099; x_wconf 88' lang='lat' dir='ltr'><strong>regnum</strong></span> <span class='ocrx_word' id='word_1_61' title='bbox 1430 2027 1875 2098; x_wconf 89' lang='lat' dir='ltr'><strong>memorem,</strong></span> <span class='ocrx_word' id='word_1_62' title='bbox 1929 2029 2027 2077; x_wconf 84' lang='lat' dir='ltr'><strong>an</strong></span> <span class='ocrx_word' id='word_1_63' title='bbox 2080 2005 2454 2103; x_wconf 89' lang='lat' dir='ltr'><strong>superbos</strong></span> 
     </span>
     <span class='ocr_line' id='line_1_15' title="bbox 582 2125 2232 2226; baseline 0.003 -29"><span class='ocrx_word' id='word_1_64' title='bbox 582 2158 633 2197; x_wconf 64' lang='lat' dir='ltr'><strong>aa</strong></span> <span class='ocrx_word' id='word_1_65' title='bbox 668 2126 1039 2226; x_wconf 85' lang='lat' dir='ltr'><strong>Tarquini</strong></span> <span class='ocrx_word' id='word_1_66' title='bbox 1089 2130 1358 2223; x_wconf 87' lang='lat' dir='ltr'><strong>fasces,</strong></span> <span class='ocrx_word' id='word_1_67' title='bbox 1418 2125 1710 2223; x_wconf 89' lang='lat' dir='ltr'><strong>dubito,</strong></span> <span class='ocrx_word' id='word_1_68' title='bbox 1765 2154 1864 2203; x_wconf 85' lang='lat' dir='ltr'><strong>an</strong></span> <span class='ocrx_word' id='word_1_69' title='bbox 1919 2126 2232 2205; x_wconf 83' lang='lat' dir='ltr'><strong>Catonis</strong></span> 
     </span>
    </p>
   </div>
   <div class='ocr_carea' id='block_1_7' title="bbox 862 2253 1457 2330">
    <p class='ocr_par' dir='ltr' id='par_1_7' title="bbox 862 2253 1457 2330">
     <span class='ocr_line' id='line_1_16' title="bbox 862 2253 1457 2330; baseline -0.003 -1"><span class='ocrx_word' id='word_1_70' title='bbox 862 2253 1143 2329; x_wconf 82' lang='lat' dir='ltr'>Nobile</span> <span class='ocrx_word' id='word_1_71' title='bbox 1194 2253 1457 2330; x_wconf 90' lang='lat' dir='ltr'><strong>letum.</strong></span> 
     </span>
    </p>
   </div>
   <div class='ocr_carea' id='block_1_8' title="bbox 232 2552 1412 4624">
    <p class='ocr_par' dir='ltr' id='par_1_8' title="bbox 232 2552 1412 4624">
     <span class='ocr_line' id='line_1_17' title="bbox 234 2552 1412 2649; baseline 0.003 -41"><span class='ocrx_word' id='word_1_72' title='bbox 234 2552 473 2649; x_wconf 82' lang='lat' dir='ltr'><strong>Epileg.</strong></span> <span class='ocrx_word' id='word_1_73' title='bbox 518 2571 575 2622; x_wconf 83' lang='lat' dir='ltr'><strong>p.</strong></span> <span class='ocrx_word' id='word_1_74' title='bbox 623 2555 693 2608; x_wconf 79' lang='lat'><strong>48</strong></span> <span class='ocrx_word' id='word_1_75' title='bbox 740 2554 868 2638; x_wconf 84' lang='lat' dir='ltr'>sq.).</span> <span class='ocrx_word' id='word_1_76' title='bbox 924 2584 989 2595; x_wconf 90' lang='lat'><strong>—-</strong></span> <span class='ocrx_word' id='word_1_77' title='bbox 1034 2556 1221 2626; x_wconf 71' lang='lat' dir='ltr'><strong>virqo]</strong></span> <span class='ocrx_word' id='word_1_78' title='bbox 1282 2556 1412 2611; x_wconf 84' lang='lat' dir='ltr'><strong>Dia-</strong></span> 
     </span>
     <span class='ocr_line' id='line_1_18' title="bbox 234 2622 1410 2714; baseline 0.002 -35"><span class='ocrx_word' id='word_1_79' title='bbox 234 2644 329 2695; x_wconf 88' lang='lat' dir='ltr'><strong>na,</strong></span> <span class='ocrx_word' id='word_1_80' title='bbox 396 2626 633 2681; x_wconf 75' lang='lat' dir='ltr'><strong>Graecis</strong></span> <span class='ocrx_word' id='word_1_81' title='bbox 684 2622 853 2695; x_wconf 82' lang='grc' dir='ltr'><strong>Κόρη,</strong></span> <span class='ocrx_word' id='word_1_82' title='bbox 902 2622 1197 2714; x_wconf 74' lang='grc' dir='ltr'><strong><em>Πάρθενος</em></strong></span> <span class='ocrx_word' id='word_1_83' title='bbox 1252 2627 1410 2682; x_wconf 82' lang='lat' dir='ltr'><strong>abso-</strong></span> 
     </span>
     <span class='ocr_line' id='line_1_19' title="bbox 234 2692 1411 2786; baseline 0.003 -36"><span class='ocrx_word' id='word_1_84' title='bbox 234 2697 359 2753; x_wconf 83' lang='lat' dir='ltr'><strong>lute</strong></span> <span class='ocrx_word' id='word_1_85' title='bbox 398 2698 586 2764; x_wconf 81' lang='lat' dir='ltr'><strong>dicta3</strong></span> <span class='ocrx_word' id='word_1_86' title='bbox 638 2701 809 2782; x_wconf 88' lang='lat' dir='ltr'><strong>atque</strong></span> <span class='ocrx_word' id='word_1_87' title='bbox 849 2702 935 2753; x_wconf 87' lang='lat' dir='ltr'><strong>est</strong></span> <span class='ocrx_word' id='word_1_88' title='bbox 978 2692 1234 2786; x_wconf 72' lang='grc' dir='ltr'>’Ἄρτεμις</span> <span class='ocrx_word' id='word_1_89' title='bbox 1267 2702 1411 2771; x_wconf 74' lang='grc' dir='ltr'><em>ἰοχέ-</em></span> 
     </span>
     <span class='ocr_line' id='line_1_20' title="bbox 234 2737 1411 2841; baseline 0.002 -20"><span class='ocrx_word' id='word_1_90' title='bbox 234 2788 385 2839; x_wconf 75' lang='grc' dir='ltr'>αιρα,</span> <span class='ocrx_word' id='word_1_91' title='bbox 454 2737 809 2839; x_wconf 71' lang='grc' dir='ltr'><strong>θηροκτόνος,</strong></span> <span class='ocrx_word' id='word_1_92' title='bbox 884 2776 991 2841; x_wconf 69' lang='grc' dir='ltr'><strong>θηρ</strong></span> <span class='ocrx_word' id='word_1_93' title='bbox 996 2771 1073 2825; x_wconf 83' lang='grc' dir='ltr'><strong>ὢν</strong></span> <span class='ocrx_word' id='word_1_94' title='bbox 1143 2767 1411 2825; x_wconf 76' lang='grc' dir='ltr'><strong><em>ὀλέκουσα</em></strong></span> 
     </span>
     <span class='ocr_line' id='line_1_21' title="bbox 232 2841 1408 2911; baseline 0 -17"><span class='ocrx_word' id='word_1_95' title='bbox 232 2842 523 2909; x_wconf 72' lang='grc' dir='ltr'><strong>γενέθλην</strong></span> <span class='ocrx_word' id='word_1_96' title='bbox 559 2841 745 2909; x_wconf 88' lang='grc' dir='ltr'>(Ηοιιι.</span> <span class='ocrx_word' id='word_1_97' title='bbox 783 2842 839 2896; x_wconf 86' lang='lat' dir='ltr'><strong>h.</strong></span> <span class='ocrx_word' id='word_1_98' title='bbox 877 2842 940 2895; x_wconf 90' lang='lat' dir='ltr'><strong>in</strong></span> <span class='ocrx_word' id='word_1_99' title='bbox 976 2842 1145 2897; x_wconf 84' lang='lat' dir='ltr'><strong>Dian.</strong></span> <span class='ocrx_word' id='word_1_100' title='bbox 1178 2844 1281 2911; x_wconf 82' lang='lat' dir='ltr'><strong>lo),</strong></span> <span class='ocrx_word' id='word_1_101' title='bbox 1320 2862 1408 2895; x_wconf 82' lang='grc' dir='ltr'><strong>κυ-</strong></span> 
     </span>
     <span class='ocr_line' id='line_1_22' title="bbox 234 2908 1411 2983; baseline 0 -16"><span class='ocrx_word' id='word_1_102' title='bbox 234 2916 481 2981; x_wconf 74' lang='grc' dir='ltr'>νηγέτις.</span> <span class='ocrx_word' id='word_1_103' title='bbox 564 2912 771 2983; x_wconf 87' lang='lat' dir='ltr'>Apollo</span> <span class='ocrx_word' id='word_1_104' title='bbox 835 2910 1159 2974; x_wconf 75' lang='grc' dir='ltr'><strong>κλυτότοξος.</strong></span> <span class='ocrx_word' id='word_1_105' title='bbox 1222 2908 1411 2983; x_wconf 79' lang='grc' dir='ltr'><strong><em>ἑκηβό-</em></strong></span> 
     </span>
     <span class='ocr_line' id='line_1_23' title="bbox 238 2978 1411 3054; baseline 0.003 -18"><span class='ocrx_word' id='word_1_106' title='bbox 238 2986 350 3053; x_wconf 73' lang='grc' dir='ltr'><strong>λος,</strong></span> <span class='ocrx_word' id='word_1_107' title='bbox 409 2978 690 3053; x_wconf 75' lang='grc' dir='ltr'><strong><em>ἑκάεργος.</em></strong></span> <span class='ocrx_word' id='word_1_108' title='bbox 756 2986 824 3041; x_wconf 77' lang='lat' dir='ltr'><strong>ef.</strong></span> <span class='ocrx_word' id='word_1_109' title='bbox 886 2985 1067 3040; x_wconf 87' lang='lat' dir='ltr'><strong>Carm.</strong></span> <span class='ocrx_word' id='word_1_110' title='bbox 1118 2984 1215 3054; x_wconf 87' lang='lat' dir='ltr'><strong>IV,</strong></span> <span class='ocrx_word' id='word_1_111' title='bbox 1253 2989 1303 3040; x_wconf 93' lang='lat'><strong>6.</strong></span> <span class='ocrx_word' id='word_1_112' title='bbox 1342 3014 1411 3024; x_wconf 91' lang='lat'><strong>--</strong></span> 
     </span>
     <span class='ocr_line' id='line_1_24' title="bbox 238 3024 1411 3127; baseline 0.002 -18"><span class='ocrx_word' id='word_1_113' title='bbox 238 3024 507 3125; x_wconf 64' lang='lat' dir='ltr'><strong>Alcimena]</strong></span> <span class='ocrx_word' id='word_1_114' title='bbox 553 3056 658 3110; x_wconf 82' lang='lat' dir='ltr'><strong>Est</strong></span> <span class='ocrx_word' id='word_1_115' title='bbox 708 3074 917 3127; x_wconf 80' lang='lat' dir='ltr'><strong>„vagus</strong></span> <span class='ocrx_word' id='word_1_116' title='bbox 955 3057 1275 3125; x_wconf 55' lang='lat' dir='ltr'><strong>Herculesf‘</strong></span> <span class='ocrx_word' id='word_1_117' title='bbox 1313 3058 1411 3126; x_wconf 90' lang='lat' dir='ltr'><strong>qui</strong></span> 
     </span>
     <span class='ocr_line' id='line_1_25' title="bbox 240 3127 1411 3197; baseline 0.002 -17"><span class='ocrx_word' id='word_1_118' title='bbox 240 3127 449 3181; x_wconf 87' lang='lat' dir='ltr'><strong>orbem</strong></span> <span class='ocrx_word' id='word_1_119' title='bbox 514 3132 794 3182; x_wconf 83' lang='lat' dir='ltr'><strong>terrarum</strong></span> <span class='ocrx_word' id='word_1_120' title='bbox 854 3146 1029 3197; x_wconf 85' lang='lat' dir='ltr'><strong>usque</strong></span> <span class='ocrx_word' id='word_1_121' title='bbox 1090 3127 1163 3182; x_wconf 84' lang='lat' dir='ltr'><strong>ad</strong></span> <span class='ocrx_word' id='word_1_122' title='bbox 1208 3133 1411 3183; x_wconf 82' lang='lat' dir='ltr'><strong>extre—</strong></span> 
     </span>
     <span class='ocr_line' id='line_1_26' title="bbox 240 3198 1410 3271; baseline 0.001 -19"><span class='ocrx_word' id='word_1_123' title='bbox 240 3216 365 3253; x_wconf 83' lang='lat' dir='ltr'><strong>mas</strong></span> <span class='ocrx_word' id='word_1_124' title='bbox 421 3214 552 3253; x_wconf 82' lang='lat' dir='ltr'><strong>oras</strong></span> <span class='ocrx_word' id='word_1_125' title='bbox 599 3217 913 3271; x_wconf 73' lang='lat' dir='ltr'><strong>pervagans</strong></span> <span class='ocrx_word' id='word_1_126' title='bbox 966 3201 1163 3254; x_wconf 83' lang='lat' dir='ltr'><strong>noxias</strong></span> <span class='ocrx_word' id='word_1_127' title='bbox 1217 3198 1410 3254; x_wconf 86' lang='lat' dir='ltr'><strong>beluas</strong></span> 
     </span>
     <span class='ocr_line' id='line_1_27' title="bbox 242 3270 1405 3338; baseline 0.002 -15"><span class='ocrx_word' id='word_1_128' title='bbox 242 3274 303 3323; x_wconf 81' lang='lat' dir='ltr'><strong>et</strong></span> <span class='ocrx_word' id='word_1_129' title='bbox 338 3270 495 3325; x_wconf 83' lang='lat' dir='ltr'><strong>feros</strong></span> <span class='ocrx_word' id='word_1_130' title='bbox 526 3270 777 3325; x_wconf 80' lang='lat' dir='ltr'><strong>homines</strong></span> <span class='ocrx_word' id='word_1_131' title='bbox 815 3272 1049 3326; x_wconf 83' lang='lat' dir='ltr'><strong>enecuit.</strong></span> <span class='ocrx_word' id='word_1_132' title='bbox 1092 3300 1156 3310; x_wconf 89' lang='lat'><strong>—</strong></span> <span class='ocrx_word' id='word_1_133' title='bbox 1196 3271 1405 3338; x_wconf 80' lang='lat' dir='ltr'><strong>Ledae]</strong></span> 
     </span>
     <span class='ocr_line' id='line_1_28' title="bbox 238 3339 1411 3398; baseline 0.002 -3"><span class='ocrx_word' id='word_1_134' title='bbox 238 3339 349 3396; x_wconf 85' lang='lat' dir='ltr'>filii</span> <span class='ocrx_word' id='word_1_135' title='bbox 420 3346 555 3395; x_wconf 85' lang='lat' dir='ltr'><strong>sunt</strong></span> <span class='ocrx_word' id='word_1_136' title='bbox 606 3342 802 3397; x_wconf 83' lang='lat' dir='ltr'><strong>Castor</strong></span> <span class='ocrx_word' id='word_1_137' title='bbox 863 3347 921 3398; x_wconf 88' lang='lat' dir='ltr'><strong>et</strong></span> <span class='ocrx_word' id='word_1_138' title='bbox 972 3343 1189 3397; x_wconf 87' lang='lat' dir='ltr'>Pollux.</span> <span class='ocrx_word' id='word_1_139' title='bbox 1246 3342 1411 3397; x_wconf 87' lang='lat' dir='ltr'><strong>Hom.</strong></span> 
     </span>
     <span class='ocr_line' id='line_1_29' title="bbox 242 3412 1409 3483; baseline 0.001 -18"><span class='ocrx_word' id='word_1_140' title='bbox 242 3412 311 3466; x_wconf 86' lang='lat'><strong>11.</strong></span> <span class='ocrx_word' id='word_1_141' title='bbox 348 3412 457 3480; x_wconf 87' lang='grc' dir='ltr'><strong>ΠΙ,</strong></span> <span class='ocrx_word' id='word_1_142' title='bbox 495 3415 620 3467; x_wconf 83' lang='grc'><strong>237.</strong></span> <span class='ocrx_word' id='word_1_143' title='bbox 668 3413 771 3468; x_wconf 89' lang='lat' dir='ltr'><strong>Od.</strong></span> <span class='ocrx_word' id='word_1_144' title='bbox 809 3414 907 3483; x_wconf 88' lang='lat' dir='ltr'><strong>XI,</strong></span> <span class='ocrx_word' id='word_1_145' title='bbox 944 3414 1067 3467; x_wconf 85' lang='grc'><strong>299.</strong></span> <span class='ocrx_word' id='word_1_146' title='bbox 1120 3414 1255 3468; x_wconf 89' lang='lat' dir='ltr'><strong>Hor.</strong></span> <span class='ocrx_word' id='word_1_147' title='bbox 1294 3414 1409 3469; x_wconf 90' lang='lat' dir='ltr'><strong>Sat.</strong></span> 
     </span>
     <span class='ocr_line' id='line_1_30' title="bbox 239 3483 1410 3555; baseline 0.001 -17"><span class='ocrx_word' id='word_1_148' title='bbox 239 3483 315 3553; x_wconf 78' lang='grc' dir='ltr'><strong>ΙΙ,</strong></span> <span class='ocrx_word' id='word_1_149' title='bbox 365 3488 417 3553; x_wconf 90' lang='grc'><strong>1,</strong></span> <span class='ocrx_word' id='word_1_150' title='bbox 460 3486 544 3538; x_wconf 88' lang='grc'><strong>26.</strong></span> <span class='ocrx_word' id='word_1_151' title='bbox 602 3514 671 3525; x_wconf 90' lang='grc'>-</span> <span class='ocrx_word' id='word_1_152' title='bbox 728 3486 853 3541; x_wconf 75' lang='lat' dir='ltr'><strong>alba</strong></span> <span class='ocrx_word' id='word_1_153' title='bbox 908 3484 1087 3555; x_wconf 77' lang='lat' dir='ltr'><strong>stella]</strong></span> <span class='ocrx_word' id='word_1_154' title='bbox 1133 3484 1281 3539; x_wconf 82' lang='lat' dir='ltr'>Vide</span> <span class='ocrx_word' id='word_1_155' title='bbox 1336 3484 1410 3539; x_wconf 87' lang='lat' dir='ltr'><strong>ad</strong></span> 
     </span>
     <span class='ocr_line' id='line_1_31' title="bbox 247 3526 1409 3641; baseline 0 -31"><span class='ocrx_word' id='word_1_156' title='bbox 247 3526 439 3610; x_wconf 77' lang='lat' dir='ltr'><strong>Carni.</strong></span> <span class='ocrx_word' id='word_1_157' title='bbox 476 3556 521 3618; x_wconf 92' lang='grc' dir='ltr'><strong>Ι,</strong></span> <span class='ocrx_word' id='word_1_158' title='bbox 564 3559 618 3625; x_wconf 90' lang='grc'><strong>3,</strong></span> <span class='ocrx_word' id='word_1_159' title='bbox 656 3558 704 3609; x_wconf 87' lang='grc'><strong>2.</strong></span> <span class='ocrx_word' id='word_1_160' title='bbox 782 3556 864 3612; x_wconf 86' lang='lat' dir='ltr'><strong>cf.</strong></span> <span class='ocrx_word' id='word_1_161' title='bbox 900 3556 1181 3612; x_wconf 87' lang='lat' dir='ltr'><strong>Theocrit.</strong></span> <span class='ocrx_word' id='word_1_162' title='bbox 1202 3557 1409 3641; x_wconf 85' lang='lat' dir='ltr'><strong>XXII,</strong></span> 
     </span>
     <span class='ocr_line' id='line_1_32' title="bbox 247 3597 1409 3715; baseline 0.001 -35"><span class='ocrx_word' id='word_1_163' title='bbox 247 3630 319 3681; x_wconf 85' lang='lat'><strong>19</strong></span> <span class='ocrx_word' id='word_1_164' title='bbox 340 3644 455 3697; x_wconf 59' lang='grc' dir='ltr'>εει-τ</span> <span class='ocrx_word' id='word_1_165' title='bbox 495 3597 697 3696; x_wconf 64' lang='lat' dir='ltr'><strong>„Al&#39;tpa</strong></span> <span class='ocrx_word' id='word_1_166' title='bbox 734 3629 787 3681; x_wconf 83' lang='grc' dir='ltr'><strong>δ’</strong></span> <span class='ocrx_word' id='word_1_167' title='bbox 825 3622 1155 3715; x_wconf 73' lang='grc' dir='ltr'><strong><em>ἀπολήγοντ’</em></strong></span> <span class='ocrx_word' id='word_1_168' title='bbox 1193 3646 1409 3700; x_wconf 74' lang='grc' dir='ltr'><strong>ανεμοε,</strong></span> 
     </span>
     <span class='ocr_line' id='line_1_33' title="bbox 243 3694 1407 3787; baseline 0.004 -37"><span class='ocrx_word' id='word_1_169' title='bbox 243 3696 451 3768; x_wconf 79' lang='grc' dir='ltr'>λιπυρα</span> <span class='ocrx_word' id='word_1_170' title='bbox 498 3700 559 3753; x_wconf 80' lang='grc' dir='ltr'><strong>δὲ</strong></span> <span class='ocrx_word' id='word_1_171' title='bbox 608 3694 823 3769; x_wconf 73' lang='grc' dir='ltr'><em>γαλᾶνα</em></span> <span class='ocrx_word' id='word_1_172' title='bbox 864 3694 974 3771; x_wconf 79' lang='lat' dir='ltr'><strong>Au</strong></span> <span class='ocrx_word' id='word_1_173' title='bbox 989 3704 1287 3787; x_wconf 43' lang='grc' dir='ltr'><em>ν’·’πέλαγος</em></span> <span class='ocrx_word' id='word_1_174' title='bbox 1321 3717 1407 3754; x_wconf 79' lang='grc' dir='ltr'><strong>νε·</strong></span> 
     </span>
     <span class='ocr_line' id='line_1_34' title="bbox 248 3766 1411 3843; baseline -0.001 -19"><span class='ocrx_word' id='word_1_175' title='bbox 248 3773 421 3840; x_wconf 65' lang='grc' dir='ltr'>φίλαι</span> <span class='ocrx_word' id='word_1_176' title='bbox 480 3772 543 3825; x_wconf 74' lang='grc' dir='ltr'><strong>δὲ</strong></span> <span class='ocrx_word' id='word_1_177' title='bbox 606 3773 761 3840; x_wconf 74' lang='grc' dir='ltr'><strong>διέδρ</strong></span> <span class='ocrx_word' id='word_1_178' title='bbox 730 3789 913 3843; x_wconf 83' lang='grc' dir='ltr'><strong><em>ραμον</em></strong></span> <span class='ocrx_word' id='word_1_179' title='bbox 979 3767 1195 3830; x_wconf 77' lang='grc' dir='ltr'><strong><em>ἄλλυδις</em></strong></span> <span class='ocrx_word' id='word_1_180' title='bbox 1252 3766 1411 3825; x_wconf 74' lang='grc' dir='ltr'>ἄλλαι</span> 
     </span>
     <span class='ocr_line' id='line_1_35' title="bbox 250 3842 1409 3913; baseline 0 -16"><span class='ocrx_word' id='word_1_181' title='bbox 250 3870 315 3881; x_wconf 89' lang='lat'><strong>·-—</strong></span> <span class='ocrx_word' id='word_1_182' title='bbox 374 3842 523 3913; x_wconf 74' lang='lat' dir='ltr'><strong>quod</strong></span> <span class='ocrx_word' id='word_1_183' title='bbox 582 3842 685 3913; x_wconf 74' lang='lat' dir='ltr'><strong>sic]</strong></span> <span class='ocrx_word' id='word_1_184' title='bbox 744 3844 835 3898; x_wconf 86' lang='lat' dir='ltr'><strong>Sic</strong></span> <span class='ocrx_word' id='word_1_185' title='bbox 886 3848 1039 3898; x_wconf 87' lang='lat' dir='ltr'><strong>recte</strong></span> <span class='ocrx_word' id='word_1_186' title='bbox 1094 3844 1153 3897; x_wconf 90' lang='lat' dir='ltr'><strong>in</strong></span> <span class='ocrx_word' id='word_1_187' title='bbox 1216 3844 1409 3913; x_wconf 82' lang='lat' dir='ltr'><strong>paucis</strong></span> 
     </span>
     <span class='ocr_line' id='line_1_36' title="bbox 250 3913 1408 3985; baseline 0.001 -17"><span class='ocrx_word' id='word_1_188' title='bbox 250 3914 483 3981; x_wconf 84' lang='lat' dir='ltr'><strong>quidem</strong></span> <span class='ocrx_word' id='word_1_189' title='bbox 492 3913 679 3969; x_wconf 60' lang='lat' dir='ltr'><strong>codd:</strong></span> <span class='ocrx_word' id='word_1_190' title='bbox 664 3915 910 3985; x_wconf 90' lang='lat' dir='ltr'><strong>,optimi,</strong></span> <span class='ocrx_word' id='word_1_191' title='bbox 924 3914 1095 3969; x_wconf 86' lang='lat' dir='ltr'><strong>etiam</strong></span> <span class='ocrx_word' id='word_1_192' title='bbox 1106 3915 1408 3983; x_wconf 88' lang='lat' dir='ltr'><strong>Blandinii,</strong></span> 
     </span>
     <span class='ocr_line' id='line_1_37' title="bbox 248 3983 1409 4055; baseline 0 -15"><span class='ocrx_word' id='word_1_193' title='bbox 248 3983 465 4040; x_wconf 81' lang='lat' dir='ltr'><strong>habent</strong></span> <span class='ocrx_word' id='word_1_194' title='bbox 486 3986 632 4055; x_wconf 74' lang='lat' dir='ltr'><strong>quia,</strong></span> <span class='ocrx_word' id='word_1_195' title='bbox 665 3986 762 4041; x_wconf 83' lang='lat' dir='ltr'>alii</span> <span class='ocrx_word' id='word_1_196' title='bbox 788 3986 850 4039; x_wconf 76' lang='lat' dir='ltr'><strong>di</strong></span> <span class='ocrx_word' id='word_1_197' title='bbox 876 3986 976 4055; x_wconf 69' lang='lat' dir='ltr'><strong>sic,</strong></span> <span class='ocrx_word' id='word_1_198' title='bbox 1006 4002 1136 4041; x_wconf 80' lang='lat' dir='ltr'><strong>nam</strong></span> <span class='ocrx_word' id='word_1_199' title='bbox 1162 3986 1256 4052; x_wconf 73' lang='lat' dir='ltr'><strong>sie,</strong></span> <span class='ocrx_word' id='word_1_200' title='bbox 1288 4004 1409 4041; x_wconf 80' lang='lat' dir='ltr'><strong>cum</strong></span> 
     </span>
     <span class='ocr_line' id='line_1_38' title="bbox 251 4026 1408 4129; baseline 0.001 -19"><span class='ocrx_word' id='word_1_201' title='bbox 251 4057 350 4110; x_wconf 67' lang='lat' dir='ltr'><strong>cic.</strong></span> <span class='ocrx_word' id='word_1_202' title='bbox 402 4056 562 4127; x_wconf 73' lang='lat' dir='ltr'><strong>Quod</strong></span> <span class='ocrx_word' id='word_1_203' title='bbox 598 4056 717 4127; x_wconf 78' lang='lat' dir='ltr'>(qd)</span> <span class='ocrx_word' id='word_1_204' title='bbox 764 4064 825 4113; x_wconf 84' lang='lat' dir='ltr'><strong>et</strong></span> <span class='ocrx_word' id='word_1_205' title='bbox 860 4026 1007 4129; x_wconf 66' lang='lat' dir='ltr'><strong>Qui’a</strong></span> <span class='ocrx_word' id='word_1_206' title='bbox 1044 4058 1167 4127; x_wconf 73' lang='lat' dir='ltr'><strong>(qa)</strong></span> <span class='ocrx_word' id='word_1_207' title='bbox 1204 4058 1408 4127; x_wconf 82' lang='lat' dir='ltr'><strong>saepis·</strong></span> 
     </span>
     <span class='ocr_line' id='line_1_39' title="bbox 254 4127 1408 4185; baseline 0.002 -4"><span class='ocrx_word' id='word_1_208' title='bbox 254 4128 395 4183; x_wconf 80' lang='lat' dir='ltr'><strong>sime</strong></span> <span class='ocrx_word' id='word_1_209' title='bbox 416 4127 854 4183; x_wconf 82' lang='lat' dir='ltr'><strong>confunduntur.</strong></span> <span class='ocrx_word' id='word_1_210' title='bbox 890 4128 982 4185; x_wconf 81' lang='lat' dir='ltr'><strong>Sic</strong></span> <span class='ocrx_word' id='word_1_211' title='bbox 1004 4128 1066 4184; x_wconf 74' lang='lat' dir='ltr'><strong>di</strong></span> <span class='ocrx_word' id='word_1_212' title='bbox 1090 4148 1215 4185; x_wconf 84' lang='lat' dir='ltr'><strong>cum</strong></span> <span class='ocrx_word' id='word_1_213' title='bbox 1240 4128 1408 4184; x_wconf 89' lang='lat' dir='ltr'><strong>Bent-</strong></span> 
     </span>
     <span class='ocr_line' id='line_1_40' title="bbox 250 4198 1407 4271; baseline 0.002 -18"><span class='ocrx_word' id='word_1_214' title='bbox 250 4198 359 4253; x_wconf 83' lang='lat' dir='ltr'>leio</span> <span class='ocrx_word' id='word_1_215' title='bbox 410 4198 696 4254; x_wconf 81' lang='lat' dir='ltr'><strong>Eokstein.</strong></span> <span class='ocrx_word' id='word_1_216' title='bbox 742 4207 801 4255; x_wconf 88' lang='lat' dir='ltr'><strong>et</strong></span> <span class='ocrx_word' id='word_1_217' title='bbox 844 4200 1067 4255; x_wconf 81' lang='lat' dir='ltr'>Miiller.</span> <span class='ocrx_word' id='word_1_218' title='bbox 1128 4202 1407 4271; x_wconf 88' lang='lat' dir='ltr'><strong>praetule-</strong></span> 
     </span>
     <span class='ocr_line' id='line_1_41' title="bbox 251 4272 1407 4339; baseline 0.002 -16"><span class='ocrx_word' id='word_1_219' title='bbox 251 4274 405 4339; x_wconf 85' lang='lat' dir='ltr'><strong>runt,</strong></span> <span class='ocrx_word' id='word_1_220' title='bbox 444 4276 645 4327; x_wconf 84' lang='lat' dir='ltr'><strong>eontra</strong></span> <span class='ocrx_word' id='word_1_221' title='bbox 682 4272 930 4327; x_wconf 89' lang='lat' dir='ltr'><strong>omnium</strong></span> <span class='ocrx_word' id='word_1_222' title='bbox 970 4272 1129 4327; x_wconf 88' lang='lat' dir='ltr'><strong>codd.</strong></span> <span class='ocrx_word' id='word_1_223' title='bbox 1168 4272 1407 4327; x_wconf 88' lang='lat' dir='ltr'><strong>auctori-</strong></span> 
     </span>
     <span class='ocr_line' id='line_1_42' title="bbox 250 4311 1408 4414; baseline 0.002 -19"><span class='ocrx_word' id='word_1_224' title='bbox 250 4311 453 4409; x_wconf 59' lang='lat' dir='ltr'><strong>tanain</strong></span> <span class='ocrx_word' id='word_1_225' title='bbox 488 4360 597 4399; x_wconf 86' lang='lat' dir='ltr'><strong>nec</strong></span> <span class='ocrx_word' id='word_1_226' title='bbox 614 4345 793 4414; x_wconf 79' lang='lat' dir='ltr'><strong>magis</strong></span> <span class='ocrx_word' id='word_1_227' title='bbox 812 4342 951 4398; x_wconf 86' lang='lat' dir='ltr'><strong>ferri</strong></span> <span class='ocrx_word' id='word_1_228' title='bbox 969 4349 1156 4413; x_wconf 82' lang='lat' dir='ltr'><strong>potest</strong></span> <span class='ocrx_word' id='word_1_229' title='bbox 1174 4344 1408 4399; x_wconf 71' lang='lat' dir='ltr'><strong>Krem-</strong></span> 
     </span>
     <span class='ocr_line' id='line_1_43' title="bbox 250 4412 1410 4485; baseline 0.002 -18"><span class='ocrx_word' id='word_1_230' title='bbox 250 4412 357 4467; x_wconf 73' lang='lat' dir='ltr'><strong>len&#39;</strong></span> <span class='ocrx_word' id='word_1_231' title='bbox 380 4414 529 4469; x_wconf 79' lang='lat' dir='ltr'><strong>coni.</strong></span> <span class='ocrx_word' id='word_1_232' title='bbox 554 4430 729 4485; x_wconf 70' lang='lat' dir='ltr'><strong>quom,</strong></span> <span class='ocrx_word' id='word_1_233' title='bbox 754 4433 865 4485; x_wconf 85' lang='lat' dir='ltr'><strong>qua</strong></span> <span class='ocrx_word' id='word_1_234' title='bbox 900 4414 1083 4470; x_wconf 84' lang='lat' dir='ltr'><strong>forma</strong></span> <span class='ocrx_word' id='word_1_235' title='bbox 1120 4414 1245 4485; x_wconf 87' lang='lat' dir='ltr'><strong>(pro</strong></span> <span class='ocrx_word' id='word_1_236' title='bbox 1266 4415 1410 4485; x_wconf 81' lang='lat' dir='ltr'><strong>cum)</strong></span> 
     </span>
     <span class='ocr_line' id='line_1_44' title="bbox 253 4482 1403 4542; baseline 0.003 -5"><span class='ocrx_word' id='word_1_237' title='bbox 253 4482 521 4539; x_wconf 74' lang='lat' dir='ltr'>Horatius</span> <span class='ocrx_word' id='word_1_238' title='bbox 569 4502 684 4539; x_wconf 87' lang='lat' dir='ltr'><strong>non</strong></span> <span class='ocrx_word' id='word_1_239' title='bbox 726 4486 950 4541; x_wconf 83' lang='lat' dir='ltr'><strong>videtur</strong></span> <span class='ocrx_word' id='word_1_240' title='bbox 998 4504 1131 4542; x_wconf 84' lang='lat' dir='ltr'><strong>usus</strong></span> <span class='ocrx_word' id='word_1_241' title='bbox 1168 4502 1300 4541; x_wconf 81' lang='lat' dir='ltr'><strong>esse.</strong></span> <span class='ocrx_word' id='word_1_242' title='bbox 1346 4516 1403 4527; x_wconf 88' lang='lat'><em>-</em></span> 
     </span>
     <span class='ocr_line' id='line_1_45' title="bbox 253 4557 1410 4624; baseline 0 -13"><span class='ocrx_word' id='word_1_243' title='bbox 253 4562 419 4623; x_wconf 73' lang='lat' dir='ltr'><strong>ponto</strong></span> <span class='ocrx_word' id='word_1_244' title='bbox 457 4557 751 4624; x_wconf 70' lang='lat' dir='ltr'><strong>reambit]</strong></span> <span class='ocrx_word' id='word_1_245' title='bbox 804 4557 978 4613; x_wconf 83' lang='lat' dir='ltr'><strong>Poeta</strong></span> <span class='ocrx_word' id='word_1_246' title='bbox 1022 4558 1131 4614; x_wconf 88' lang='lat' dir='ltr'><strong>hoc</strong></span> <span class='ocrx_word' id='word_1_247' title='bbox 1177 4558 1410 4613; x_wconf 80' lang='lat' dir='ltr'><strong>verbum</strong></span> 
     </span>
    </p>
   </div>
   <div class='ocr_carea' id='block_1_9' title="bbox 1501 2554 2664 4626">
    <p class='ocr_par' dir='ltr' id='par_1_9' title="bbox 1502 2554 2663 2770">
     <span class='ocr_line' id='line_1_46' title="bbox 1502 2554 2663 2624; baseline 0 -15"><span class='ocrx_word' id='word_1_248' title='bbox 1502 2556 1588 2610; x_wconf 84' lang='lat' dir='ltr'><strong>ita</strong></span> <span class='ocrx_word' id='word_1_249' title='bbox 1628 2572 1756 2611; x_wconf 89' lang='lat' dir='ltr'><strong>cum</strong></span> <span class='ocrx_word' id='word_1_250' title='bbox 1781 2555 1973 2610; x_wconf 81' lang='lat' dir='ltr'><strong>dativo</strong></span> <span class='ocrx_word' id='word_1_251' title='bbox 2013 2555 2320 2624; x_wconf 87' lang='lat' dir='ltr'><strong>coniunxit,</strong></span> <span class='ocrx_word' id='word_1_252' title='bbox 2356 2560 2422 2608; x_wconf 92' lang='lat' dir='ltr'><strong>ut</strong></span> <span class='ocrx_word' id='word_1_253' title='bbox 2454 2554 2663 2609; x_wconf 76' lang='lat' dir='ltr'><strong>incum-</strong></span> 
     </span>
     <span class='ocr_line' id='line_1_47' title="bbox 1502 2626 2661 2697; baseline -0.005 -14"><span class='ocrx_word' id='word_1_254' title='bbox 1502 2629 1621 2683; x_wconf 78' lang='lat' dir='ltr'><strong>bere</strong></span> <span class='ocrx_word' id='word_1_255' title='bbox 1668 2628 1728 2681; x_wconf 89' lang='lat' dir='ltr'><strong>in</strong></span> <span class='ocrx_word' id='word_1_256' title='bbox 1765 2627 2013 2697; x_wconf 75' lang='lat' dir='ltr'><strong>pedestri</strong></span> <span class='ocrx_word' id='word_1_257' title='bbox 2050 2627 2317 2681; x_wconf 80' lang='lat' dir='ltr'><strong>oratione.</strong></span> <span class='ocrx_word' id='word_1_258' title='bbox 2384 2626 2455 2681; x_wconf 85' lang='lat' dir='ltr'><strong>cf.</strong></span> <span class='ocrx_word' id='word_1_259' title='bbox 2491 2626 2661 2697; x_wconf 84' lang='lat' dir='ltr'><strong>Verg.</strong></span> 
     </span>
     <span class='ocr_line' id='line_1_48' title="bbox 1506 2698 1954 2770; baseline 0 -17"><span class='ocrx_word' id='word_1_260' title='bbox 1506 2698 1710 2770; x_wconf 84' lang='lat' dir='ltr'><strong>Georg.</strong></span> <span class='ocrx_word' id='word_1_261' title='bbox 1750 2699 1792 2765; x_wconf 86' lang='lat'><strong>1,</strong></span> <span class='ocrx_word' id='word_1_262' title='bbox 1833 2700 1954 2753; x_wconf 87' lang='lat'><strong>401.</strong></span> 
     </span>
    </p>

    <p class='ocr_par' dir='ltr' id='par_1_10' title="bbox 1501 2769 2664 4626">
     <span class='ocr_line' id='line_1_49' title="bbox 1574 2769 2660 2840; baseline -0.001 -16"><span class='ocrx_word' id='word_1_263' title='bbox 1574 2769 1640 2825; x_wconf 62' lang='lat' dir='ltr'><strong>Va</strong></span> <span class='ocrx_word' id='word_1_264' title='bbox 1682 2772 1763 2825; x_wconf 86' lang='lat'><strong>33.</strong></span> <span class='ocrx_word' id='word_1_265' title='bbox 1840 2771 1925 2824; x_wconf 91' lang='lat' dir='ltr'><strong>De</strong></span> <span class='ocrx_word' id='word_1_266' title='bbox 1953 2770 2194 2825; x_wconf 89' lang='lat' dir='ltr'><strong>Romulo</strong></span> <span class='ocrx_word' id='word_1_267' title='bbox 2232 2775 2289 2825; x_wconf 90' lang='lat' dir='ltr'><strong>et</strong></span> <span class='ocrx_word' id='word_1_268' title='bbox 2313 2770 2498 2825; x_wconf 85' lang='lat' dir='ltr'><strong>Numa</strong></span> <span class='ocrx_word' id='word_1_269' title='bbox 2537 2770 2660 2840; x_wconf 86' lang='lat' dir='ltr'><strong>lege</strong></span> 
     </span>
     <span class='ocr_line' id='line_1_50' title="bbox 1504 2840 2664 2912; baseline 0.001 -18"><span class='ocrx_word' id='word_1_270' title='bbox 1504 2840 1732 2896; x_wconf 83' lang='lat' dir='ltr'><strong>Livium</strong></span> <span class='ocrx_word' id='word_1_271' title='bbox 1771 2840 1817 2909; x_wconf 91' lang='lat'><strong>1,</strong></span> <span class='ocrx_word' id='word_1_272' title='bbox 1856 2844 1921 2895; x_wconf 87' lang='grc'><strong>21</strong></span> <span class='ocrx_word' id='word_1_273' title='bbox 1959 2841 2055 2896; x_wconf 86' lang='lat' dir='ltr'><strong>fin.</strong></span> <span class='ocrx_word' id='word_1_274' title='bbox 2097 2870 2162 2880; x_wconf 94' lang='lat'><strong>—</strong></span> <span class='ocrx_word' id='word_1_275' title='bbox 2213 2841 2506 2912; x_wconf 74' lang='lat' dir='ltr'><strong>Tarquini]</strong></span> <span class='ocrx_word' id='word_1_276' title='bbox 2556 2840 2664 2895; x_wconf 86' lang='lat' dir='ltr'><strong>Est</strong></span> 
     </span>
     <span class='ocr_line' id='line_1_51' title="bbox 1504 2912 2660 2983; baseline 0.001 -16"><span class='ocrx_word' id='word_1_277' title='bbox 1504 2912 1846 2983; x_wconf 85' lang='lat' dir='ltr'><strong>Tarquinius</strong></span> <span class='ocrx_word' id='word_1_278' title='bbox 1901 2912 2202 2983; x_wconf 86' lang='lat' dir='ltr'><strong>Superbus,</strong></span> <span class='ocrx_word' id='word_1_279' title='bbox 2257 2914 2328 2968; x_wconf 89' lang='lat' dir='ltr'><strong>de</strong></span> <span class='ocrx_word' id='word_1_280' title='bbox 2383 2930 2494 2982; x_wconf 93' lang='lat' dir='ltr'><strong>quo</strong></span> <span class='ocrx_word' id='word_1_281' title='bbox 2548 2912 2660 2968; x_wconf 87' lang='lat' dir='ltr'><strong>Cic.</strong></span> 
     </span>
     <span class='ocr_line' id='line_1_52' title="bbox 1504 2932 2658 3055; baseline 0.001 -18"><span class='ocrx_word' id='word_1_282' title='bbox 1504 2932 1658 3039; x_wconf 88' lang='lat' dir='ltr'>Phil.</span> <span class='ocrx_word' id='word_1_283' title='bbox 1668 2985 1769 3053; x_wconf 82' lang='grc' dir='ltr'><strong>ΙΙΙ,</strong></span> <span class='ocrx_word' id='word_1_284' title='bbox 1789 2988 1838 3037; x_wconf 93' lang='lat'><strong>4.</strong></span> <span class='ocrx_word' id='word_1_285' title='bbox 1877 2984 2050 3041; x_wconf 80' lang='lat' dir='ltr'><strong>Recte</strong></span> <span class='ocrx_word' id='word_1_286' title='bbox 2065 2984 2252 3055; x_wconf 83' lang='lat' dir='ltr'><strong>Voigt.</strong></span> <span class='ocrx_word' id='word_1_287' title='bbox 2265 2984 2409 3055; x_wconf 81' lang='lat' dir='ltr'><strong>Nug.</strong></span> <span class='ocrx_word' id='word_1_288' title='bbox 2421 3001 2658 3055; x_wconf 79' lang='lat' dir='ltr'><strong>gramm.</strong></span> 
     </span>
     <span class='ocr_line' id='line_1_53' title="bbox 1503 3054 2660 3126; baseline 0.001 -18"><span class='ocrx_word' id='word_1_289' title='bbox 1503 3055 1530 3108; x_wconf 97' lang='lat' dir='ltr'><strong>I</strong></span> <span class='ocrx_word' id='word_1_290' title='bbox 1567 3074 1622 3126; x_wconf 92' lang='grc' dir='ltr'><strong>Ρ.</strong></span> <span class='ocrx_word' id='word_1_291' title='bbox 1649 3058 1720 3111; x_wconf 87' lang='grc'><strong>32</strong></span> <span class='ocrx_word' id='word_1_292' title='bbox 1761 3056 1965 3125; x_wconf 80' lang='lat' dir='ltr'><strong>„Quasi</strong></span> <span class='ocrx_word' id='word_1_293' title='bbox 2001 3073 2136 3111; x_wconf 83' lang='lat' dir='ltr'><strong>vero</strong></span> <span class='ocrx_word' id='word_1_294' title='bbox 2173 3056 2270 3111; x_wconf 91' lang='lat' dir='ltr'>ille</span> <span class='ocrx_word' id='word_1_295' title='bbox 2305 3074 2426 3111; x_wconf 88' lang='lat' dir='ltr'><strong>rem</strong></span> <span class='ocrx_word' id='word_1_296' title='bbox 2455 3054 2660 3109; x_wconf 86' lang='lat' dir='ltr'><strong>Roma-</strong></span> 
     </span>
     <span class='ocr_line' id='line_1_54' title="bbox 1502 3097 2662 3197; baseline 0 -16"><span class='ocrx_word' id='word_1_297' title='bbox 1502 3143 1635 3182; x_wconf 84' lang='lat' dir='ltr'><strong>nam</strong></span> <span class='ocrx_word' id='word_1_298' title='bbox 1696 3146 1730 3182; x_wconf 83' lang='lat' dir='ltr'><strong>a</strong></span> <span class='ocrx_word' id='word_1_299' title='bbox 1761 3097 2020 3182; x_wconf 71' lang='lat' dir='ltr'><strong>”Romulo</strong></span> <span class='ocrx_word' id='word_1_300' title='bbox 2075 3128 2322 3197; x_wconf 88' lang='lat' dir='ltr'><strong>primum</strong></span> <span class='ocrx_word' id='word_1_301' title='bbox 2376 3126 2662 3183; x_wconf 84' lang='lat' dir='ltr'><strong>conditam</strong></span> 
     </span>
     <span class='ocr_line' id='line_1_55' title="bbox 1506 3198 2664 3282; baseline -0.002 -29"><span class='ocrx_word' id='word_1_302' title='bbox 1506 3216 1539 3253; x_wconf 84' lang='lat' dir='ltr'><strong>a</strong></span> <span class='ocrx_word' id='word_1_303' title='bbox 1576 3198 1759 3253; x_wconf 85' lang='lat' dir='ltr'><strong>Numa</strong></span> <span class='ocrx_word' id='word_1_304' title='bbox 1796 3198 2073 3268; x_wconf 87' lang='lat' dir='ltr'>Pompilio</span> <span class='ocrx_word' id='word_1_305' title='bbox 2111 3199 2334 3282; x_wconf 84' lang='lat' dir='ltr'><strong>legibus</strong></span> <span class='ocrx_word' id='word_1_306' title='bbox 2365 3198 2664 3253; x_wconf 86' lang='lat' dir='ltr'><strong>institutis-</strong></span> 
     </span>
     <span class='ocr_line' id='line_1_56' title="bbox 1504 3270 2660 3354; baseline 0.001 -31"><span class='ocrx_word' id='word_1_307' title='bbox 1504 3288 1614 3339; x_wconf 90' lang='lat' dir='ltr'><strong>que</strong></span> <span class='ocrx_word' id='word_1_308' title='bbox 1641 3274 2017 3354; x_wconf 74' lang='lat' dir='ltr'><strong>temperatam</strong></span> <span class='ocrx_word' id='word_1_309' title='bbox 2041 3288 2154 3325; x_wconf 89' lang='lat' dir='ltr'><strong>non</strong></span> <span class='ocrx_word' id='word_1_310' title='bbox 2185 3270 2434 3325; x_wconf 89' lang='lat' dir='ltr'><strong>omnium</strong></span> <span class='ocrx_word' id='word_1_311' title='bbox 2461 3286 2660 3339; x_wconf 84' lang='lat' dir='ltr'><strong>regum</strong></span> 
     </span>
     <span class='ocr_line' id='line_1_57' title="bbox 1503 3340 2662 3411; baseline -0.003 -15"><span class='ocrx_word' id='word_1_312' title='bbox 1503 3342 1746 3396; x_wconf 82' lang='lat' dir='ltr'><strong>maxime</strong></span> <span class='ocrx_word' id='word_1_313' title='bbox 1807 3342 2030 3397; x_wconf 85' lang='lat' dir='ltr'><strong>auxerit</strong></span> <span class='ocrx_word' id='word_1_314' title='bbox 2089 3347 2146 3396; x_wconf 91' lang='lat' dir='ltr'><strong>et</strong></span> <span class='ocrx_word' id='word_1_315' title='bbox 2215 3340 2662 3411; x_wconf 85' lang='lat' dir='ltr'><strong>amplificaverit,</strong></span> 
     </span>
     <span class='ocr_line' id='line_1_58' title="bbox 1504 3414 2660 3483; baseline -0.001 -16"><span class='ocrx_word' id='word_1_316' title='bbox 1504 3414 1604 3483; x_wconf 86' lang='lat' dir='ltr'><strong>qui</strong></span> <span class='ocrx_word' id='word_1_317' title='bbox 1639 3417 1703 3467; x_wconf 92' lang='lat' dir='ltr'><strong>ut</strong></span> <span class='ocrx_word' id='word_1_318' title='bbox 1723 3414 1860 3467; x_wconf 87' lang='lat' dir='ltr'><strong>Cato</strong></span> <span class='ocrx_word' id='word_1_319' title='bbox 1897 3414 2179 3482; x_wconf 81' lang='lat' dir='ltr'><strong>libertate,</strong></span> <span class='ocrx_word' id='word_1_320' title='bbox 2215 3414 2296 3468; x_wconf 86' lang='lat' dir='ltr'><strong>ita</strong></span> <span class='ocrx_word' id='word_1_321' title='bbox 2332 3414 2450 3483; x_wconf 87' lang='lat' dir='ltr'><strong>ipse</strong></span> <span class='ocrx_word' id='word_1_322' title='bbox 2485 3429 2660 3483; x_wconf 83' lang='lat' dir='ltr'><strong>regno</strong></span> 
     </span>
     <span class='ocr_line' id='line_1_59' title="bbox 1503 3482 2656 3555; baseline -0.001 -17"><span class='ocrx_word' id='word_1_323' title='bbox 1503 3484 1865 3555; x_wconf 86' lang='lat' dir='ltr'><strong>dignissimus</strong></span> <span class='ocrx_word' id='word_1_324' title='bbox 1914 3485 2074 3539; x_wconf 53' lang='lat' dir='ltr'><strong>fuit!</strong></span> <span class='ocrx_word' id='word_1_325' title='bbox 2134 3516 2195 3524; x_wconf 98' lang='lat'>—</span> <span class='ocrx_word' id='word_1_326' title='bbox 2255 3486 2436 3539; x_wconf 80' lang='lat' dir='ltr'>nobile</span> <span class='ocrx_word' id='word_1_327' title='bbox 2471 3482 2656 3553; x_wconf 77' lang='lat' dir='ltr'><strong>letum]</strong></span> 
     </span>
     <span class='ocr_line' id='line_1_60' title="bbox 1505 3556 2659 3625; baseline -0.002 -14"><span class='ocrx_word' id='word_1_328' title='bbox 1505 3556 1732 3611; x_wconf 78' lang='lat' dir='ltr'><strong>Catonis</strong></span> <span class='ocrx_word' id='word_1_329' title='bbox 1771 3556 2068 3624; x_wconf 76' lang='lat' dir='ltr'><strong>Uticensis,</strong></span> <span class='ocrx_word' id='word_1_330' title='bbox 2117 3574 2282 3625; x_wconf 88' lang='lat' dir='ltr'><strong>quem</strong></span> <span class='ocrx_word' id='word_1_331' title='bbox 2318 3556 2548 3610; x_wconf 83' lang='lat' dir='ltr'><strong>laudare</strong></span> <span class='ocrx_word' id='word_1_332' title='bbox 2587 3572 2659 3609; x_wconf 88' lang='lat' dir='ltr'><strong>ne</strong></span> 
     </span>
     <span class='ocr_line' id='line_1_61' title="bbox 1501 3627 2658 3697; baseline -0.001 -16"><span class='ocrx_word' id='word_1_333' title='bbox 1501 3627 1564 3681; x_wconf 86' lang='lat' dir='ltr'><strong>in</strong></span> <span class='ocrx_word' id='word_1_334' title='bbox 1610 3628 1718 3683; x_wconf 86' lang='lat' dir='ltr'><strong>hoc</strong></span> <span class='ocrx_word' id='word_1_335' title='bbox 1755 3628 1980 3697; x_wconf 86' lang='lat' dir='ltr'><strong>quidem</strong></span> <span class='ocrx_word' id='word_1_336' title='bbox 2020 3628 2268 3683; x_wconf 80' lang='lat' dir='ltr'><strong>carmine</strong></span> <span class='ocrx_word' id='word_1_337' title='bbox 2305 3628 2518 3683; x_wconf 79' lang='lat' dir='ltr'><strong>veritus</strong></span> <span class='ocrx_word' id='word_1_338' title='bbox 2555 3632 2658 3681; x_wconf 89' lang='lat' dir='ltr'><strong>est.</strong></span> 
     </span>
     <span class='ocr_line' id='line_1_62' title="bbox 1502 3698 2660 3768; baseline -0.001 -15"><span class='ocrx_word' id='word_1_339' title='bbox 1502 3698 1574 3753; x_wconf 82' lang='lat' dir='ltr'><strong>cf.</strong></span> <span class='ocrx_word' id='word_1_340' title='bbox 1612 3699 1685 3768; x_wconf 94' lang='lat' dir='ltr'><strong>II,</strong></span> <span class='ocrx_word' id='word_1_341' title='bbox 1727 3703 1773 3763; x_wconf 91' lang='grc'><strong>1,</strong></span> <span class='ocrx_word' id='word_1_342' title='bbox 1811 3700 1898 3754; x_wconf 82' lang='lat'><strong>24.</strong></span> <span class='ocrx_word' id='word_1_343' title='bbox 1971 3699 2048 3754; x_wconf 86' lang='lat' dir='ltr'><strong>Et</strong></span> <span class='ocrx_word' id='word_1_344' title='bbox 2094 3700 2166 3754; x_wconf 87' lang='lat' dir='ltr'><strong>cf.</strong></span> <span class='ocrx_word' id='word_1_345' title='bbox 2213 3699 2329 3754; x_wconf 81' lang='lat' dir='ltr'><strong>cic.</strong></span> <span class='ocrx_word' id='word_1_346' title='bbox 2367 3700 2440 3754; x_wconf 85' lang='lat' dir='ltr'><strong>de</strong></span> <span class='ocrx_word' id='word_1_347' title='bbox 2485 3698 2580 3753; x_wconf 84' lang='lat' dir='ltr'><strong>off.</strong></span> <span class='ocrx_word' id='word_1_348' title='bbox 2615 3699 2660 3763; x_wconf 87' lang='lat' dir='ltr'><strong>I,</strong></span> 
     </span>
     <span class='ocr_line' id='line_1_63' title="bbox 1503 3770 2662 3841; baseline -0.002 -16"><span class='ocrx_word' id='word_1_349' title='bbox 1503 3770 1590 3825; x_wconf 83' lang='lat'><strong>31.</strong></span> <span class='ocrx_word' id='word_1_350' title='bbox 1628 3770 1817 3825; x_wconf 82' lang='lat' dir='ltr'><strong>Facile</strong></span> <span class='ocrx_word' id='word_1_351' title='bbox 1853 3771 2030 3841; x_wconf 82' lang='lat' dir='ltr'><strong>igitur</strong></span> <span class='ocrx_word' id='word_1_352' title='bbox 2067 3772 2378 3826; x_wconf 78' lang='lat' dir='ltr'><strong>carebimus</strong></span> <span class='ocrx_word' id='word_1_353' title='bbox 2417 3770 2662 3825; x_wconf 77' lang='lat' dir='ltr'><strong>Bentleii</strong></span> 
     </span>
     <span class='ocr_line' id='line_1_64' title="bbox 1501 3841 2658 3912; baseline -0.002 -15"><span class='ocrx_word' id='word_1_354' title='bbox 1501 3842 1828 3897; x_wconf 84' lang='lat' dir='ltr'><strong>coniectura</strong></span> <span class='ocrx_word' id='word_1_355' title='bbox 1867 3844 2031 3898; x_wconf 77' lang='lat' dir='ltr'><strong>Anne</strong></span> <span class='ocrx_word' id='word_1_356' title='bbox 2068 3841 2244 3898; x_wconf 76' lang='lat' dir='ltr'><strong>Curti.</strong></span> <span class='ocrx_word' id='word_1_357' title='bbox 2289 3874 2352 3882; x_wconf 93' lang='lat'><strong>—</strong></span> <span class='ocrx_word' id='word_1_358' title='bbox 2399 3842 2658 3912; x_wconf 69' lang='lat' dir='ltr'><strong>Scauros]</strong></span> 
     </span>
     <span class='ocr_line' id='line_1_65' title="bbox 1504 3913 2660 3985; baseline -0.002 -17"><span class='ocrx_word' id='word_1_359' title='bbox 1504 3913 1696 3968; x_wconf 86' lang='lat' dir='ltr'><strong>Cicero</strong></span> <span class='ocrx_word' id='word_1_360' title='bbox 1731 3930 1835 3983; x_wconf 89' lang='lat' dir='ltr'><strong>pro</strong></span> <span class='ocrx_word' id='word_1_361' title='bbox 1873 3914 2038 3968; x_wconf 86' lang='lat' dir='ltr'><strong>Font.</strong></span> <span class='ocrx_word' id='word_1_362' title='bbox 2059 3915 2090 3966; x_wconf 89' lang='grc'>7</span> <span class='ocrx_word' id='word_1_363' title='bbox 2107 3934 2120 3968; x_wconf 76' lang='lat'>2</span> <span class='ocrx_word' id='word_1_364' title='bbox 2161 3915 2444 3985; x_wconf 81' lang='lat' dir='ltr'><strong>„Ecquem</strong></span> <span class='ocrx_word' id='word_1_365' title='bbox 2480 3913 2660 3967; x_wconf 87' lang='lat' dir='ltr'><strong>homi-</strong></span> 
     </span>
     <span class='ocr_line' id='line_1_66' title="bbox 1502 3985 2660 4054; baseline -0.002 -14"><span class='ocrx_word' id='word_1_366' title='bbox 1502 4002 1632 4040; x_wconf 85' lang='lat' dir='ltr'><strong>nem</strong></span> <span class='ocrx_word' id='word_1_367' title='bbox 1669 3985 1930 4050; x_wconf 86' lang='lat' dir='ltr'><strong>vidimus,</strong></span> <span class='ocrx_word' id='word_1_368' title='bbox 1980 4002 2210 4054; x_wconf 85' lang='lat' dir='ltr'><strong>ecquem</strong></span> <span class='ocrx_word' id='word_1_369' title='bbox 2255 4002 2387 4041; x_wconf 83' lang='lat' dir='ltr'><strong>vere</strong></span> <span class='ocrx_word' id='word_1_370' title='bbox 2423 4002 2660 4039; x_wconf 88' lang='lat' dir='ltr'><strong>comme·</strong></span> 
     </span>
     <span class='ocr_line' id='line_1_67' title="bbox 1502 4056 2658 4127; baseline -0.003 -16"><span class='ocrx_word' id='word_1_371' title='bbox 1502 4074 1724 4111; x_wconf 87' lang='lat' dir='ltr'><strong>morare</strong></span> <span class='ocrx_word' id='word_1_372' title='bbox 1784 4074 2076 4126; x_wconf 86' lang='lat' dir='ltr'><strong>possumus</strong></span> <span class='ocrx_word' id='word_1_373' title='bbox 2144 4075 2338 4127; x_wconf 89' lang='lat' dir='ltr'><strong>parem</strong></span> <span class='ocrx_word' id='word_1_374' title='bbox 2407 4056 2658 4121; x_wconf 84' lang='lat' dir='ltr'><strong>oonsilio,</strong></span> 
     </span>
     <span class='ocr_line' id='line_1_68' title="bbox 1502 4128 2658 4199; baseline -0.003 -16"><span class='ocrx_word' id='word_1_375' title='bbox 1502 4130 1800 4199; x_wconf 78' lang='lat' dir='ltr'><strong>gravitate,</strong></span> <span class='ocrx_word' id='word_1_376' title='bbox 1839 4129 2172 4198; x_wconf 84' lang='lat' dir='ltr'><strong>constantia,</strong></span> <span class='ocrx_word' id='word_1_377' title='bbox 2209 4129 2406 4183; x_wconf 83' lang='lat' dir='ltr'><strong>ceteris</strong></span> <span class='ocrx_word' id='word_1_378' title='bbox 2433 4128 2658 4181; x_wconf 83' lang='lat' dir='ltr'><strong>virtuti-</strong></span> 
     </span>
     <span class='ocr_line' id='line_1_69' title="bbox 1502 4199 2658 4271; baseline -0.001 -17"><span class='ocrx_word' id='word_1_379' title='bbox 1502 4201 1624 4267; x_wconf 84' lang='lat' dir='ltr'><strong>bus,</strong></span> <span class='ocrx_word' id='word_1_380' title='bbox 1643 4199 1916 4255; x_wconf 86' lang='lat' dir='ltr'><strong>honoris</strong></span> <span class='ocrx_word' id='word_1_381' title='bbox 1901 4200 2114 4271; x_wconf 78' lang='lat' dir='ltr'><strong>ingenii</strong></span> <span class='ocrx_word' id='word_1_382' title='bbox 2149 4217 2340 4254; x_wconf 85' lang='lat' dir='ltr'><strong>rerum</strong></span> <span class='ocrx_word' id='word_1_383' title='bbox 2372 4204 2658 4269; x_wconf 82' lang='lat' dir='ltr'><strong>gestarum</strong></span> 
     </span>
     <span class='ocr_line' id='line_1_70' title="bbox 1502 4270 2656 4326; baseline -0.003 0"><span class='ocrx_word' id='word_1_384' title='bbox 1502 4272 1847 4326; x_wconf 83' lang='lat' dir='ltr'><strong>ornamentis</strong></span> <span class='ocrx_word' id='word_1_385' title='bbox 1883 4270 1961 4325; x_wconf 84' lang='lat' dir='ltr'><strong>M.</strong></span> <span class='ocrx_word' id='word_1_386' title='bbox 2001 4270 2243 4326; x_wconf 84' lang='lat' dir='ltr'><strong>Aemilio</strong></span> <span class='ocrx_word' id='word_1_387' title='bbox 2277 4270 2484 4325; x_wconf 85' lang='lat' dir='ltr'><strong>Scauro</strong></span> <span class='ocrx_word' id='word_1_388' title='bbox 2522 4271 2656 4324; x_wconf 85' lang='lat' dir='ltr'><strong>fuis-</strong></span> 
     </span>
     <span class='ocr_line' id='line_1_71' title="bbox 1504 4341 2658 4409; baseline -0.001 -12"><span class='ocrx_word' id='word_1_389' title='bbox 1504 4342 1637 4397; x_wconf 79' lang='lat' dir='ltr'><strong>se?“</strong></span> <span class='ocrx_word' id='word_1_390' title='bbox 1711 4343 1765 4397; x_wconf 86' lang='lat' dir='ltr'><strong>Is</strong></span> <span class='ocrx_word' id='word_1_391' title='bbox 1817 4341 1932 4396; x_wconf 87' lang='lat' dir='ltr'><strong>fuit</strong></span> <span class='ocrx_word' id='word_1_392' title='bbox 1992 4343 2183 4397; x_wconf 84' lang='lat' dir='ltr'><strong>consul</strong></span> <span class='ocrx_word' id='word_1_393' title='bbox 2237 4360 2283 4397; x_wconf 89' lang='lat' dir='ltr'><strong>a.</strong></span> <span class='ocrx_word' id='word_1_394' title='bbox 2331 4360 2384 4395; x_wconf 86' lang='lat' dir='ltr'><strong>u.</strong></span> <span class='ocrx_word' id='word_1_395' title='bbox 2429 4358 2478 4395; x_wconf 88' lang='lat' dir='ltr'><strong>c.</strong></span> <span class='ocrx_word' id='word_1_396' title='bbox 2531 4343 2658 4409; x_wconf 84' lang='lat'><strong>638,</strong></span> 
     </span>
     <span class='ocr_line' id='line_1_72' title="bbox 1504 4412 2658 4484; baseline -0.002 -15"><span class='ocrx_word' id='word_1_397' title='bbox 1504 4430 1716 4482; x_wconf 82' lang='lat' dir='ltr'><strong>censor,</strong></span> <span class='ocrx_word' id='word_1_398' title='bbox 1750 4414 2012 4484; x_wconf 79' lang='lat' dir='ltr'><strong>princeps</strong></span> <span class='ocrx_word' id='word_1_399' title='bbox 2035 4417 2289 4481; x_wconf 84' lang='lat' dir='ltr'><strong>senatus;</strong></span> <span class='ocrx_word' id='word_1_400' title='bbox 2327 4414 2482 4468; x_wconf 84' lang='lat' dir='ltr'><strong>cuius</strong></span> <span class='ocrx_word' id='word_1_401' title='bbox 2507 4412 2658 4468; x_wconf 88' lang='lat' dir='ltr'>filius</span> 
     </span>
     <span class='ocr_line' id='line_1_73' title="bbox 1504 4485 2657 4555; baseline 0 -17"><span class='ocrx_word' id='word_1_402' title='bbox 1504 4501 1728 4555; x_wconf 88' lang='lat' dir='ltr'><strong>quoque</strong></span> <span class='ocrx_word' id='word_1_403' title='bbox 1760 4486 1966 4540; x_wconf 85' lang='lat' dir='ltr'><strong>nobilis</strong></span> <span class='ocrx_word' id='word_1_404' title='bbox 2005 4485 2116 4538; x_wconf 86' lang='lat' dir='ltr'><strong>fuit</strong></span> <span class='ocrx_word' id='word_1_405' title='bbox 2164 4486 2226 4537; x_wconf 88' lang='lat' dir='ltr'><strong>in</strong></span> <span class='ocrx_word' id='word_1_406' title='bbox 2261 4485 2513 4540; x_wconf 80' lang='lat' dir='ltr'><strong>civitate.</strong></span> <span class='ocrx_word' id='word_1_407' title='bbox 2585 4485 2657 4540; x_wconf 86' lang='lat' dir='ltr'><strong>cf.</strong></span> 
     </span>
     <span class='ocr_line' id='line_1_74' title="bbox 1502 4555 2657 4626; baseline 0 -15"><span class='ocrx_word' id='word_1_408' title='bbox 1502 4556 1750 4611; x_wconf 80' lang='lat' dir='ltr'><strong>Iuvenal.</strong></span> <span class='ocrx_word' id='word_1_409' title='bbox 1789 4556 1887 4626; x_wconf 88' lang='lat' dir='ltr'><strong>XI,</strong></span> <span class='ocrx_word' id='word_1_410' title='bbox 1927 4557 2021 4611; x_wconf 80' lang='lat'><strong>90:</strong></span> <span class='ocrx_word' id='word_1_411' title='bbox 2067 4555 2306 4625; x_wconf 78' lang='lat' dir='ltr'><strong>„Fabios</strong></span> <span class='ocrx_word' id='word_1_412' title='bbox 2341 4555 2657 4625; x_wconf 76' lang='lat' dir='ltr'><strong>durumque</strong></span> 
     </span>
    </p>
   </div>
  </div>
 </body>
</html>
