3092 5059
1082 221 1241 288 LIB.
1287 221 1339 288 I.
1382 220 1654 289 EPIST.
1695 221 1805 288 VI.

2517 222 2641 290 519

334 410 449 508 Si,
507 411 877 511 quioquid
928 409 1126 486 vidit
1176 411 1449 487 melius
1502 411 1820 510 peiusve
1876 435 2017 486 sua
2067 435 2229 509 epe,

332 535 627 612 Defixie
682 536 925 611 oeulis
978 536 1392 634 animoque
1444 549 1520 611 et
1571 561 1898 632 corpore
1949 537 2266 635 torpet?

228 691 281 731 ιε
336 660 608 736 Insani
659 662 962 760 sapiens
1014 687 1296 737 nomen
1351 662 1571 754 ferat,
1625 685 1915 760 aequus
1967 661 2238 760 iniqui,

330 785 562 862 Ultra
614 812 846 886 quam
896 789 1079 865 satie
1132 799 1245 863 eet
1294 788 1652 863 virtutem
1698 786 1764 861 si
1815 799 2028 886 petat
2076 788 2346 885 ipsam.

330 911 377 986 I
429 938 657 1010 nuno,
711 927 1121 1010 argentum
1172 926 1251 989 et
1300 938 1642 989 marmor
1679 926 1892 988 vetus
1935 937 2272 1011 aeraque
2324 926 2400 988 et
2433 926 2637 987 artes

334 1037 689 1137 Suspice,
745 1063 919 1114 cum
972 1038 1297 1136 gemmis
1348 1037 1620 1134 Tyrios
1673 1037 1949 1113 mirare
2001 1037 2338 1132 colores;

340 1160 625 1240 Gaude
680 1161 890 1261 quod
941 1175 1291 1262 spectant
1341 1162 1542 1239 oculi
1600 1176 1673 1237 te
1725 1162 1936 1238 mille
1988 1163 2470 1261 loquentem,

226 1319 285 1358 πο
332 1285 603 1362 Navus
654 1312 883 1362 mane
937 1287 1189 1362 forum
1246 1299 1323 1362 et
1373 1287 1850 1386 vespertinus
1901 1300 2074 1386 pete
2130 1299 2435 1382 tectum,

330 1410 457 1487 Ne
508 1410 687 1508 plue
740 1412 1105 1488 frumenti
1156 1404 1543 1488 dotalibus
1599 1425 1880 1488 emetat
1928 1413 2136 1510 agris

333 1537 603 1612 Mutus
652 1548 733 1612 et
780 1579 876 1592 -—
928 1534 1355 1634 indignum,
1413 1536 1624 1636 quod
1675 1537 1772 1610 eit
1822 1537 2218 1633 peioribus
2271 1549 2479 1611 ortus
2539 1581 2637 1590 —

331 1660 491 1736 Hic.
543 1660 682 1736 tibi
734 1661 834 1736 eit
880 1661 1139 1761 potius
1192 1687 1419 1761 quam
1473 1675 1556 1736 tu
1609 1661 1983 1736 mirabilis
2029 1661 2168 1736 illi.

336 1785 734 1886 Quicquid
784 1787 928 1862 sub
972 1799 1178 1862 terra
1229 1799 1361 1882 eet,
1416 1788 1497 1862 in
1540 1788 1893 1885 apricum
1943 1787 2290 1884 proferet
2331 1801 2584 1883 aetae3

231 1942 283 1983 π
337 1910 709 1988 Defodiet
762 1909 1193 2009 condetque
1242 1911 1590 1986 nitentia.

1694 1911 1891 1990 Cum
1942 1910 2144 1987 bene
2197 1925 2466 1986 notum

334 2037 695 2113 Porticus
750 2035 1151 2134 Agrippae
1204 2049 1281 2112 et
1333 2036 1457 2112 via
1508 2049 1584 2112 te
1639 2036 2126 2134 conspexerit
2169 2035 2405 2137 Appi,

332 2162 467 2238 Ire
518 2175 773 2237 tamen
827 2175 1085 2256 restat,
1137 2161 1390 2237 Numa
1443 2187 1597 2260 quo
1654 2161 1962 2238 devenit
2014 2175 2090 2237 et
2132 2159 2417 2237 Ancus,

331 2289 415 2365 Si
466 2288 668 2364 latus
722 2299 854 2360 aut
902 2311 1125 2363 renes
1180 2288 1451 2360 morbo
1506 2299 1892 2362 tentantur
1937 2299 2179 2381 aeuto,

232 2497 305 2552 of.
339 2498 515 2568 Verg.
576 2498 715 2552 Aen.
758 2495 854 2562 x1‚
891 2497 1012 2551 806.
1102 2495 1228 2550 Liv.
1264 2495 1389 2564 VII,

232 2571 319 2635 39,
346 2572 433 2624 15.
498 2568 610 2624 Cio.
636 2568 706 2623 de
732 2567 837 2622 Off.
860 2567 933 2635 ΙΙ,
957 2570 1043 2636 10,
1060 2569 1150 2622 37.
1196 2568 1389 2622 Etiam

231 2656 357 2710 spe-3
391 2639 733 2697 vocabulum
769 2639 1015 2694 medium
1046 2644 1151 2707 eet,
1188 2645 1253 2694 ut
1270 2639 1387 2694 Sal·

232 2712 364 2767 lust.
402 2713 529 2783 lug.
568 2713 657 2773 88,
698 2714 745 2766 1.
781 2710 907 2766 Liv.
934 2710 1007 2779 11,
1031 2713 1085 2780 3,
1113 2714 1175 2778 13
1214 2728 1387 2781 quan·

232 2801 403 2853 quam
439 2783 513 2839 de
550 2783 713 2838 malis
757 2782 923 2838 rebus
960 2800 995 2837 a
1032 2782 1297 2838 Cicerone
1331 2787 1389 2837 et

236 2855 473 2910 Caesare
508 2871 623 2909 non
645 2855 871 2910 videtur
896 2871 1013 2910 esee
1038 2859 1387 2924 usurpatum.

234 2927 499 2982 Ceterum
524 2925 916 2981 Lachmannue
964 2926 1036 2980 ad
1070 2925 1298 2981 Lueret.
1334 2943 1389 2995 p.

233 3000 341 3054 266
396 2998 781 3054 coniecturam
845 2997 1084 3054 Iaoobeii
1141 3002 1391 3052 externat

234 3070 509 3138 optimam
546 3073 605 3124 et
644 3069 1015 3124 neoenariam
1050 3069 1391 3124 emendatio-

234 3158 363 3196 nem
375 3139 705 3211 appellavit,
716 3157 885 3209 quam
893 3144 1226 3210 reoeperunt
1238 3140 1392 3194 dein·

235 3213 602 3338 {epaeaupt-
623 3212 877 3338 Meinelt.1
883 3211 1112 3352 Lilnker
1134 3210 1389 3338 Egi-ilelger.

284 3301 316 3338 e
418 3283 927 3351 .—defimeocuw
990 3300 1163 3337 unmo
1203 3301 1267 3336 ιι
1308 3300 1393 3352 ue,

236 3355 499 3426 stupidis.
510 3355 767 3410 —imam'
782 3354 1023 3424 sapiens]
1042 3355 1256 3410 Malum
1274 3372 1391 3410 oer-

236 3426 393 3482 nitm·
406 3429 467 3483 in
488 3427 663 3482 nimio
686 3425 963 3496 appetitu,
972 3427 1157 3480 nonin
1170 3443 1233 3480 re
1248 3443 1394 3494 quae

237 3499 471 3567 petitur.
522 3499 633 3555 cio.
659 3497 821 3554 Tune.
841 3496 939 3566 IV,
957 3499 1047 3565 25,
1066 3498 1153 3552 55.
1195 3499 1285 3566 29,
1304 3499 1391 3552 62.

308 3567 371 3623 V.
413 3573 499 3624 17.
558 3569 601 3624 Ι
646 3568 823 3639 nunc]
894 3571 1309 3640 Argumentum
1359 3587 1392 3624 a

238 3640 440 3696 maiori
480 3641 553 3697 ad
590 3641 797 3709 minum
854 3639 978 3711 ipsa
1038 3644 1226 3696 autem
1279 3640 1391 3695 for·

242 3712 397 3768 mula
433 3713 789 3769 eoncedentis
844 3717 931 3768 eet
970 3712 1067 3767 sed
1106 3729 1233 3767 oum
1281 3711 1391 3766 dis·

240 3782 597 3840 simulatione
642 3789 701 3840 et
748 3783 1025 3839 irrisione.
1100 3783 1149 3837 E
1192 3784 1280 3838 ist.
1319 3783 1393 3851 11,

239 3853 294 3921 2,
349 3857 435 3910 76.
496 3885 568 3896 -
624 3855 797 3925 arta]
854 3855 1037 3910 Germ.
1092 3854 1120 3909 Ι
1172 3895 1187 3924 ,
1242 3856 1295 3914 8.
1338 3857 1390 3909 5.

243 3925 451 3982 Versus
486 3932 675 3983 autem
709 3928 791 3982 sic
820 3931 953 3982 sunt
988 3926 1391 3997 coniungendi:

245 3994 455 4063 Quodsi
492 4017 563 4054 ne
592 4000 775 4054 virtue
810 3999 1035 4068 quidem
1070 3999 1245 4053 nimio
1277 4004 1392 4053 etu-

243 4065 337 4123 dio
400 4071 714 4141 appetenda
772 4075 871 4132 eet,
935 4071 1078 4126 nihil
1138 4070 1392 4139 profecto

249 4145 333 4194 eet
370 4141 521 4210 quod
556 4142 786 4198 viliores
829 4159 919 4198 ree
967 4147 1263 4212 tantopere
1312 4159 1392 4197 ee-

248 4213 433 4280 eteria,
470 4214 620 4284 quod
658 4219 925 4284 argentea
962 4219 1019 4268 et
1054 4216 1227 4268 aenea
1257 4213 1393 4269 arti·

246 4279 372 4364 ἦρξα
406 4286 721 4355 conquiras,
768 4286 917 4356 quod
954 4285 1177 4340 laudem
1208 4290 1392 4370 orato·

245 4368 427 4480 mm
448 4374 483 4411 ⁸
520 4357 915 4496 {3313}
942 4361 1232 4482 ..wi-¹5:2²
1246 4375 1393 4498 ..¹1:2¹1

244 4493 477 4553 obscuro
516 4500 755 4556 fortasse
798 4500 920 4555 loeo
969 4504 1151 4568 natus,
1198 4499 1391 4556 uxoris

246 4565 377 4624 dote
410 4569 447 4624 i.
484 4590 531 4628 e.
570 4571 691 4628 sine
722 4571 840 4628 uno
894 4589 995 4628 nuo
1048 4570 1276 4642 negotio
1334 4577 1393 4628 te

1484 2495 1661 2550 ditior
1695 2496 1788 2550 eit.
1859 2495 1925 2550 In
1979 2513 2092 2564 qua
2148 2512 2211 2549 re
2261 2511 2372 2564 quo
2429 2495 2638 2550 oertior

1482 2568 1686 2623 evadat
1711 2569 1916 2638 imago,
1935 2567 2158 2622 Mutum
2181 2567 2445 2636 aliquem,
2460 2566 2638 2622 homi·

1484 2657 1612 2694 nem
1645 2639 1807 2694 nobis
1844 2639 2123 2710 ignotum,
2155 2644 2450 2708 poetarum
2483 2655 2640 2694 more

1481 2711 1708 2766 induxit
1764 2710 2049 2766 Horatius.
2115 2741 2177 2750 —
2235 2710 2454 2779 emetat]
2511 2709 2640 2765 vide

1482 2781 1558 2837 ad
1595 2783 1774 2837 Carm.
1813 2783 1859 2850 1,
1899 2785 1950 2850 5,
1985 2784 2037 2836 8.
2086 2810 2153 2821 ——
2211 2781 2504 2851 condetque
2551 2781 2636 2836 πί·

1480 2854 1690 2924 tentia]
1742 2854 1964 2908 Vanum
2023 2852 2040 2907 i
2085 2853 2202 2907 itur
2262 2852 2492 2908 illorum
2553 2859 2638 2908 eet

1482 2926 1748 2980 studium.
1810 2925 1996 2980 Seneo.
2085 2925 2216 2994 pist.
2268 2925 2400 2978 110:
2452 2924 2638 2993 „Quid

1484 2997 1747 3052 miraris?
1794 2997 1930 3067 quid
1973 2997 2201 3065 stupes?
2272 2994 2488 3065 Pompa
2534 3001 2636 3052 est.

1486 3069 1873 3124 Ostenduntur
1929 3069 2070 3122 istae
2127 3085 2234 3130 ree,
2293 3085 2406 3122 non
2462 3069 2638 3137 poesi·

1483 3141 1708 3204 dentur,
1752 3145 1810 3195 et
1845 3141 1980 3194 dum
2023 3139 2247 3208 plaoent
2290 3141 2637 3194 transeunt.“

1484 3211 1654 3282 Soph.
1702 3212 1792 3266 Αἰ.
1839 3213 1978 3266 646:
2043 3206 2308 3278 ‚5171qu
2355 3208 2386 3264 ὁ
2425 3208 2640 3282 μακρὸς

1484 3279 1898 3354 nimpi-‘maroc
1938 3278 2144 3368 χρόνος
2177 3275 2312 3336 Φύει
2363 3283 2409 3336 τ’
2461 3275 2638 3350 ἄδηλα

1484 3358 1579 3408 καὶ
1615 3358 1863 3426 φανέντα
1911 3355 2254 3424 κρυπτεῐαι.“
2307 3383 2370 3393 ·-
2421 3369 2636 3423 conspe·

1482 3426 1658 3495 merit]
1699 3426 1843 3482 Nam
1876 3425 1935 3479 in
1957 3425 2180 3496 portiou
2201 3429 2252 3480 A
2294 3427 2491 3496 rippae
2527 3425 2635 3480 fre-

1486 3503 1724 3567 quenter
1779 3497 2218 3552 deambulabant
2323 3498 2528 3565 omani,
2580 3503 2638 3553 et

1484 3569 1636 3624 viam
1661 3570 1906 3639 Appiam
1949 3569 2152 3624 divites
2187 3569 2449 3624 terebant
2481 3587 2636 3623 man·

1484 3642 1574 3695 nis
1597 3645 1656 3696 et
1678 3641 1952 3696 curribus.
1991 3640 2060 3695 of.
2082 3640 2332 3709 Epod.4,
2351 3641 2432 3692 14.
2473 3639 2636 3695 ovid.

1484 3730 1554 3768 ex
1591 3712 1756 3767 Pont.
1792 3711 1863 3778 II,
1903 3713 1956 3780 4,
1997 3714 2089 3766 19:
2137 3711 2286 3780 „Nos
2321 3711 2448 3766 fora
2483 3710 2636 3766 vide·

1485 3789 1622 3839 runt
1644 3784 1879 3853 pariter,
1904 3801 2004 3838 nos
2015 3783 2272 3852 porticus
2298 3783 2496 3850 omnis,
2523 3782 2636 3838 Nou

1484 3856 1594 3924 via,
1607 3873 1709 3910 noe
1729 3855 1934 3911 iunctis
1948 3872 2118 3910 curva
2133 3854 2350 3908 theatra
2362 3854 2553 3910 looie.“
2569 3885 2635 3894 —

1484 3927 1698 3996 Ancus]
1739 3927 1922 3982 Carm.
1945 3926 2042 3993 IV,
2068 3929 2118 3992 7,
2153 3928 2234 3980 15.
2266 3954 2332 3965 -
2363 3925 2428 3982 δι’
2463 3926 2635 3995 latus]

1486 3997 1900 4053 Sententiarum
1944 3999 2082 4052 ordo
2122 3997 2216 4053 hio
2251 4002 2361 4052 eet:
2414 3997 2638 4066 „Quare

1485 4071 1534 4125 si
1571 4087 1788 4126 meeum
1824 4070 2174 4138 intellexisti,
2221 4070 2280 4124 in
2317 4069 2635 4138 tranquilli-

1484 4147 1606 4198 tate
1641 4142 1814 4196 animi
1851 4142 2186 4198 cernendam
2241 4157 2360 4196 eene
2411 4141 2637 4196 beatam

1486 4214 1684 4282 vitam,
1721 4212 1868 4268 idem
1905 4214 2078 4269 faciat
2115 4217 2341 4282 oportet
2377 4211 2528 4280 quod
2552 4229 2637 4267 eo·

1487 4286 1585 4355 lee,
1639 4303 1764 4340 cum
1801 4285 2054 4356 eorporis
2111 4284 2310 4340 morbo
2363 4285 2637 4338 tentaris:

1486 4357 1752 4423 nimirum
1788 4357 2036 4412 remedia
2071 4356 2389 4426 quaerenda
2413 4361 2545 4412 sunt
2579 4361 2638 4412 et

1486 4429 1720 4484 vitanda
1751 4429 1944 4484 omnia
1973 4445 2114 4497 quae
2149 4432 2385 4498 possunt
2419 4445 2637 4484 nooere.

1485 4501 1679 4556 Animi
1719 4504 1908 4555 autem
1943 4499 2190 4554 remedia
2228 4499 2472 4554 videnda
2509 4506 2639 4556 eunt

1486 4571 1549 4627 in
1581 4572 1684 4626 illa
1705 4571 1939 4640 virtute,
1965 4589 2077 4641 qua
2099 4571 2244 4626 nihil
2269 4571 2636 4636 admiramur,
