<?xml version="1.0" encoding="UTF-8"?>
<!DOCTYPE html PUBLIC "-//W3C//DTD XHTML 1.0 Transitional//EN"
    "http://www.w3.org/TR/xhtml1/DTD/xhtml1-transitional.dtd">
<html xmlns="http://www.w3.org/1999/xhtml" xml:lang="en" lang="en">
 <head>
  <title>
</title>
<meta http-equiv="Content-Type" content="text/html;charset=utf-8" />
  <meta name='ocr-system' content='tesseract 3.04.00' />
  <meta name='ocr-capabilities' content='ocr_page ocr_carea ocr_par ocr_line ocrx_word'/>
</head>
<body>
  <div class='ocr_page' id='page_1' title='image "./qhoratiiflaccio05unkngoog_0574.png"; bbox 0 0 3092 5059; ppageno 0'>
   <div class='ocr_carea' id='block_1_1' title="bbox 528 219 653 284">
    <p class='ocr_par' dir='ltr' id='par_1_1' title="bbox 528 219 653 284">
     <span class='ocr_line' id='line_1_1' title="bbox 528 219 653 284; baseline 0 0"><span class='ocrx_word' id='word_1_1' title='bbox 528 219 653 284; x_wconf 84' lang='lat'><strong>544</strong></span> 
     </span>
    </p>
   </div>
   <div class='ocr_carea' id='block_1_2' title="bbox 1424 215 2040 284">
    <p class='ocr_par' dir='ltr' id='par_1_2' title="bbox 1424 215 2040 284">
     <span class='ocr_line' id='line_1_2' title="bbox 1424 215 2040 284; baseline 0.003 -2"><span class='ocrx_word' id='word_1_2' title='bbox 1424 215 2040 284; x_wconf 78' lang='lat' dir='ltr'><strong>EPISTULARUM</strong></span> 
     </span>
    </p>
   </div>
   <div class='ocr_carea' id='block_1_3' title="bbox 625 407 2786 880">
    <p class='ocr_par' dir='ltr' id='par_1_3' title="bbox 625 407 2326 506">
     <span class='ocr_line' id='line_1_3' title="bbox 625 407 2326 506; baseline -0.001 -23"><span class='ocrx_word' id='word_1_3' title='bbox 625 408 745 484; x_wconf 92' lang='lat' dir='ltr'><strong>Ne</strong></span> <span class='ocrx_word' id='word_1_4' title='bbox 795 407 1033 506; x_wconf 81' lang='lat' dir='ltr'><strong>vulgo</strong></span> <span class='ocrx_word' id='word_1_5' title='bbox 1084 433 1373 503; x_wconf 86' lang='lat' dir='ltr'><strong>narres,</strong></span> <span class='ocrx_word' id='word_1_6' title='bbox 1430 423 1505 482; x_wconf 90' lang='lat' dir='ltr'><strong>te</strong></span> <span class='ocrx_word' id='word_1_7' title='bbox 1557 407 1952 485; x_wconf 74' lang='lat' dir='ltr'><strong>sudavisse</strong></span> <span class='ocrx_word' id='word_1_8' title='bbox 2003 407 2326 484; x_wconf 88' lang='lat' dir='ltr'><strong>ferendo</strong></span> 
     </span>
    </p>

    <p class='ocr_par' dir='ltr' id='par_1_4' title="bbox 625 530 2786 880">
     <span class='ocr_line' id='line_1_4' title="bbox 630 530 2694 629; baseline -0.002 -21"><span class='ocrx_word' id='word_1_9' title='bbox 630 530 1011 624; x_wconf 83' lang='lat' dir='ltr'>Carmina,</span> <span class='ocrx_word' id='word_1_10' title='bbox 1070 555 1269 628; x_wconf 86' lang='lat' dir='ltr'><strong>quae</strong></span> <span class='ocrx_word' id='word_1_11' title='bbox 1318 530 1615 626; x_wconf 84' lang='lat' dir='ltr'><strong>possint</strong></span> <span class='ocrx_word' id='word_1_12' title='bbox 1667 531 1930 605; x_wconf 87' lang='lat' dir='ltr'><strong>oeulos</strong></span> <span class='ocrx_word' id='word_1_13' title='bbox 1981 555 2358 629; x_wconf 87' lang='lat' dir='ltr'><strong>auresque</strong></span> <span class='ocrx_word' id='word_1_14' title='bbox 2411 530 2694 606; x_wconf 86' lang='lat' dir='ltr'><strong>morari</strong></span> 
     </span>
     <span class='ocr_line' id='line_1_5' title="bbox 625 653 2538 753; baseline -0.001 -23"><span class='ocrx_word' id='word_1_15' title='bbox 625 653 1006 748; x_wconf 85' lang='lat' dir='ltr'><strong>Caesaris3</strong></span> <span class='ocrx_word' id='word_1_16' title='bbox 1058 666 1315 728; x_wconf 87' lang='lat' dir='ltr'><strong>oratus</strong></span> <span class='ocrx_word' id='word_1_17' title='bbox 1368 654 1614 730; x_wconf 87' lang='lat' dir='ltr'><strong>multa</strong></span> <span class='ocrx_word' id='word_1_18' title='bbox 1671 679 1924 753; x_wconf 86' lang='lat' dir='ltr'><strong>prece,</strong></span> <span class='ocrx_word' id='word_1_19' title='bbox 1979 656 2226 731; x_wconf 89' lang='lat' dir='ltr'><strong>nitere</strong></span> <span class='ocrx_word' id='word_1_20' title='bbox 2275 682 2538 753; x_wconf 86' lang='lat' dir='ltr'><strong>porro.</strong></span> 
     </span>
     <span class='ocr_line' id='line_1_6' title="bbox 626 778 2786 880; baseline -0 -27"><span class='ocrx_word' id='word_1_21' title='bbox 626 778 873 875; x_wconf 83' lang='lat' dir='ltr'><strong>Vade,</strong></span> <span class='ocrx_word' id='word_1_22' title='bbox 928 779 1119 876; x_wconf 85' lang='lat' dir='ltr'><strong>vale,</strong></span> <span class='ocrx_word' id='word_1_23' title='bbox 1166 805 1357 856; x_wconf 78' lang='lat' dir='ltr'><strong>cave</strong></span> <span class='ocrx_word' id='word_1_24' title='bbox 1406 807 1505 856; x_wconf 91' lang='lat' dir='ltr'><strong>ne</strong></span> <span class='ocrx_word' id='word_1_25' title='bbox 1559 781 1844 856; x_wconf 79' lang='lat' dir='ltr'><strong>titubes</strong></span> <span class='ocrx_word' id='word_1_26' title='bbox 1893 780 2410 880; x_wconf 87' lang='lat' dir='ltr'><strong>mandataque</strong></span> <span class='ocrx_word' id='word_1_27' title='bbox 2457 783 2786 878; x_wconf 82' lang='lat' dir='ltr'><strong>frangas.</strong></span> 
     </span>
    </p>
   </div>
   <div class='ocr_carea' id='block_1_4' title="bbox 1368 1093 2100 1200">
    <p class='ocr_par' dir='ltr' id='par_1_5' title="bbox 1368 1093 2100 1200">
     <span class='ocr_line' id='line_1_7' title="bbox 1368 1093 2100 1200; baseline -0.001 -2"><span class='ocrx_word' id='word_1_28' title='bbox 1368 1093 1824 1198; x_wconf 73' lang='lat' dir='ltr'><strong>Ems&#39;rULA</strong></span> <span class='ocrx_word' id='word_1_29' title='bbox 1892 1113 2100 1200; x_wconf 89' lang='lat' dir='ltr'>XIV.</span> 
     </span>
    </p>
   </div>
   <div class='ocr_carea' id='block_1_5' title="bbox 620 1277 2782 1754">
    <p class='ocr_par' dir='ltr' id='par_1_6' title="bbox 620 1277 2782 1754">
     <span class='ocr_line' id='line_1_8' title="bbox 624 1277 2598 1376; baseline 0.002 -26"><span class='ocrx_word' id='word_1_30' title='bbox 624 1278 873 1353; x_wconf 84' lang='lat' dir='ltr'><strong>Vilice</strong></span> <span class='ocrx_word' id='word_1_31' title='bbox 924 1278 1289 1352; x_wconf 83' lang='lat' dir='ltr'><strong>silvarum</strong></span> <span class='ocrx_word' id='word_1_32' title='bbox 1345 1291 1421 1353; x_wconf 93' lang='lat' dir='ltr'><strong>et</strong></span> <span class='ocrx_word' id='word_1_33' title='bbox 1470 1279 1660 1353; x_wconf 91' lang='lat' dir='ltr'><strong>mihi</strong></span> <span class='ocrx_word' id='word_1_34' title='bbox 1715 1304 1835 1353; x_wconf 89' lang='lat' dir='ltr'><strong>me</strong></span> <span class='ocrx_word' id='word_1_35' title='bbox 1887 1278 2284 1354; x_wconf 88' lang='lat' dir='ltr'><strong>reddentis</strong></span> <span class='ocrx_word' id='word_1_36' title='bbox 2337 1277 2598 1376; x_wconf 87' lang='lat' dir='ltr'><strong>agelli,</strong></span> 
     </span>
     <span class='ocr_line' id='line_1_9' title="bbox 622 1402 2616 1502; baseline 0.001 -25"><span class='ocrx_word' id='word_1_37' title='bbox 622 1402 873 1495; x_wconf 79' lang='lat' dir='ltr'><strong>Quem</strong></span> <span class='ocrx_word' id='word_1_38' title='bbox 926 1415 1007 1477; x_wconf 91' lang='lat' dir='ltr'><strong>tu</strong></span> <span class='ocrx_word' id='word_1_39' title='bbox 1064 1404 1361 1478; x_wconf 87' lang='lat' dir='ltr'><strong>fastidis</strong></span> <span class='ocrx_word' id='word_1_40' title='bbox 1410 1404 1838 1479; x_wconf 87' lang='lat' dir='ltr'><strong>habitatum</strong></span> <span class='ocrx_word' id='word_1_41' title='bbox 1893 1404 2234 1502; x_wconf 88' lang='lat' dir='ltr'><strong>quinque</strong></span> <span class='ocrx_word' id='word_1_42' title='bbox 2287 1404 2482 1478; x_wconf 82' lang='lat' dir='ltr'><strong>foc-is</strong></span> <span class='ocrx_word' id='word_1_43' title='bbox 2533 1419 2616 1478; x_wconf 89' lang='lat' dir='ltr'><strong>et</strong></span> 
     </span>
     <span class='ocr_line' id='line_1_10' title="bbox 622 1515 2782 1628; baseline 0.001 -25"><span class='ocrx_word' id='word_1_44' title='bbox 622 1529 982 1628; x_wconf 83' lang='lat' dir='ltr'><strong>Quinque</strong></span> <span class='ocrx_word' id='word_1_45' title='bbox 1040 1530 1281 1604; x_wconf 90' lang='lat' dir='ltr'><strong>bonos</strong></span> <span class='ocrx_word' id='word_1_46' title='bbox 1334 1529 1638 1604; x_wconf 86' lang='lat' dir='ltr'><strong>solitum</strong></span> <span class='ocrx_word' id='word_1_47' title='bbox 1695 1528 2013 1604; x_wconf 85' lang='lat' dir='ltr'><strong>Variam</strong></span> <span class='ocrx_word' id='word_1_48' title='bbox 2067 1515 2453 1605; x_wconf 84' lang='lat' dir='ltr'><strong>dimittere</strong></span> <span class='ocrx_word' id='word_1_49' title='bbox 2504 1543 2782 1627; x_wconf 85' lang='lat' dir='ltr'><strong>patres,</strong></span> 
     </span>
     <span class='ocr_line' id='line_1_11' title="bbox 620 1653 2580 1754; baseline -0.001 -24"><span class='ocrx_word' id='word_1_50' title='bbox 620 1653 1039 1750; x_wconf 87' lang='lat' dir='ltr'><strong>Certemus,</strong></span> <span class='ocrx_word' id='word_1_51' title='bbox 1092 1655 1349 1754; x_wconf 85' lang='lat' dir='ltr'><strong>spinas</strong></span> <span class='ocrx_word' id='word_1_52' title='bbox 1401 1655 1762 1729; x_wconf 86' lang='lat' dir='ltr'><strong>animone</strong></span> <span class='ocrx_word' id='word_1_53' title='bbox 1813 1678 1960 1750; x_wconf 86' lang='lat' dir='ltr'><strong>ego</strong></span> <span class='ocrx_word' id='word_1_54' title='bbox 2015 1653 2290 1728; x_wconf 85' lang='lat' dir='ltr'><strong>fortius</strong></span> <span class='ocrx_word' id='word_1_55' title='bbox 2347 1680 2446 1728; x_wconf 88' lang='lat' dir='ltr'><strong>an</strong></span> <span class='ocrx_word' id='word_1_56' title='bbox 2495 1667 2580 1728; x_wconf 91' lang='lat' dir='ltr'><strong>tu</strong></span> 
     </span>
    </p>
   </div>
   <div class='ocr_carea' id='block_1_6' title="bbox 510 1918 1670 4138">
    <p class='ocr_par' dir='ltr' id='par_1_7' title="bbox 510 1918 1670 4138">
     <span class='ocr_line' id='line_1_12' title="bbox 518 1918 1666 1982; baseline -0.002 -8"><span class='ocrx_word' id='word_1_57' title='bbox 518 1919 803 1982; x_wconf 86' lang='lat' dir='ltr'><strong>sticitatis‚</strong></span> <span class='ocrx_word' id='word_1_58' title='bbox 838 1923 906 1973; x_wconf 90' lang='lat' dir='ltr'><strong>ut</strong></span> <span class='ocrx_word' id='word_1_59' title='bbox 938 1918 1119 1973; x_wconf 82' lang='lat' dir='ltr'><strong>visum</strong></span> <span class='ocrx_word' id='word_1_60' title='bbox 1156 1923 1243 1974; x_wconf 84' lang='lat' dir='ltr'><strong>est</strong></span> <span class='ocrx_word' id='word_1_61' title='bbox 1270 1918 1572 1973; x_wconf 83' lang='lat' dir='ltr'><strong>nonnullis.</strong></span> <span class='ocrx_word' id='word_1_62' title='bbox 1599 1947 1666 1959; x_wconf 90' lang='lat'>-</span> 
     </span>
     <span class='ocr_line' id='line_1_13' title="bbox 517 1990 1668 2062; baseline -0.001 -16"><span class='ocrx_word' id='word_1_63' title='bbox 517 1990 733 2062; x_wconf 66' lang='lat' dir='ltr'><strong>oram]</strong></span> <span class='ocrx_word' id='word_1_64' title='bbox 794 1990 868 2046; x_wconf 93' lang='lat' dir='ltr'><strong>ab</strong></span> <span class='ocrx_word' id='word_1_65' title='bbox 920 1990 1239 2045; x_wconf 88' lang='lat' dir='ltr'><strong>hominibus</strong></span> <span class='ocrx_word' id='word_1_66' title='bbox 1296 1991 1522 2045; x_wconf 82' lang='lat' dir='ltr'><strong>obviam</strong></span> <span class='ocrx_word' id='word_1_67' title='bbox 1575 2008 1668 2046; x_wconf 85' lang='lat' dir='ltr'><strong>ve-</strong></span> 
     </span>
     <span class='ocr_line' id='line_1_14' title="bbox 519 2061 1667 2146; baseline -0.001 -29"><span class='ocrx_word' id='word_1_68' title='bbox 519 2063 803 2118; x_wconf 87' lang='lat' dir='ltr'><strong>nientibus</strong></span> <span class='ocrx_word' id='word_1_69' title='bbox 840 2068 913 2130; x_wconf 85' lang='lat' dir='ltr'><strong>et,</strong></span> <span class='ocrx_word' id='word_1_70' title='bbox 952 2061 1087 2131; x_wconf 88' lang='lat' dir='ltr'><strong>quid</strong></span> <span class='ocrx_word' id='word_1_71' title='bbox 1125 2061 1363 2146; x_wconf 76' lang='lat' dir='ltr'><strong>adferas,</strong></span> <span class='ocrx_word' id='word_1_72' title='bbox 1400 2079 1511 2132; x_wconf 88' lang='lat' dir='ltr'><strong>quo</strong></span> <span class='ocrx_word' id='word_1_73' title='bbox 1549 2068 1667 2117; x_wconf 91' lang='lat' dir='ltr'><strong>ten-</strong></span> 
     </span>
     <span class='ocr_line' id='line_1_15' title="bbox 516 2133 1666 2206; baseline -0.001 -17"><span class='ocrx_word' id='word_1_74' title='bbox 516 2135 633 2202; x_wconf 86' lang='lat' dir='ltr'><strong>das,</strong></span> <span class='ocrx_word' id='word_1_75' title='bbox 694 2133 1042 2206; x_wconf 82' lang='lat' dir='ltr'><strong>rogantibus.</strong></span> <span class='ocrx_word' id='word_1_76' title='bbox 1110 2163 1177 2174; x_wconf 90' lang='lat'><strong>·—-</strong></span> <span class='ocrx_word' id='word_1_77' title='bbox 1242 2135 1414 2188; x_wconf 76' lang='lat' dir='ltr'><strong>nitere</strong></span> <span class='ocrx_word' id='word_1_78' title='bbox 1468 2133 1666 2204; x_wconf 77' lang='lat' dir='ltr'><strong>porro]</strong></span> 
     </span>
     <span class='ocr_line' id='line_1_16' title="bbox 513 2199 1666 2289; baseline -0.004 -27"><span class='ocrx_word' id='word_1_79' title='bbox 513 2199 691 2262; x_wconf 83' lang='lat' dir='ltr'><strong>Recte</strong></span> <span class='ocrx_word' id='word_1_80' title='bbox 738 2205 1005 2260; x_wconf 84' lang='lat' dir='ltr'><strong>Orellius.</strong></span> <span class='ocrx_word' id='word_1_81' title='bbox 1068 2204 1196 2274; x_wconf 85' lang='lat' dir='ltr'><strong>„Sic</strong></span> <span class='ocrx_word' id='word_1_82' title='bbox 1244 2209 1309 2260; x_wconf 90' lang='lat' dir='ltr'><strong>ut</strong></span> <span class='ocrx_word' id='word_1_83' title='bbox 1366 2205 1666 2289; x_wconf 39' lang='lat' dir='ltr'><strong>eon-iunga-</strong></span> 
     </span>
     <span class='ocr_line' id='line_1_17' title="bbox 517 2277 1670 2347; baseline 0 -15"><span class='ocrx_word' id='word_1_84' title='bbox 517 2296 639 2332; x_wconf 87' lang='lat' dir='ltr'><strong>mus</strong></span> <span class='ocrx_word' id='word_1_85' title='bbox 688 2283 747 2332; x_wconf 90' lang='lat' dir='ltr'><strong>et</strong></span> <span class='ocrx_word' id='word_1_86' title='bbox 790 2285 955 2332; x_wconf 86' lang='lat' dir='ltr'><strong>tenor</strong></span> <span class='ocrx_word' id='word_1_87' title='bbox 1003 2277 1265 2332; x_wconf 82' lang='lat' dir='ltr'><strong>versiculi</strong></span> <span class='ocrx_word' id='word_1_88' title='bbox 1319 2278 1562 2347; x_wconf 82' lang='lat' dir='ltr'><strong>requirit</strong></span> <span class='ocrx_word' id='word_1_89' title='bbox 1611 2280 1670 2332; x_wconf 89' lang='lat' dir='ltr'><strong>et</strong></span> 
     </span>
     <span class='ocr_line' id='line_1_18' title="bbox 670 2348 1667 2418; baseline 0.001 -16"><span class='ocrx_word' id='word_1_90' title='bbox 670 2368 694 2402; x_wconf 88' lang='lat' dir='ltr'><strong>s</strong></span> <span class='ocrx_word' id='word_1_91' title='bbox 732 2349 921 2409; x_wconf 81' lang='lat' dir='ltr'><strong>etiam.</strong></span> <span class='ocrx_word' id='word_1_92' title='bbox 958 2348 1108 2418; x_wconf 88' lang='lat' dir='ltr'><strong>quod</strong></span> <span class='ocrx_word' id='word_1_93' title='bbox 1146 2367 1197 2402; x_wconf 85' lang='lat' dir='ltr'><strong>v.</strong></span> <span class='ocrx_word' id='word_1_94' title='bbox 1224 2349 1398 2404; x_wconf 74' lang='lat' dir='ltr'><strong>nitere</strong></span> <span class='ocrx_word' id='word_1_95' title='bbox 1432 2366 1547 2404; x_wconf 88' lang='lat' dir='ltr'><strong>non</strong></span> <span class='ocrx_word' id='word_1_96' title='bbox 1572 2349 1667 2403; x_wconf 87' lang='lat' dir='ltr'><strong>ad-</strong></span> 
     </span>
     <span class='ocr_line' id='line_1_19' title="bbox 516 2421 1668 2476; baseline -0.001 -1"><span class='ocrx_word' id='word_1_97' title='bbox 516 2422 637 2475; x_wconf 87' lang='lat' dir='ltr'><strong>dito</strong></span> <span class='ocrx_word' id='word_1_98' title='bbox 698 2421 967 2476; x_wconf 77' lang='lat' dir='ltr'><strong>adverbio</strong></span> <span class='ocrx_word' id='word_1_99' title='bbox 1028 2437 1191 2474; x_wconf 87' lang='lat' dir='ltr'><strong>sensu</strong></span> <span class='ocrx_word' id='word_1_100' title='bbox 1262 2427 1429 2476; x_wconf 85' lang='lat' dir='ltr'><strong>earet.</strong></span> <span class='ocrx_word' id='word_1_101' title='bbox 1524 2421 1668 2476; x_wconf 86' lang='lat' dir='ltr'><strong>Nam</strong></span> 
     </span>
     <span class='ocr_line' id='line_1_20' title="bbox 516 2491 1667 2562; baseline 0.001 -16"><span class='ocrx_word' id='word_1_102' title='bbox 516 2493 666 2562; x_wconf 89' lang='lat' dir='ltr'><strong>quod</strong></span> <span class='ocrx_word' id='word_1_103' title='bbox 704 2493 761 2545; x_wconf 91' lang='lat' dir='ltr'><strong>in</strong></span> <span class='ocrx_word' id='word_1_104' title='bbox 799 2493 959 2547; x_wconf 85' lang='lat' dir='ltr'><strong>editt.</strong></span> <span class='ocrx_word' id='word_1_105' title='bbox 1001 2491 1341 2546; x_wconf 85' lang='lat' dir='ltr'><strong>Bentleianis</strong></span> <span class='ocrx_word' id='word_1_106' title='bbox 1378 2493 1534 2548; x_wconf 88' lang='lat' dir='ltr'><strong>nulla</strong></span> <span class='ocrx_word' id='word_1_107' title='bbox 1572 2493 1667 2547; x_wconf 87' lang='lat' dir='ltr'><strong>ad-</strong></span> 
     </span>
     <span class='ocr_line' id='line_1_21' title="bbox 514 2563 1664 2635; baseline 0.001 -18"><span class='ocrx_word' id='word_1_108' title='bbox 514 2565 805 2619; x_wconf 85' lang='lat' dir='ltr'><strong>notatione</strong></span> <span class='ocrx_word' id='word_1_109' title='bbox 864 2563 1163 2618; x_wconf 88' lang='lat' dir='ltr'><strong>subiuncta</strong></span> <span class='ocrx_word' id='word_1_110' title='bbox 1218 2565 1664 2635; x_wconf 84' lang='lat' dir='ltr'><strong>interpungitur:</strong></span> 
     </span>
     <span class='ocr_line' id='line_1_22' title="bbox 513 2635 1667 2706; baseline 0 -16"><span class='ocrx_word' id='word_1_111' title='bbox 513 2641 708 2690; x_wconf 80' lang='lat' dir='ltr'><strong>oratus</strong></span> <span class='ocrx_word' id='word_1_112' title='bbox 731 2637 901 2690; x_wconf 81' lang='lat' dir='ltr'><strong>multa</strong></span> <span class='ocrx_word' id='word_1_113' title='bbox 916 2651 1089 2706; x_wconf 76' lang='lat' dir='ltr'><strong>prece,</strong></span> <span class='ocrx_word' id='word_1_114' title='bbox 1111 2637 1300 2691; x_wconf 74' lang='lat' dir='ltr'><strong>nitere.</strong></span> <span class='ocrx_word' id='word_1_115' title='bbox 1320 2651 1487 2704; x_wconf 77' lang='lat' dir='ltr'><strong>porro</strong></span> <span class='ocrx_word' id='word_1_116' title='bbox 1520 2635 1667 2690; x_wconf 76' lang='lat' dir='ltr'><strong>Vade</strong></span> 
     </span>
     <span class='ocr_line' id='line_1_23' title="bbox 515 2706 1664 2762; baseline -0.002 0"><span class='ocrx_word' id='word_1_117' title='bbox 515 2713 621 2762; x_wconf 84' lang='lat' dir='ltr'><strong>oet.</strong></span> <span class='ocrx_word' id='word_1_118' title='bbox 644 2723 811 2762; x_wconf 85' lang='lat' dir='ltr'><strong>caeco</strong></span> <span class='ocrx_word' id='word_1_119' title='bbox 831 2723 961 2762; x_wconf 86' lang='lat' dir='ltr'><strong>casu</strong></span> <span class='ocrx_word' id='word_1_120' title='bbox 980 2706 1191 2761; x_wconf 82' lang='lat' dir='ltr'><strong>factum</strong></span> <span class='ocrx_word' id='word_1_121' title='bbox 1218 2707 1497 2761; x_wconf 85' lang='lat' dir='ltr'><strong>videtur.“</strong></span> <span class='ocrx_word' id='word_1_122' title='bbox 1523 2707 1664 2761; x_wconf 89' lang='lat' dir='ltr'><strong>Ben-</strong></span> 
     </span>
     <span class='ocr_line' id='line_1_24' title="bbox 513 2779 1667 2848; baseline -0.001 -15"><span class='ocrx_word' id='word_1_123' title='bbox 513 2779 711 2833; x_wconf 87' lang='lat' dir='ltr'><strong>tleium</strong></span> <span class='ocrx_word' id='word_1_124' title='bbox 731 2783 919 2833; x_wconf 87' lang='lat' dir='ltr'><strong>tamen</strong></span> <span class='ocrx_word' id='word_1_125' title='bbox 939 2780 1112 2833; x_wconf 87' lang='lat' dir='ltr'><strong>secuti</strong></span> <span class='ocrx_word' id='word_1_126' title='bbox 1132 2783 1263 2832; x_wconf 87' lang='lat' dir='ltr'><strong>sunt</strong></span> <span class='ocrx_word' id='word_1_127' title='bbox 1279 2779 1508 2848; x_wconf 87' lang='lat' dir='ltr'><strong>Haupt.,</strong></span> <span class='ocrx_word' id='word_1_128' title='bbox 1530 2779 1667 2832; x_wconf 85' lang='lat' dir='ltr'><strong>Mei·</strong></span> 
     </span>
     <span class='ocr_line' id='line_1_25' title="bbox 514 2850 1663 2918; baseline -0.001 -13"><span class='ocrx_word' id='word_1_129' title='bbox 514 2851 657 2912; x_wconf 84' lang='lat' dir='ltr'><strong>nek..</strong></span> <span class='ocrx_word' id='word_1_130' title='bbox 700 2850 945 2910; x_wconf 64' lang='lat' dir='ltr'><strong>Linker„</strong></span> <span class='ocrx_word' id='word_1_131' title='bbox 985 2850 1257 2918; x_wconf 63' lang='lat' dir='ltr'><strong>Mueller„</strong></span> <span class='ocrx_word' id='word_1_132' title='bbox 1302 2867 1415 2904; x_wconf 90' lang='lat' dir='ltr'><strong>non</strong></span> <span class='ocrx_word' id='word_1_133' title='bbox 1454 2851 1663 2905; x_wconf 85' lang='lat' dir='ltr'><strong>Keller.</strong></span> 
     </span>
     <span class='ocr_line' id='line_1_26' title="bbox 516 2921 1665 2978; baseline 0.001 -2"><span class='ocrx_word' id='word_1_134' title='bbox 516 2928 615 2976; x_wconf 89' lang='lat' dir='ltr'><strong>aut</strong></span> <span class='ocrx_word' id='word_1_135' title='bbox 636 2921 922 2978; x_wconf 87' lang='lat' dir='ltr'><strong>Eckstein.</strong></span> <span class='ocrx_word' id='word_1_136' title='bbox 968 2922 1161 2976; x_wconf 79' lang='lat' dir='ltr'><strong>Nitere</strong></span> <span class='ocrx_word' id='word_1_137' title='bbox 1196 2923 1431 2976; x_wconf 80' lang='lat' dir='ltr'><strong>verbum</strong></span> <span class='ocrx_word' id='word_1_138' title='bbox 1468 2921 1665 2977; x_wconf 85' lang='lat' dir='ltr'><strong>adver-</strong></span> 
     </span>
     <span class='ocr_line' id='line_1_27' title="bbox 516 2992 1666 3065; baseline 0.001 -17"><span class='ocrx_word' id='word_1_139' title='bbox 516 2994 611 3048; x_wconf 92' lang='lat' dir='ltr'><strong>bio</strong></span> <span class='ocrx_word' id='word_1_140' title='bbox 652 3010 821 3065; x_wconf 72' lang='lat' dir='ltr'><strong>porro</strong></span> <span class='ocrx_word' id='word_1_141' title='bbox 857 2992 1189 3047; x_wconf 85' lang='lat' dir='ltr'><strong>destitutum</strong></span> <span class='ocrx_word' id='word_1_142' title='bbox 1226 2995 1451 3047; x_wconf 90' lang='lat' dir='ltr'><strong>omnino</strong></span> <span class='ocrx_word' id='word_1_143' title='bbox 1498 2995 1666 3049; x_wconf 90' lang='lat' dir='ltr'><strong>inane</strong></span> 
     </span>
     <span class='ocr_line' id='line_1_28' title="bbox 516 3065 1662 3134; baseline -0.002 -14"><span class='ocrx_word' id='word_1_144' title='bbox 516 3071 675 3134; x_wconf 87' lang='lat' dir='ltr'><strong>esset,</strong></span> <span class='ocrx_word' id='word_1_145' title='bbox 730 3070 795 3119; x_wconf 88' lang='lat' dir='ltr'><strong>ut</strong></span> <span class='ocrx_word' id='word_1_146' title='bbox 840 3065 1097 3120; x_wconf 86' lang='lat' dir='ltr'><strong>Kellerus</strong></span> <span class='ocrx_word' id='word_1_147' title='bbox 1155 3065 1295 3118; x_wconf 87' lang='lat' dir='ltr'><strong>bene</strong></span> <span class='ocrx_word' id='word_1_148' title='bbox 1347 3066 1662 3120; x_wconf 78' lang='lat' dir='ltr'><strong>docuit.—</strong></span> 
     </span>
     <span class='ocr_line' id='line_1_29' title="bbox 514 3136 1664 3207; baseline 0.001 -15"><span class='ocrx_word' id='word_1_149' title='bbox 514 3136 735 3207; x_wconf 70' lang='lat' dir='ltr'><strong>titubes]</strong></span> <span class='ocrx_word' id='word_1_150' title='bbox 774 3136 1042 3191; x_wconf 85' lang='lat' dir='ltr'><strong>Extrema</strong></span> <span class='ocrx_word' id='word_1_151' title='bbox 1066 3142 1123 3190; x_wconf 87' lang='lat' dir='ltr'><strong>et</strong></span> <span class='ocrx_word' id='word_1_152' title='bbox 1159 3137 1437 3207; x_wconf 87' lang='lat' dir='ltr'><strong>generalis</strong></span> <span class='ocrx_word' id='word_1_153' title='bbox 1474 3138 1664 3192; x_wconf 85' lang='lat' dir='ltr'><strong>admo-</strong></span> 
     </span>
     <span class='ocr_line' id='line_1_30' title="bbox 515 3207 1661 3278; baseline 0.002 -16"><span class='ocrx_word' id='word_1_154' title='bbox 515 3209 677 3272; x_wconf 82' lang='lat' dir='ltr'><strong>nitio,</strong></span> <span class='ocrx_word' id='word_1_155' title='bbox 733 3225 803 3263; x_wconf 87' lang='lat' dir='ltr'><strong>ne</strong></span> <span class='ocrx_word' id='word_1_156' title='bbox 849 3207 985 3278; x_wconf 87' lang='lat' dir='ltr'><strong>quid</strong></span> <span class='ocrx_word' id='word_1_157' title='bbox 1036 3209 1329 3262; x_wconf 84' lang='lat' dir='ltr'><strong>commissa</strong></span> <span class='ocrx_word' id='word_1_158' title='bbox 1372 3225 1434 3264; x_wconf 86' lang='lat' dir='ltr'><strong>re</strong></span> <span class='ocrx_word' id='word_1_159' title='bbox 1488 3210 1661 3264; x_wconf 90' lang='lat' dir='ltr'><strong>delin-</strong></span> 
     </span>
     <span class='ocr_line' id='line_1_31' title="bbox 518 3279 1662 3350; baseline 0.002 -16"><span class='ocrx_word' id='word_1_160' title='bbox 518 3286 672 3350; x_wconf 87' lang='lat' dir='ltr'><strong>quat,</strong></span> <span class='ocrx_word' id='word_1_161' title='bbox 712 3281 896 3334; x_wconf 88' lang='lat' dir='ltr'><strong>Plaut.</strong></span> <span class='ocrx_word' id='word_1_162' title='bbox 937 3279 1057 3334; x_wconf 85' lang='lat' dir='ltr'><strong>Mil.</strong></span> <span class='ocrx_word' id='word_1_163' title='bbox 1095 3279 1197 3350; x_wconf 89' lang='lat'><strong>111,</strong></span> <span class='ocrx_word' id='word_1_164' title='bbox 1237 3284 1287 3349; x_wconf 87' lang='lat'><strong>3,</strong></span> <span class='ocrx_word' id='word_1_165' title='bbox 1319 3283 1412 3334; x_wconf 76' lang='lat'><strong>70:</strong></span> <span class='ocrx_word' id='word_1_166' title='bbox 1450 3285 1662 3349; x_wconf 86' lang='lat' dir='ltr'><strong>„Accu-</strong></span> 
     </span>
     <span class='ocr_line' id='line_1_32' title="bbox 514 3351 1662 3422; baseline 0.001 -16"><span class='ocrx_word' id='word_1_167' title='bbox 514 3357 638 3407; x_wconf 87' lang='lat' dir='ltr'><strong>rate</strong></span> <span class='ocrx_word' id='word_1_168' title='bbox 670 3357 728 3406; x_wconf 88' lang='lat' dir='ltr'><strong>et</strong></span> <span class='ocrx_word' id='word_1_169' title='bbox 751 3351 1037 3407; x_wconf 83' lang='lat' dir='ltr'><strong>commode</strong></span> <span class='ocrx_word' id='word_1_170' title='bbox 1075 3352 1183 3406; x_wconf 87' lang='lat' dir='ltr'><strong>hoe</strong></span> <span class='ocrx_word' id='word_1_171' title='bbox 1210 3353 1362 3421; x_wconf 90' lang='lat' dir='ltr'><strong>quod</strong></span> <span class='ocrx_word' id='word_1_172' title='bbox 1386 3353 1662 3422; x_wconf 87' lang='lat' dir='ltr'><strong>agendum</strong></span> 
     </span>
     <span class='ocr_line' id='line_1_33' title="bbox 516 3423 1663 3493; baseline 0 -15"><span class='ocrx_word' id='word_1_173' title='bbox 516 3429 603 3478; x_wconf 88' lang='lat' dir='ltr'><strong>est</strong></span> <span class='ocrx_word' id='word_1_174' title='bbox 636 3440 1021 3493; x_wconf 84' lang='lat' dir='ltr'><strong>exsequamur,</strong></span> <span class='ocrx_word' id='word_1_175' title='bbox 1060 3423 1143 3478; x_wconf 85' lang='lat' dir='ltr'><strong>Ne</strong></span> <span class='ocrx_word' id='word_1_176' title='bbox 1180 3424 1336 3493; x_wconf 80' lang='lat' dir='ltr'><strong>quid,</strong></span> <span class='ocrx_word' id='word_1_177' title='bbox 1372 3424 1471 3478; x_wconf 87' lang='lat' dir='ltr'><strong>ubi</strong></span> <span class='ocrx_word' id='word_1_178' title='bbox 1508 3425 1663 3478; x_wconf 87' lang='lat' dir='ltr'><strong>miles</strong></span> 
     </span>
     <span class='ocr_line' id='line_1_34' title="bbox 518 3495 1664 3565; baseline 0.002 -16"><span class='ocrx_word' id='word_1_179' title='bbox 518 3495 752 3563; x_wconf 71' lang='lat' dir='ltr'><strong>venerit,</strong></span> <span class='ocrx_word' id='word_1_180' title='bbox 789 3495 1120 3550; x_wconf 83' lang='lat' dir='ltr'><strong>titubetur.“</strong></span> <span class='ocrx_word' id='word_1_181' title='bbox 1146 3525 1212 3535; x_wconf 98' lang='lat'><strong>—</strong></span> <span class='ocrx_word' id='word_1_182' title='bbox 1248 3495 1399 3565; x_wconf 78' lang='lat' dir='ltr'><strong>cave]</strong></span> <span class='ocrx_word' id='word_1_183' title='bbox 1438 3496 1507 3551; x_wconf 90' lang='lat' dir='ltr'><strong>de</strong></span> <span class='ocrx_word' id='word_1_184' title='bbox 1543 3513 1664 3551; x_wconf 87' lang='lat' dir='ltr'><strong>cor·</strong></span> 
     </span>
     <span class='ocr_line' id='line_1_35' title="bbox 516 3567 1662 3636; baseline 0.002 -16"><span class='ocrx_word' id='word_1_185' title='bbox 516 3573 679 3636; x_wconf 86' lang='lat' dir='ltr'><strong>repta</strong></span> <span class='ocrx_word' id='word_1_186' title='bbox 724 3567 923 3622; x_wconf 86' lang='lat' dir='ltr'><strong>ultima</strong></span> <span class='ocrx_word' id='word_1_187' title='bbox 977 3567 1192 3635; x_wconf 80' lang='lat' dir='ltr'><strong>syllaba</strong></span> <span class='ocrx_word' id='word_1_188' title='bbox 1238 3585 1305 3621; x_wconf 87' lang='lat' dir='ltr'><strong>ex</strong></span> <span class='ocrx_word' id='word_1_189' title='bbox 1354 3585 1456 3621; x_wconf 88' lang='lat' dir='ltr'><strong>usu</strong></span> <span class='ocrx_word' id='word_1_190' title='bbox 1510 3569 1662 3622; x_wconf 83' lang='lat' dir='ltr'><strong>vitae</strong></span> 
     </span>
     <span class='ocr_line' id='line_1_36' title="bbox 516 3637 1662 3708; baseline 0.001 -15"><span class='ocrx_word' id='word_1_191' title='bbox 516 3639 825 3694; x_wconf 83' lang='lat' dir='ltr'><strong>cottidiano</strong></span> <span class='ocrx_word' id='word_1_192' title='bbox 887 3639 1019 3693; x_wconf 80' lang='lat' dir='ltr'><strong>vide</strong></span> <span class='ocrx_word' id='word_1_193' title='bbox 1080 3639 1151 3692; x_wconf 86' lang='lat' dir='ltr'><strong>ad</strong></span> <span class='ocrx_word' id='word_1_194' title='bbox 1196 3637 1312 3692; x_wconf 86' lang='lat' dir='ltr'><strong>Sat.</strong></span> <span class='ocrx_word' id='word_1_195' title='bbox 1357 3638 1429 3700; x_wconf 92' lang='lat'><strong>11,</strong></span> <span class='ocrx_word' id='word_1_196' title='bbox 1480 3641 1531 3708; x_wconf 77' lang='grc' dir='ltr'><strong>Β,</strong></span> <span class='ocrx_word' id='word_1_197' title='bbox 1577 3641 1662 3694; x_wconf 78' lang='lat'><strong>38.</strong></span> 
     </span>
     <span class='ocr_line' id='line_1_37' title="bbox 516 3710 1664 3780; baseline 0.001 -16"><span class='ocrx_word' id='word_1_198' title='bbox 516 3710 631 3766; x_wconf 88' lang='lat' dir='ltr'><strong>Sat.</strong></span> <span class='ocrx_word' id='word_1_199' title='bbox 656 3710 730 3774; x_wconf 91' lang='lat'><strong>11,</strong></span> <span class='ocrx_word' id='word_1_200' title='bbox 762 3711 812 3777; x_wconf 83' lang='lat'><strong>5,</strong></span> <span class='ocrx_word' id='word_1_201' title='bbox 840 3711 929 3765; x_wconf 74' lang='lat'><strong>76.</strong></span> <span class='ocrx_word' id='word_1_202' title='bbox 966 3711 1145 3780; x_wconf 84' lang='lat' dir='ltr'><strong>Epod.</strong></span> <span class='ocrx_word' id='word_1_203' title='bbox 1184 3711 1236 3778; x_wconf 84' lang='lat'><strong>6,</strong></span> <span class='ocrx_word' id='word_1_204' title='bbox 1278 3713 1361 3764; x_wconf 90' lang='grc'><strong>11.</strong></span> <span class='ocrx_word' id='word_1_205' title='bbox 1402 3739 1469 3752; x_wconf 90' lang='lat'>-</span> <span class='ocrx_word' id='word_1_206' title='bbox 1505 3712 1664 3778; x_wconf 74' lang='lat' dir='ltr'><strong>fran-</strong></span> 
     </span>
     <span class='ocr_line' id='line_1_38' title="bbox 510 3751 1662 3852; baseline 0 -16"><span class='ocrx_word' id='word_1_207' title='bbox 510 3782 635 3852; x_wconf 62' lang='grc' dir='ltr'><strong>ραι]</strong></span> <span class='ocrx_word' id='word_1_208' title='bbox 696 3751 842 3837; x_wconf 75' lang='lat' dir='ltr'><strong>male</strong></span> <span class='ocrx_word' id='word_1_209' title='bbox 898 3783 1247 3850; x_wconf 80' lang='lat' dir='ltr'><strong>exsequaris3</strong></span> <span class='ocrx_word' id='word_1_210' title='bbox 1309 3787 1373 3836; x_wconf 87' lang='lat' dir='ltr'><strong>ut</strong></span> <span class='ocrx_word' id='word_1_211' title='bbox 1426 3783 1662 3837; x_wconf 84' lang='lat' dir='ltr'><strong>dicimus</strong></span> 
     </span>
     <span class='ocr_line' id='line_1_39' title="bbox 510 3851 1662 3924; baseline 0 -17"><span class='ocrx_word' id='word_1_212' title='bbox 510 3851 1081 3924; x_wconf 70' lang='lat' dir='ltr'><strong>fidem,1e9ae,t&#39;oedus</strong></span> <span class='ocrx_word' id='word_1_213' title='bbox 1101 3853 1372 3922; x_wconf 71' lang='lat' dir='ltr'><strong>franyere.</strong></span> <span class='ocrx_word' id='word_1_214' title='bbox 1410 3853 1620 3908; x_wconf 84' lang='lat' dir='ltr'><strong>Nulla&#39;</strong></span> <span class='ocrx_word' id='word_1_215' title='bbox 1603 3871 1662 3907; x_wconf 88' lang='grc' dir='ltr'><strong>ιιι</strong></span> 
     </span>
     <span class='ocr_line' id='line_1_40' title="bbox 514 3925 1662 3995; baseline 0.002 -17"><span class='ocrx_word' id='word_1_216' title='bbox 514 3925 620 3979; x_wconf 87' lang='lat' dir='ltr'><strong>hoc</strong></span> <span class='ocrx_word' id='word_1_217' title='bbox 670 3926 797 3979; x_wconf 90' lang='lat' dir='ltr'><strong>loco</strong></span> <span class='ocrx_word' id='word_1_218' title='bbox 846 3925 1025 3978; x_wconf 88' lang='lat' dir='ltr'><strong>inesse</strong></span> <span class='ocrx_word' id='word_1_219' title='bbox 1073 3925 1299 3979; x_wconf 79' lang='lat' dir='ltr'><strong>videtur</strong></span> <span class='ocrx_word' id='word_1_220' title='bbox 1358 3925 1662 3995; x_wconf 82' lang='lat' dir='ltr'><strong>descriptio</strong></span> 
     </span>
     <span class='ocr_line' id='line_1_41' title="bbox 514 3995 1662 4066; baseline 0.003 -16"><span class='ocrx_word' id='word_1_221' title='bbox 514 3997 657 4050; x_wconf 88' lang='lat' dir='ltr'><strong>asini</strong></span> <span class='ocrx_word' id='word_1_222' title='bbox 705 3995 1022 4063; x_wconf 86' lang='lat' dir='ltr'><strong>titubantis,</strong></span> <span class='ocrx_word' id='word_1_223' title='bbox 1081 3997 1498 4066; x_wconf 83' lang='lat' dir='ltr'><strong>procumbentis</strong></span> <span class='ocrx_word' id='word_1_224' title='bbox 1549 4015 1662 4052; x_wconf 90' lang='lat' dir='ltr'><strong>res·</strong></span> 
     </span>
     <span class='ocr_line' id='line_1_42' title="bbox 514 4068 1316 4138; baseline -0.001 -17"><span class='ocrx_word' id='word_1_225' title='bbox 514 4085 624 4136; x_wconf 89' lang='lat' dir='ltr'><strong>que</strong></span> <span class='ocrx_word' id='word_1_226' title='bbox 658 4068 947 4137; x_wconf 87' lang='lat' dir='ltr'><strong>impositas</strong></span> <span class='ocrx_word' id='word_1_227' title='bbox 984 4068 1316 4138; x_wconf 82' lang='lat' dir='ltr'><strong>frangentis.</strong></span> 
     </span>
    </p>
   </div>
   <div class='ocr_carea' id='block_1_7' title="bbox 828 4183 1337 4256">
    <p class='ocr_par' dir='ltr' id='par_1_8' title="bbox 828 4183 1337 4256">
     <span class='ocr_line' id='line_1_43' title="bbox 828 4183 1337 4256; baseline 0 -17"><span class='ocrx_word' id='word_1_228' title='bbox 828 4184 1155 4256; x_wconf 83' lang='lat' dir='ltr'><strong>Epistula</strong></span> <span class='ocrx_word' id='word_1_229' title='bbox 1191 4183 1337 4239; x_wconf 87' lang='lat' dir='ltr'><strong>XIV.</strong></span> 
     </span>
    </p>
   </div>
   <div class='ocr_carea' id='block_1_8' title="bbox 512 4281 1659 4564">
    <p class='ocr_par' dir='ltr' id='par_1_9' title="bbox 512 4281 1659 4564">
     <span class='ocr_line' id='line_1_44' title="bbox 584 4281 1659 4351; baseline -0.001 -16"><span class='ocrx_word' id='word_1_230' title='bbox 584 4281 737 4336; x_wconf 86' lang='lat' dir='ltr'><strong>Haeo</strong></span> <span class='ocrx_word' id='word_1_231' title='bbox 774 4281 1014 4351; x_wconf 87' lang='lat' dir='ltr'><strong>epistula</strong></span> <span class='ocrx_word' id='word_1_232' title='bbox 1042 4282 1198 4336; x_wconf 79' lang='lat' dir='ltr'><strong>vilici</strong></span> <span class='ocrx_word' id='word_1_233' title='bbox 1234 4283 1457 4336; x_wconf 89' lang='lat' dir='ltr'><strong>nomine</strong></span> <span class='ocrx_word' id='word_1_234' title='bbox 1494 4281 1659 4335; x_wconf 87' lang='lat' dir='ltr'><strong>simu-</strong></span> 
     </span>
     <span class='ocr_line' id='line_1_45' title="bbox 512 4353 1659 4408; baseline 0.001 -2"><span class='ocrx_word' id='word_1_235' title='bbox 512 4353 631 4407; x_wconf 89' lang='lat' dir='ltr'><strong>lato</strong></span> <span class='ocrx_word' id='word_1_236' title='bbox 690 4355 997 4408; x_wconf 85' lang='lat' dir='ltr'><strong>amicorum</strong></span> <span class='ocrx_word' id='word_1_237' title='bbox 1057 4371 1223 4408; x_wconf 84' lang='lat' dir='ltr'><strong>causa</strong></span> <span class='ocrx_word' id='word_1_238' title='bbox 1285 4353 1359 4407; x_wconf 87' lang='lat' dir='ltr'><strong>ab</strong></span> <span class='ocrx_word' id='word_1_239' title='bbox 1419 4353 1659 4407; x_wconf 88' lang='lat' dir='ltr'><strong>Horatio</strong></span> 
     </span>
     <span class='ocr_line' id='line_1_46' title="bbox 514 4424 1656 4492; baseline 0.004 -17"><span class='ocrx_word' id='word_1_240' title='bbox 514 4425 725 4492; x_wconf 85' lang='lat' dir='ltr'><strong>scripta</strong></span> <span class='ocrx_word' id='word_1_241' title='bbox 764 4429 863 4478; x_wconf 90' lang='lat' dir='ltr'><strong>est.</strong></span> <span class='ocrx_word' id='word_1_242' title='bbox 938 4424 991 4478; x_wconf 88' lang='lat' dir='ltr'><strong>Is</strong></span> <span class='ocrx_word' id='word_1_243' title='bbox 1042 4427 1189 4479; x_wconf 87' lang='lat' dir='ltr'><strong>enim</strong></span> <span class='ocrx_word' id='word_1_244' title='bbox 1236 4441 1363 4480; x_wconf 88' lang='lat' dir='ltr'><strong>oum</strong></span> <span class='ocrx_word' id='word_1_245' title='bbox 1407 4425 1479 4479; x_wconf 87' lang='lat' dir='ltr'><strong>ad</strong></span> <span class='ocrx_word' id='word_1_246' title='bbox 1526 4441 1656 4479; x_wconf 88' lang='lat' dir='ltr'><strong>eon-</strong></span> 
     </span>
     <span class='ocr_line' id='line_1_47' title="bbox 515 4493 1656 4564; baseline 0.004 -18"><span class='ocrx_word' id='word_1_247' title='bbox 515 4493 803 4547; x_wconf 89' lang='lat' dir='ltr'><strong>solandum</strong></span> <span class='ocrx_word' id='word_1_248' title='bbox 840 4495 906 4548; x_wconf 86' lang='lat' dir='ltr'><strong>L.</strong></span> <span class='ocrx_word' id='word_1_249' title='bbox 928 4497 1152 4549; x_wconf 83' lang='lat' dir='ltr'><strong>Aelium</strong></span> <span class='ocrx_word' id='word_1_250' title='bbox 1172 4496 1427 4550; x_wconf 87' lang='lat' dir='ltr'><strong>Lamiam</strong></span> <span class='ocrx_word' id='word_1_251' title='bbox 1448 4496 1656 4564; x_wconf 88' lang='lat' dir='ltr'><strong>(Carm.</strong></span> 
     </span>
    </p>
   </div>
   <div class='ocr_carea' id='block_1_9' title="bbox 515 4562 1656 4638">
    <p class='ocr_par' dir='ltr' id='par_1_10' title="bbox 515 4562 1656 4638">
     <span class='ocr_line' id='line_1_48' title="bbox 515 4562 1656 4638; baseline 0.005 -22"><span class='ocrx_word' id='word_1_252' title='bbox 515 4562 1119 4638; x_wconf 76' lang='lat' dir='ltr'><strong>1,26.1,se.111,17)</strong></span> <span class='ocrx_word' id='word_1_253' title='bbox 1152 4567 1223 4621; x_wconf 89' lang='lat' dir='ltr'><strong>de</strong></span> <span class='ocrx_word' id='word_1_254' title='bbox 1258 4573 1439 4622; x_wconf 89' lang='lat' dir='ltr'><strong>morte</strong></span> <span class='ocrx_word' id='word_1_255' title='bbox 1462 4568 1656 4636; x_wconf 78' lang='lat' dir='ltr'><strong>Quinti</strong></span> 
     </span>
    </p>
   </div>
   <div class='ocr_carea' id='block_1_10' title="bbox 1763 1917 2890 2403">
    <p class='ocr_par' dir='ltr' id='par_1_11' title="bbox 1763 1917 2890 2403">
     <span class='ocr_line' id='line_1_49' title="bbox 1764 1917 2890 1975; baseline -0.001 -3"><span class='ocrx_word' id='word_1_256' title='bbox 1764 1918 1958 1974; x_wconf 85' lang='lat' dir='ltr'><strong>fratris</strong></span> <span class='ocrx_word' id='word_1_257' title='bbox 2021 1917 2234 1973; x_wconf 85' lang='lat' dir='ltr'><strong>diutius</strong></span> <span class='ocrx_word' id='word_1_258' title='bbox 2283 1919 2398 1975; x_wconf 87' lang='lat' dir='ltr'><strong>iam</strong></span> <span class='ocrx_word' id='word_1_259' title='bbox 2465 1921 2527 1973; x_wconf 89' lang='lat' dir='ltr'><strong>in</strong></span> <span class='ocrx_word' id='word_1_260' title='bbox 2583 1919 2726 1974; x_wconf 87' lang='lat' dir='ltr'><strong>urbe</strong></span> <span class='ocrx_word' id='word_1_261' title='bbox 2773 1921 2890 1972; x_wconf 78' lang='lat' dir='ltr'><strong>esset</strong></span> 
     </span>
     <span class='ocr_line' id='line_1_50' title="bbox 1765 1990 2888 2062; baseline -0.004 -16"><span class='ocrx_word' id='word_1_262' title='bbox 1765 1993 2155 2058; x_wconf 79' lang='lat' dir='ltr'><strong>commoratus,</strong></span> <span class='ocrx_word' id='word_1_263' title='bbox 2217 2007 2421 2062; x_wconf 86' lang='lat' dir='ltr'><strong>magno</strong></span> <span class='ocrx_word' id='word_1_264' title='bbox 2479 1990 2888 2061; x_wconf 74' lang='lat' dir='ltr'><strong>tranquillitatis</strong></span> 
     </span>
     <span class='ocr_line' id='line_1_51' title="bbox 1763 2061 2889 2128; baseline -0.002 -12"><span class='ocrx_word' id='word_1_265' title='bbox 1763 2061 2044 2117; x_wconf 88' lang='lat' dir='ltr'><strong>desiderio</strong></span> <span class='ocrx_word' id='word_1_266' title='bbox 2082 2063 2141 2116; x_wconf 91' lang='lat' dir='ltr'><strong>in</strong></span> <span class='ocrx_word' id='word_1_267' title='bbox 2177 2063 2370 2116; x_wconf 85' lang='lat' dir='ltr'><strong>villam</strong></span> <span class='ocrx_word' id='word_1_268' title='bbox 2397 2081 2552 2118; x_wconf 88' lang='lat' dir='ltr'><strong>suam</strong></span> <span class='ocrx_word' id='word_1_269' title='bbox 2577 2067 2808 2128; x_wconf 80' lang='lat' dir='ltr'><strong>tractus,</strong></span> <span class='ocrx_word' id='word_1_270' title='bbox 2834 2061 2889 2116; x_wconf 79' lang='lat' dir='ltr'><strong>ab</strong></span> 
     </span>
     <span class='ocr_line' id='line_1_52' title="bbox 1765 2133 2888 2198; baseline -0.004 -9"><span class='ocrx_word' id='word_1_271' title='bbox 1765 2135 1958 2189; x_wconf 86' lang='lat' dir='ltr'><strong>amicis</strong></span> <span class='ocrx_word' id='word_1_272' title='bbox 2001 2139 2192 2188; x_wconf 87' lang='lat' dir='ltr'><strong>tamen</strong></span> <span class='ocrx_word' id='word_1_273' title='bbox 2229 2133 2458 2189; x_wconf 80' lang='lat' dir='ltr'><strong>videtur</strong></span> <span class='ocrx_word' id='word_1_274' title='bbox 2493 2151 2612 2189; x_wconf 88' lang='lat' dir='ltr'><strong>esse</strong></span> <span class='ocrx_word' id='word_1_275' title='bbox 2650 2137 2888 2198; x_wconf 78' lang='lat' dir='ltr'><strong>retentus,</strong></span> 
     </span>
     <span class='ocr_line' id='line_1_53' title="bbox 1763 2205 2889 2276; baseline -0.002 -18"><span class='ocrx_word' id='word_1_276' title='bbox 1763 2205 2140 2260; x_wconf 76' lang='lat' dir='ltr'><strong>nescientibus</strong></span> <span class='ocrx_word' id='word_1_277' title='bbox 2212 2223 2396 2274; x_wconf 88' lang='lat' dir='ltr'><strong>neque</strong></span> <span class='ocrx_word' id='word_1_278' title='bbox 2461 2205 2889 2276; x_wconf 76' lang='lat' dir='ltr'><strong>intellegentibus</strong></span> 
     </span>
     <span class='ocr_line' id='line_1_54' title="bbox 1763 2277 2888 2347; baseline -0.003 -16"><span class='ocrx_word' id='word_1_279' title='bbox 1763 2277 1901 2347; x_wconf 88' lang='lat' dir='ltr'><strong>quid</strong></span> <span class='ocrx_word' id='word_1_280' title='bbox 1961 2281 2187 2346; x_wconf 81' lang='lat' dir='ltr'><strong>poetam</strong></span> <span class='ocrx_word' id='word_1_281' title='bbox 2243 2282 2364 2331; x_wconf 89' lang='lat' dir='ltr'><strong>tam</strong></span> <span class='ocrx_word' id='word_1_282' title='bbox 2423 2278 2782 2333; x_wconf 83' lang='lat' dir='ltr'><strong>vehementer</strong></span> <span class='ocrx_word' id='word_1_283' title='bbox 2837 2293 2888 2329; x_wconf 81' lang='lat' dir='ltr'><strong>ex</strong></span> 
     </span>
     <span class='ocr_line' id='line_1_55' title="bbox 1763 2348 2889 2403; baseline -0.001 0"><span class='ocrx_word' id='word_1_284' title='bbox 1763 2349 1902 2403; x_wconf 87' lang='lat' dir='ltr'><strong>urbe</strong></span> <span class='ocrx_word' id='word_1_285' title='bbox 1948 2349 2008 2402; x_wconf 89' lang='lat' dir='ltr'><strong>in</strong></span> <span class='ocrx_word' id='word_1_286' title='bbox 2043 2348 2314 2402; x_wconf 77' lang='lat' dir='ltr'><strong>rusticam</strong></span> <span class='ocrx_word' id='word_1_287' title='bbox 2357 2348 2720 2403; x_wconf 84' lang='lat' dir='ltr'><strong>solitudinem</strong></span> <span class='ocrx_word' id='word_1_288' title='bbox 2759 2365 2889 2402; x_wconf 79' lang='lat' dir='ltr'><strong>vocs·</strong></span> 
     </span>
    </p>
   </div>
   <div class='ocr_carea' id='block_1_11' title="bbox 1761 2413 2993 2488">
    <p class='ocr_par' dir='ltr' id='par_1_12' title="bbox 1761 2413 2993 2488">
     <span class='ocr_line' id='line_1_56' title="bbox 1761 2413 2993 2488; baseline -0.004 -13"><span class='ocrx_word' id='word_1_289' title='bbox 1761 2425 1866 2475; x_wconf 87' lang='lat' dir='ltr'><strong>ret.</strong></span> <span class='ocrx_word' id='word_1_290' title='bbox 1939 2419 2090 2488; x_wconf 77' lang='lat' dir='ltr'><strong>Quos</strong></span> <span class='ocrx_word' id='word_1_291' title='bbox 2135 2423 2202 2474; x_wconf 88' lang='lat' dir='ltr'><strong>ut</strong></span> <span class='ocrx_word' id='word_1_292' title='bbox 2251 2421 2322 2474; x_wconf 87' lang='lat' dir='ltr'><strong>de</strong></span> <span class='ocrx_word' id='word_1_293' title='bbox 2368 2420 2540 2474; x_wconf 88' lang='lat' dir='ltr'><strong>animi</strong></span> <span class='ocrx_word' id='word_1_294' title='bbox 2591 2421 2678 2474; x_wconf 85' lang='lat' dir='ltr'><strong>aui</strong></span> <span class='ocrx_word' id='word_1_295' title='bbox 2731 2419 2888 2474; x_wconf 84' lang='lat' dir='ltr'><strong>condi-</strong></span> <span class='ocrx_word' id='word_1_296' title='bbox 2992 2413 2993 2420; x_wconf 65' lang='lat'><em>&#39;</em></span> 
     </span>
    </p>
   </div>
   <div class='ocr_carea' id='block_1_12' title="bbox 1749 2491 2993 4638">
    <p class='ocr_par' dir='ltr' id='par_1_13' title="bbox 1749 2491 2993 4638">
     <span class='ocr_line' id='line_1_57' title="bbox 1763 2491 2888 2558; baseline -0.004 -12"><span class='ocrx_word' id='word_1_297' title='bbox 1763 2493 1920 2547; x_wconf 86' lang='lat' dir='ltr'><strong>oione</strong></span> <span class='ocrx_word' id='word_1_298' title='bbox 1958 2491 2203 2558; x_wconf 83' lang='lat' dir='ltr'><strong>doceret,</strong></span> <span class='ocrx_word' id='word_1_299' title='bbox 2239 2492 2384 2546; x_wconf 87' lang='lat' dir='ltr'><strong>hanc</strong></span> <span class='ocrx_word' id='word_1_300' title='bbox 2409 2493 2480 2546; x_wconf 88' lang='lat' dir='ltr'><strong>ad</strong></span> <span class='ocrx_word' id='word_1_301' title='bbox 2505 2492 2737 2546; x_wconf 83' lang='lat' dir='ltr'><strong>vilicum</strong></span> <span class='ocrx_word' id='word_1_302' title='bbox 2757 2491 2888 2551; x_wconf 81' lang='lat' dir='ltr'><strong>urbis</strong></span> 
     </span>
     <span class='ocr_line' id='line_1_58' title="bbox 1760 2562 2888 2634; baseline -0.003 -17"><span class='ocrx_word' id='word_1_303' title='bbox 1760 2563 2036 2618; x_wconf 89' lang='lat' dir='ltr'><strong>desiderio</strong></span> <span class='ocrx_word' id='word_1_304' title='bbox 2084 2565 2362 2634; x_wconf 83' lang='lat' dir='ltr'><strong>agitatum</strong></span> <span class='ocrx_word' id='word_1_305' title='bbox 2399 2564 2702 2634; x_wconf 86' lang='lat' dir='ltr'><strong>epistulam</strong></span> <span class='ocrx_word' id='word_1_306' title='bbox 2735 2562 2888 2616; x_wconf 75' lang='lat' dir='ltr'><strong>finxit.</strong></span> 
     </span>
     <span class='ocr_line' id='line_1_59' title="bbox 1761 2634 2887 2706; baseline -0.004 -18"><span class='ocrx_word' id='word_1_307' title='bbox 1761 2634 1972 2690; x_wconf 87' lang='lat' dir='ltr'><strong>Romae</strong></span> <span class='ocrx_word' id='word_1_308' title='bbox 2017 2653 2090 2690; x_wconf 88' lang='lat' dir='ltr'><strong>au</strong></span> <span class='ocrx_word' id='word_1_309' title='bbox 2149 2653 2206 2690; x_wconf 90' lang='grc' dir='ltr'><strong>ιιι</strong></span> <span class='ocrx_word' id='word_1_310' title='bbox 2253 2636 2518 2706; x_wconf 85' lang='lat' dir='ltr'><strong>scriptam</strong></span> <span class='ocrx_word' id='word_1_311' title='bbox 2555 2651 2677 2690; x_wconf 81' lang='lat' dir='ltr'><strong>esse</strong></span> <span class='ocrx_word' id='word_1_312' title='bbox 2711 2635 2887 2688; x_wconf 85' lang='lat' dir='ltr'><strong>docent</strong></span> 
     </span>
     <span class='ocr_line' id='line_1_60' title="bbox 1760 2707 2068 2761; baseline -0.003 0"><span class='ocrx_word' id='word_1_313' title='bbox 1760 2723 1848 2761; x_wconf 80' lang='lat' dir='ltr'><strong>vv.</strong></span> <span class='ocrx_word' id='word_1_314' title='bbox 1891 2707 1941 2761; x_wconf 90' lang='lat'><strong>8.</strong></span> <span class='ocrx_word' id='word_1_315' title='bbox 1981 2709 2068 2760; x_wconf 94' lang='grc'><strong>22.</strong></span> 
     </span>
     <span class='ocr_line' id='line_1_61' title="bbox 1760 2777 2888 2848; baseline -0.003 -16"><span class='ocrx_word' id='word_1_316' title='bbox 1760 2778 2076 2832; x_wconf 86' lang='lat' dir='ltr'><strong>Kirchnero</strong></span> <span class='ocrx_word' id='word_1_317' title='bbox 2095 2777 2322 2833; x_wconf 85' lang='lat' dir='ltr'><strong>videtur</strong></span> <span class='ocrx_word' id='word_1_318' title='bbox 2341 2781 2552 2848; x_wconf 87' lang='lat' dir='ltr'><strong>scripta</strong></span> <span class='ocrx_word' id='word_1_319' title='bbox 2575 2795 2700 2833; x_wconf 87' lang='lat' dir='ltr'><strong>esse</strong></span> <span class='ocrx_word' id='word_1_320' title='bbox 2722 2795 2770 2832; x_wconf 84' lang='lat' dir='ltr'><strong>a.</strong></span> <span class='ocrx_word' id='word_1_321' title='bbox 2787 2777 2888 2844; x_wconf 73' lang='lat'><strong>732,</strong></span> 
     </span>
     <span class='ocr_line' id='line_1_62' title="bbox 1761 2850 2993 2920; baseline 0.001 -17"><span class='ocrx_word' id='word_1_322' title='bbox 1761 2850 1852 2904; x_wconf 89' lang='lat' dir='ltr'><strong>sed</strong></span> <span class='ocrx_word' id='word_1_323' title='bbox 1892 2867 1980 2904; x_wconf 87' lang='lat' dir='ltr'><strong>res</strong></span> <span class='ocrx_word' id='word_1_324' title='bbox 2017 2865 2245 2920; x_wconf 83' lang='lat' dir='ltr'><strong>prorsus</strong></span> <span class='ocrx_word' id='word_1_325' title='bbox 2283 2851 2500 2905; x_wconf 86' lang='lat' dir='ltr'><strong>incerta</strong></span> <span class='ocrx_word' id='word_1_326' title='bbox 2535 2857 2637 2904; x_wconf 85' lang='lat' dir='ltr'><strong>est.</strong></span> <span class='ocrx_word' id='word_1_327' title='bbox 2992 2881 2993 2888; x_wconf 26' lang='grc' dir='ltr'><strong>κ</strong></span> 
     </span>
     <span class='ocr_line' id='line_1_63' title="bbox 1835 2920 2887 2990; baseline -0.002 -16"><span class='ocrx_word' id='word_1_328' title='bbox 1835 2922 1897 2974; x_wconf 92' lang='lat' dir='ltr'><strong>V.</strong></span> <span class='ocrx_word' id='word_1_329' title='bbox 1935 2923 1986 2976; x_wconf 87' lang='grc'><strong>2.</strong></span> <span class='ocrx_word' id='word_1_330' title='bbox 2024 2921 2356 2990; x_wconf 75' lang='lat' dir='ltr'><strong>habitatum]</strong></span> <span class='ocrx_word' id='word_1_331' title='bbox 2399 2921 2572 2976; x_wconf 87' lang='lat' dir='ltr'><strong>Recte</strong></span> <span class='ocrx_word' id='word_1_332' title='bbox 2609 2923 2724 2976; x_wconf 85' lang='lat' dir='ltr'><strong>iam</strong></span> <span class='ocrx_word' id='word_1_333' title='bbox 2757 2920 2887 2974; x_wconf 84' lang='lat' dir='ltr'><strong>scho-</strong></span> 
     </span>
     <span class='ocr_line' id='line_1_64' title="bbox 1760 2991 2886 3062; baseline -0.002 -16"><span class='ocrx_word' id='word_1_334' title='bbox 1760 2992 1984 3048; x_wconf 86' lang='lat' dir='ltr'><strong>liastae·</strong></span> <span class='ocrx_word' id='word_1_335' title='bbox 2045 3010 2246 3062; x_wconf 89' lang='lat' dir='ltr'><strong>„quem</strong></span> <span class='ocrx_word' id='word_1_336' title='bbox 2305 2995 2550 3062; x_wconf 85' lang='lat' dir='ltr'><strong>quinque</strong></span> <span class='ocrx_word' id='word_1_337' title='bbox 2613 2991 2886 3062; x_wconf 80' lang='lat' dir='ltr'><strong>aliquando</strong></span> 
     </span>
     <span class='ocr_line' id='line_1_65' title="bbox 1759 3063 2887 3137; baseline -0.004 -19"><span class='ocrx_word' id='word_1_338' title='bbox 1759 3065 2126 3137; x_wconf 80' lang='lat' dir='ltr'><strong>possederunt</strong></span> <span class='ocrx_word' id='word_1_339' title='bbox 2189 3071 2489 3120; x_wconf 84' lang='lat' dir='ltr'><strong>senatores.</strong></span> <span class='ocrx_word' id='word_1_340' title='bbox 2492 3067 2526 3094; x_wconf 91' lang='lat'><strong>“</strong></span> <span class='ocrx_word' id='word_1_341' title='bbox 2603 3065 2748 3119; x_wconf 85' lang='lat' dir='ltr'><strong>Nam</strong></span> <span class='ocrx_word' id='word_1_342' title='bbox 2799 3063 2887 3116; x_wconf 81' lang='lat' dir='ltr'><strong>fuit</strong></span> 
     </span>
     <span class='ocr_line' id='line_1_66' title="bbox 1758 3131 2884 3206; baseline -0.003 -16"><span class='ocrx_word' id='word_1_343' title='bbox 1758 3131 2052 3205; x_wconf 82' lang='lat' dir='ltr'><strong>praedium</strong></span> <span class='ocrx_word' id='word_1_344' title='bbox 2105 3137 2480 3192; x_wconf 84' lang='lat' dir='ltr'><strong>Horatianum</strong></span> <span class='ocrx_word' id='word_1_345' title='bbox 2543 3136 2884 3206; x_wconf 84' lang='lat' dir='ltr'><strong>compositum</strong></span> 
     </span>
     <span class='ocr_line' id='line_1_67' title="bbox 1759 3207 2884 3363; baseline 0.001 -30"><span class='ocrx_word' id='word_1_346' title='bbox 1759 3209 2214 3334; x_wconf 63' lang='grc' dir='ltr'><strong>ἰέιιῗέἔὲἰηιὲἓὲ</strong></span> <span class='ocrx_word' id='word_1_347' title='bbox 2223 3207 2884 3363; x_wconf 50' lang='lat' dir='ltr'><strong>..tateffifflsffif</strong></span> 
     </span>
     <span class='ocr_line' id='line_1_68' title="bbox 1757 3351 2884 3422; baseline -0.004 -18"><span class='ocrx_word' id='word_1_348' title='bbox 1757 3367 1886 3404; x_wconf 88' lang='lat' dir='ltr'><strong>rum</strong></span> <span class='ocrx_word' id='word_1_349' title='bbox 1961 3351 2454 3406; x_wconf 86' lang='lat' dir='ltr'><strong>distributionibus</strong></span> <span class='ocrx_word' id='word_1_350' title='bbox 2527 3352 2656 3422; x_wconf 87' lang='lat' dir='ltr'><strong>agri</strong></span> <span class='ocrx_word' id='word_1_351' title='bbox 2735 3365 2884 3420; x_wconf 82' lang='lat' dir='ltr'><strong>prope</strong></span> 
     </span>
     <span class='ocr_line' id='line_1_69' title="bbox 1758 3421 2884 3504; baseline -0.001 -29"><span class='ocrx_word' id='word_1_352' title='bbox 1758 3439 1948 3477; x_wconf 87' lang='lat' dir='ltr'><strong>omnes</strong></span> <span class='ocrx_word' id='word_1_353' title='bbox 1967 3423 2222 3477; x_wconf 87' lang='lat' dir='ltr'><strong>dominos</strong></span> <span class='ocrx_word' id='word_1_354' title='bbox 2242 3440 2370 3477; x_wconf 87' lang='lat' dir='ltr'><strong>suos</strong></span> <span class='ocrx_word' id='word_1_355' title='bbox 2397 3423 2724 3490; x_wconf 81' lang='lat' dir='ltr'><strong>amiserunt,</strong></span> <span class='ocrx_word' id='word_1_356' title='bbox 2733 3421 2884 3504; x_wconf 81' lang='lat' dir='ltr'><strong>quin·</strong></span> 
     </span>
     <span class='ocr_line' id='line_1_70' title="bbox 1759 3493 2882 3566; baseline -0.005 -18"><span class='ocrx_word' id='word_1_357' title='bbox 1759 3511 1868 3563; x_wconf 89' lang='lat' dir='ltr'><strong>que</strong></span> <span class='ocrx_word' id='word_1_358' title='bbox 1905 3495 2126 3549; x_wconf 87' lang='lat' dir='ltr'><strong>Sabinis</strong></span> <span class='ocrx_word' id='word_1_359' title='bbox 2171 3495 2434 3566; x_wconf 79' lang='lat' dir='ltr'><strong>agricolis</strong></span> <span class='ocrx_word' id='word_1_360' title='bbox 2470 3493 2700 3549; x_wconf 83' lang='lat' dir='ltr'><strong>fuerant</strong></span> <span class='ocrx_word' id='word_1_361' title='bbox 2730 3494 2882 3560; x_wconf 83' lang='lat' dir='ltr'><strong>iisque</strong></span> 
     </span>
     <span class='ocr_line' id='line_1_71' title="bbox 1757 3563 2882 3621; baseline -0.003 -2"><span class='ocrx_word' id='word_1_362' title='bbox 1757 3583 1870 3620; x_wconf 92' lang='lat' dir='ltr'><strong>non</strong></span> <span class='ocrx_word' id='word_1_363' title='bbox 1909 3567 2122 3621; x_wconf 82' lang='lat' dir='ltr'><strong>civibus</strong></span> <span class='ocrx_word' id='word_1_364' title='bbox 2163 3567 2342 3620; x_wconf 87' lang='lat' dir='ltr'><strong>solum</strong></span> <span class='ocrx_word' id='word_1_365' title='bbox 2379 3565 2640 3620; x_wconf 86' lang='lat' dir='ltr'><strong>Varianis</strong></span> <span class='ocrx_word' id='word_1_366' title='bbox 2684 3565 2776 3619; x_wconf 86' lang='lat' dir='ltr'><strong>sed</strong></span> <span class='ocrx_word' id='word_1_367' title='bbox 2807 3563 2882 3616; x_wconf 83' lang='lat' dir='ltr'><strong>de·</strong></span> 
     </span>
     <span class='ocr_line' id='line_1_72' title="bbox 1759 3636 2880 3702; baseline -0.003 -10"><span class='ocrx_word' id='word_1_368' title='bbox 1759 3639 2098 3692; x_wconf 88' lang='lat' dir='ltr'><strong>curionibus.</strong></span> <span class='ocrx_word' id='word_1_369' title='bbox 2168 3637 2284 3692; x_wconf 88' lang='lat' dir='ltr'><strong>Hos</strong></span> <span class='ocrx_word' id='word_1_370' title='bbox 2321 3638 2466 3692; x_wconf 89' lang='lat' dir='ltr'><strong>enim</strong></span> <span class='ocrx_word' id='word_1_371' title='bbox 2507 3636 2772 3691; x_wconf 87' lang='lat' dir='ltr'><strong>Horatius</strong></span> <span class='ocrx_word' id='word_1_372' title='bbox 2797 3650 2880 3702; x_wconf 75' lang='lat' dir='ltr'><strong>pa·</strong></span> 
     </span>
     <span class='ocr_line' id='line_1_73' title="bbox 1755 3708 2878 3779; baseline -0.004 -15"><span class='ocrx_word' id='word_1_373' title='bbox 1755 3714 1867 3764; x_wconf 75' lang='lat' dir='ltr'><strong>tres</strong></span> <span class='ocrx_word' id='word_1_374' title='bbox 1919 3710 2208 3779; x_wconf 87' lang='lat' dir='ltr'><strong>appellare</strong></span> <span class='ocrx_word' id='word_1_375' title='bbox 2253 3708 2495 3772; x_wconf 84' lang='lat' dir='ltr'><strong>videtur,</strong></span> <span class='ocrx_word' id='word_1_376' title='bbox 2551 3725 2664 3763; x_wconf 91' lang='lat' dir='ltr'><strong>non</strong></span> <span class='ocrx_word' id='word_1_377' title='bbox 2719 3714 2878 3778; x_wconf 71' lang='lat' dir='ltr'><strong>pau-e·</strong></span> 
     </span>
     <span class='ocr_line' id='line_1_74' title="bbox 1755 3779 2876 3858; baseline -0.004 -24"><span class='ocrx_word' id='word_1_378' title='bbox 1755 3781 2024 3850; x_wconf 81' lang='lat' dir='ltr'><strong>familias3</strong></span> <span class='ocrx_word' id='word_1_379' title='bbox 2070 3781 2167 3850; x_wconf 90' lang='lat' dir='ltr'><strong>qui</strong></span> <span class='ocrx_word' id='word_1_380' title='bbox 2203 3780 2422 3850; x_wconf 88' lang='lat' dir='ltr'><strong>praedii</strong></span> <span class='ocrx_word' id='word_1_381' title='bbox 2459 3779 2876 3858; x_wconf 82' lang='lat' dir='ltr'><strong>magnitudinem</strong></span> 
     </span>
     <span class='ocr_line' id='line_1_75' title="bbox 1754 3849 2876 3908; baseline -0.004 -2"><span class='ocrx_word' id='word_1_382' title='bbox 1754 3869 1867 3906; x_wconf 89' lang='lat' dir='ltr'><strong>non</strong></span> <span class='ocrx_word' id='word_1_383' title='bbox 1919 3853 2054 3906; x_wconf 88' lang='lat' dir='ltr'><strong>satis</strong></span> <span class='ocrx_word' id='word_1_384' title='bbox 2104 3854 2485 3908; x_wconf 87' lang='lat' dir='ltr'><strong>inlustrarent.</strong></span> <span class='ocrx_word' id='word_1_385' title='bbox 2559 3851 2792 3906; x_wconf 82' lang='lat' dir='ltr'><strong>Horatio</strong></span> <span class='ocrx_word' id='word_1_386' title='bbox 2831 3849 2876 3901; x_wconf 82' lang='lat' dir='ltr'><strong>in</strong></span> 
     </span>
     <span class='ocr_line' id='line_1_76' title="bbox 1753 3919 2876 3992; baseline 0.001 -15"><span class='ocrx_word' id='word_1_387' title='bbox 1753 3924 1894 3978; x_wconf 79' lang='lat' dir='ltr'><strong>villa</strong></span> <span class='ocrx_word' id='word_1_388' title='bbox 1926 3929 2087 3978; x_wconf 86' lang='lat' dir='ltr'><strong>erant</strong></span> <span class='ocrx_word' id='word_1_389' title='bbox 2110 3930 2239 3978; x_wconf 90' lang='lat' dir='ltr'><strong>octo</strong></span> <span class='ocrx_word' id='word_1_390' title='bbox 2263 3925 2410 3979; x_wconf 86' lang='lat' dir='ltr'><strong>servi</strong></span> <span class='ocrx_word' id='word_1_391' title='bbox 2435 3923 2573 3992; x_wconf 88' lang='lat' dir='ltr'><strong>(Sat.</strong></span> <span class='ocrx_word' id='word_1_392' title='bbox 2593 3923 2664 3989; x_wconf 88' lang='lat' dir='ltr'><strong>H,</strong></span> <span class='ocrx_word' id='word_1_393' title='bbox 2685 3925 2734 3986; x_wconf 83' lang='lat'><strong>7,</strong></span> <span class='ocrx_word' id='word_1_394' title='bbox 2757 3919 2876 3984; x_wconf 66' lang='lat'><strong>118),</strong></span> 
     </span>
     <span class='ocr_line' id='line_1_77' title="bbox 1754 3963 2874 4065; baseline -0.005 -15"><span class='ocrx_word' id='word_1_395' title='bbox 1754 4001 2047 4065; x_wconf 87' lang='lat' dir='ltr'><strong>praeterea</strong></span> <span class='ocrx_word' id='word_1_396' title='bbox 2091 4013 2352 4064; x_wconf 84' lang='lat' dir='ltr'><strong>procaces</strong></span> <span class='ocrx_word' id='word_1_397' title='bbox 2407 4011 2612 4050; x_wconf 79' lang='lat' dir='ltr'><strong>vernae</strong></span> <span class='ocrx_word' id='word_1_398' title='bbox 2649 3963 2786 4059; x_wconf 60' lang='lat' dir='ltr'><strong>⁹(Sat.</strong></span> <span class='ocrx_word' id='word_1_399' title='bbox 2817 3991 2874 4044; x_wconf 89' lang='lat'><strong>11.</strong></span> 
     </span>
     <span class='ocr_line' id='line_1_78' title="bbox 1755 4063 2873 4136; baseline -0.004 -16"><span class='ocrx_word' id='word_1_400' title='bbox 1755 4069 1806 4135; x_wconf 84' lang='lat'><strong>6,</strong></span> <span class='ocrx_word' id='word_1_401' title='bbox 1844 4068 1964 4136; x_wconf 81' lang='grc'><strong>66);</strong></span> <span class='ocrx_word' id='word_1_402' title='bbox 2012 4066 2179 4121; x_wconf 87' lang='lat' dir='ltr'><strong>vilioo</strong></span> <span class='ocrx_word' id='word_1_403' title='bbox 2217 4083 2353 4121; x_wconf 86' lang='lat' dir='ltr'><strong>cura</strong></span> <span class='ocrx_word' id='word_1_404' title='bbox 2396 4065 2652 4121; x_wconf 81' lang='lat' dir='ltr'><strong>habenda</strong></span> <span class='ocrx_word' id='word_1_405' title='bbox 2690 4071 2770 4119; x_wconf 87' lang='lat' dir='ltr'><strong>est</strong></span> <span class='ocrx_word' id='word_1_406' title='bbox 2801 4063 2873 4116; x_wconf 82' lang='lat' dir='ltr'><strong>sil-</strong></span> 
     </span>
     <span class='ocr_line' id='line_1_79' title="bbox 1753 4135 2872 4208; baseline -0.003 -16"><span class='ocrx_word' id='word_1_407' title='bbox 1753 4155 1968 4204; x_wconf 82' lang='lat' dir='ltr'><strong>varum,</strong></span> <span class='ocrx_word' id='word_1_408' title='bbox 2037 4155 2320 4208; x_wconf 83' lang='lat' dir='ltr'><strong>agrorum,</strong></span> <span class='ocrx_word' id='word_1_409' title='bbox 2386 4138 2702 4192; x_wconf 83' lang='lat' dir='ltr'><strong>hortorum:</strong></span> <span class='ocrx_word' id='word_1_410' title='bbox 2775 4135 2872 4204; x_wconf 77' lang='lat' dir='ltr'><strong>ipse</strong></span> 
     </span>
     <span class='ocr_line' id='line_1_80' title="bbox 1753 4179 2870 4280; baseline -0.005 -17"><span class='ocrx_word' id='word_1_411' title='bbox 1753 4210 1931 4280; x_wconf 85' lang='lat' dir='ltr'><strong>igitur</strong></span> <span class='ocrx_word' id='word_1_412' title='bbox 1953 4179 2222 4264; x_wconf 83' lang='lat' dir='ltr'><strong>Horatius</strong></span> <span class='ocrx_word' id='word_1_413' title='bbox 2259 4227 2458 4280; x_wconf 84' lang='lat' dir='ltr'><strong>agrum</strong></span> <span class='ocrx_word' id='word_1_414' title='bbox 2491 4209 2680 4268; x_wconf 85' lang='lat' dir='ltr'><strong>coluit.</strong></span> <span class='ocrx_word' id='word_1_415' title='bbox 2717 4221 2870 4274; x_wconf 77' lang='lat' dir='ltr'><strong>neque</strong></span> 
     </span>
     <span class='ocr_line' id='line_1_81' title="bbox 1753 4275 2868 4351; baseline -0.007 -15"><span class='ocrx_word' id='word_1_416' title='bbox 1753 4299 1856 4351; x_wconf 89' lang='lat' dir='ltr'><strong>pro</strong></span> <span class='ocrx_word' id='word_1_417' title='bbox 1895 4287 2048 4336; x_wconf 86' lang='lat' dir='ltr'><strong>certa</strong></span> <span class='ocrx_word' id='word_1_418' title='bbox 2087 4281 2340 4336; x_wconf 87' lang='lat' dir='ltr'><strong>mercede</strong></span> <span class='ocrx_word' id='word_1_419' title='bbox 2375 4283 2584 4336; x_wconf 86' lang='lat' dir='ltr'><strong>colonis</strong></span> <span class='ocrx_word' id='word_1_420' title='bbox 2610 4275 2868 4350; x_wconf 79' lang='lat' dir='ltr'><strong>partiariis</strong></span> 
     </span>
     <span class='ocr_line' id='line_1_82' title="bbox 1753 4351 2866 4408; baseline -0.005 0"><span class='ocrx_word' id='word_1_421' title='bbox 1753 4353 2043 4408; x_wconf 88' lang='lat' dir='ltr'><strong>colendum</strong></span> <span class='ocrx_word' id='word_1_422' title='bbox 2089 4351 2418 4407; x_wconf 85' lang='lat' dir='ltr'><strong>tradiderat.</strong></span> <span class='ocrx_word' id='word_1_423' title='bbox 2491 4352 2570 4406; x_wconf 86' lang='lat' dir='ltr'><strong>Et</strong></span> <span class='ocrx_word' id='word_1_424' title='bbox 2605 4353 2734 4406; x_wconf 86' lang='lat' dir='ltr'><strong>satis</strong></span> <span class='ocrx_word' id='word_1_425' title='bbox 2774 4365 2866 4403; x_wconf 87' lang='lat' dir='ltr'><strong>am·</strong></span> 
     </span>
     <span class='ocr_line' id='line_1_83' title="bbox 1749 4417 2864 4494; baseline -0.005 -16"><span class='ocrx_word' id='word_1_426' title='bbox 1749 4426 1904 4494; x_wconf 88' lang='lat' dir='ltr'><strong>plum</strong></span> <span class='ocrx_word' id='word_1_427' title='bbox 1941 4425 2051 4480; x_wconf 82' lang='lat' dir='ltr'><strong>fuit</strong></span> <span class='ocrx_word' id='word_1_428' title='bbox 2087 4424 2405 4494; x_wconf 86' lang='lat' dir='ltr'><strong>praedium;</strong></span> <span class='ocrx_word' id='word_1_429' title='bbox 2443 4441 2572 4478; x_wconf 89' lang='lat' dir='ltr'><strong>nam</strong></span> <span class='ocrx_word' id='word_1_430' title='bbox 2599 4429 2722 4478; x_wconf 86' lang='lat' dir='ltr'><strong>octo</strong></span> <span class='ocrx_word' id='word_1_431' title='bbox 2743 4417 2864 4475; x_wconf 76' lang='lat' dir='ltr'><strong>servi</strong></span> 
     </span>
     <span class='ocr_line' id='line_1_84' title="bbox 1749 4465 2860 4566; baseline -0.004 -16"><span class='ocrx_word' id='word_1_432' title='bbox 1749 4498 1898 4563; x_wconf 88' lang='lat' dir='ltr'><strong>(cum</strong></span> <span class='ocrx_word' id='word_1_433' title='bbox 1949 4500 2218 4566; x_wconf 86' lang='lat' dir='ltr'><strong>quattuor</strong></span> <span class='ocrx_word' id='word_1_434' title='bbox 2271 4465 2474 4560; x_wconf 86' lang='lat' dir='ltr'><strong>bubus)</strong></span> <span class='ocrx_word' id='word_1_435' title='bbox 2532 4495 2860 4549; x_wconf 81' lang='lat' dir='ltr'><strong>ducentorum</strong></span> 
     </span>
     <span class='ocr_line' id='line_1_85' title="bbox 1749 4564 2861 4638; baseline -0.004 -16"><span class='ocrx_word' id='word_1_436' title='bbox 1749 4569 2006 4638; x_wconf 83' lang='lat' dir='ltr'><strong>iugerum</strong></span> <span class='ocrx_word' id='word_1_437' title='bbox 2031 4583 2170 4637; x_wconf 83' lang='lat' dir='ltr'><strong>agro</strong></span> <span class='ocrx_word' id='word_1_438' title='bbox 2195 4566 2504 4638; x_wconf 82' lang='lat' dir='ltr'><strong>subigendo</strong></span> <span class='ocrx_word' id='word_1_439' title='bbox 2545 4564 2861 4621; x_wconf 76' lang='lat' dir='ltr'><strong>sufficiebant</strong></span> 
     </span>
    </p>
   </div>
   <div class='ocr_carea' id='block_1_13' title="bbox 2988 1357 2998 2450">
    <p class='ocr_par' dir='ltr' id='par_1_14' title="bbox 2988 1357 2998 2450">
     <span class='ocr_line' id='line_1_86' title="bbox 2988 1357 2998 2450; baseline 0 0"><span class='ocrx_word' id='word_1_440' title='bbox 2988 1357 2998 2450; x_wconf 95' lang='lat' dir='ltr'><strong> </strong></span> 
     </span>
    </p>
   </div>
   <div class='ocr_carea' id='block_1_14' title="bbox 2269 2706 2993 2788">
    <p class='ocr_par' dir='ltr' id='par_1_15' title="bbox 2269 2706 2993 2788">
     <span class='ocr_line' id='line_1_87' title="bbox 2269 2706 2993 2788; baseline -0.01 -26"><span class='ocrx_word' id='word_1_441' title='bbox 2269 2724 2379 2776; x_wconf 89' lang='lat' dir='ltr'><strong>quo</strong></span> <span class='ocrx_word' id='word_1_442' title='bbox 2417 2725 2581 2774; x_wconf 88' lang='lat' dir='ltr'><strong>anno,</strong></span> <span class='ocrx_word' id='word_1_443' title='bbox 2621 2723 2724 2761; x_wconf 91' lang='lat' dir='ltr'><strong>nos</strong></span> <span class='ocrx_word' id='word_1_444' title='bbox 2757 2706 2888 2759; x_wconf 79' lang='lat' dir='ltr'><strong>latet.</strong></span> <span class='ocrx_word' id='word_1_445' title='bbox 2992 2747 2993 2788; x_wconf 77' lang='lat'>1</span> 
     </span>
    </p>
   </div>
   <div class='ocr_carea' id='block_1_15' title="bbox 2984 2841 3002 5015">
    <p class='ocr_par' dir='ltr' id='par_1_16' title="bbox 2984 2841 3002 5015">
     <span class='ocr_line' id='line_1_88' title="bbox 2984 2841 3002 5015; baseline 0 0"><span class='ocrx_word' id='word_1_446' title='bbox 2984 2841 3002 5015; x_wconf 95' lang='lat' dir='ltr'><strong> </strong></span> 
     </span>
    </p>
   </div>
  </div>
 </body>
</html>
