3092 5059
449 237 569 303 192

1409 235 1868 306 CARMINUM

845 423 1116 499 Medus
1166 423 1485 502 infestus
1541 425 1692 500 sibi
1732 424 2099 502 luctuosis

766 583 817 624 ιο
1049 548 1384 626 Dissidet
1433 551 1689 646 armis,

850 698 1104 774 Servit
1153 697 1546 798 Hispanae
1592 712 1803 775 vetus
1855 699 2092 776 hostis
2147 726 2328 776 orae

848 823 1231 900 Cantaber
1281 849 1452 898 sera
1504 823 1840 899 domitus
1892 837 2179 920 catena,

843 948 1004 1023 Iam
1063 947 1390 1047 Scythae
1440 946 1614 1024 laxo
1662 948 2130 1026 meditantur
2180 977 2361 1028 arcu

1046 1071 1341 1150 Cedere
1393 1073 1707 1169 campis.

763 1256 814 1298 ιι
850 1222 1288 1322 Neglegens
1339 1250 1436 1300 ne
1491 1248 1643 1322 qua
1692 1223 2023 1322 populus
2075 1223 2373 1301 laboret

846 1348 1087 1424 Parce
1138 1346 1477 1444 privatus
1529 1347 1855 1423 nimium
1907 1375 2211 1446 cavere3

847 1473 1068 1548 Dona
1114 1472 1536 1571 praesentis
1591 1498 1779 1573 cape
1822 1472 2067 1550 laetus
2120 1474 2377 1578 horae,

1049 1597 1350 1697 Linque
1401 1623 1691 1674 severa.

1356 1970 1735 2058 OARMEN
1792 1973 1934 2058 IX.

748 2139 1011 2216 Donec
1065 2153 1328 2236 gratus
1382 2165 1592 2216 eram
1643 2139 1787 2215 tibi

743 2273 752 2280 ‘
950 2263 1112 2341 Nec
1163 2264 1570 2364 quisquam
1622 2265 1879 2364 potior
1930 2267 2291 2344 bracchia
2336 2265 2717 2344 candidae

453 2511 562 2565 tiso
609 2527 709 2565 rex
744 2509 1024 2566 Dacorum
1069 2507 1196 2562 fuit.
1248 2539 1315 2548 —
1365 2509 1603 2576 infestus

454 2581 564 2636 sibi
597 2581 884 2652 luctuosis]
922 2581 1012 2634 En
1052 2580 1258 2634 iterum
1281 2582 1603 2651 exemplum

456 2653 886 2708 constructionis
927 2648 1040 2705 ἀπὸ
1095 2653 1282 2705 κοινοῦ
1330 2669 1472 2722 quae
1517 2669 1602 2706 so-

455 2725 536 2778 let
568 2725 774 2779 vocari.
819 2723 924 2777 Est
959 2723 1106 2777 enim
1143 2723 1340 2777 Medus
1375 2725 1484 2778 sibi
1519 2725 1602 2778 in-

457 2795 629 2850 festus
691 2795 860 2849 armis
922 2795 1027 2848 sibi
1087 2795 1370 2850 luctuosis.
1458 2795 1604 2850 Nam

457 2866 610 2935 quod
653 2867 750 2921 alii
784 2867 1083 2920 voluerunt
1120 2867 1322 2921 Medus
1367 2866 1605 2933 infestus

459 2937 742 3004 Romanis,
783 2937 840 2991 id
872 2955 1000 2992 cum
1038 2937 1107 2991 ab
1143 2938 1252 2992 hoc
1290 2941 1440 2992 certe
1479 2938 1602 2992 loco

457 3009 700 3064 alienum
735 3009 1012 3076 videatur,
1050 3014 1168 3063 tum
1215 3009 1308 3062 vix
1349 3027 1416 3063 ex
1455 3009 1602 3064 adie-

458 3081 609 3136 ctivo
669 3080 920 3135 absolute
979 3081 1166 3149 posito
1233 3081 1425 3135 intelle
1471 3080 1603 3135 itur.

456 3151 756 3208 Praeterea
791 3170 862 3206 ne
898 3169 1024 3206 cum
1065 3152 1295 3206 Heinsio
1342 3156 1399 3206 et
1483 3157 1604 3207 ent-

457 3225 565 3278 leio
639 3223 859 3290 infestis
925 3253 990 3263 -—-
1055 3224 1328 3278 luctuosus
1393 3225 1605 3279 scribas

457 3300 614 3350 vetat
657 3294 1139 3350 homoeoteleuton
1185 3313 1218 3348 a
1262 3295 1442 3365 poetis
1480 3296 1605 3351 lati-

459 3367 545 3421 nis
583 3385 785 3492 magno
827 3384 920 3422 ere
965 3365 1298 3421 adamatum.
1345 3397 1410 3406 --
1466 3367 1607 3422 Can-

459 3437 734 3579 {laberfld
691 3511 774 3578 12
809 3456 956 3564 ἔξω.
991 3437 1136 3579 Iiscy
1105 3439 1244 3564 Gth2.
1282 3436 1397 3563 IVf
1407 3441 1491 3565 lg,
1518 3442 1605 3492 41.

926 3539 990 3548 -—-
1201 3526 1264 3564 ae
1327 3525 1358 3563 c
1468 3527 1605 3592 arm.

462 3528 549 3647 IIp
568 3581 623 3649 9,
658 3583 728 3635 23
766 3598 846 3650 sq.
897 3610 962 3619 —
1007 3509 1284 3650 privatus}
1319 3580 1456 3634 Cum
1492 3581 1606 3650 pri-

460 3657 624 3706 vatus
650 3653 739 3707 sis.
778 3651 915 3708 Vult
933 3657 1116 3722 poeta.
1138 3657 1204 3705 ut
1223 3653 1432 3706 amicus
1453 3656 1607 3707 totus

461 3723 534 3778 sit
588 3725 734 3793 apud
794 3741 868 3792 se,
922 3730 988 3779 ut
1041 3723 1183 3776 nihil
1239 3723 1450 3794 cogitet
1498 3724 1608 3777 nisi

463 3799 716 3850 mutuam
761 3813 871 3864 qua
915 3794 1234 3866 gaudebant
1283 3795 1603 3850 amicitiam.

461 3865 785 3922 Praefectus
821 3866 948 3920 urbi
989 3866 1279 3921 Maecenas
1317 3884 1429 3920 non
1477 3866 1606 3930 fuit,

462 3956 641 4008 neque
696 3943 829 3993 tunc
881 3955 1063 4007 neque
1119 3943 1265 3993 ante.
1337 3937 1482 3993 Nam
1535 3955 1608 3992 ne

463 4027 535 4136 33
567 4010 792 4136 {2533
814 4013 1106 4136 {wit
1135 4007 1607 4149 ‘tssssfsssstffiffiff

463 4153 846 4208 Maecenatem
897 4170 1028 4207 vere
1081 4152 1426 4220 praefectum
1479 4120 1609 4206 urbi

463 4225 634 4280 fuisse
691 4225 832 4278 bene
886 4224 1030 4278 vidit
1074 4223 1350 4278 Hoeckius
1399 4223 1606 4292 (Remi-

465 4297 591 4379 sche
612 4295 964 4364 Geschichte)
1002 4293 1066 4348 T.
1086 4294 1126 4347 Ι.
1157 4312 1213 4363 p.
1235 4297 1356 4348 312.
1393 4293 1609 4350 Madvi-

463 4367 612 4439 gius.
659 4368 810 4436 „noli
855 4367 1020 4420 nimis
1057 4381 1274 4432 cavere,
1317 4383 1388 4420 ne
1423 4367 1609 4437 negle-

465 4457 600 4563 gen?
627 4409 696 4564 git
733 4439 1042 4578 incuriosus
1066 4438 1306 4576 polanus
1339 4437 1569 4519 aliqua*
1552 4455 1612 4492 ιιι

467 4527 528 4564 re
595 4529 627 4564 a
666 4527 762 4564 ore
907 4528 1019 4564 non
1063 4526 1158 4564 rec
1278 4526 1310 4562 o
1352 4526 1494 4564 mor.
1542 4537 1609 4546 —

463 4581 612 4650 cape]
653 4581 880 4635 Codices
923 4581 1094 4635 etiam
1138 4595 1274 4652 rape
1312 4525 1609 4651 {rachena

1696 2512 1845 2581 quod
1882 2529 1982 2567 cur
2031 2531 2143 2568 non
2188 2513 2261 2567 sit
2304 2511 2709 2582 recipiendum,
2772 2515 2855 2568 in-

1696 2583 1883 2638 venies
1942 2601 2071 2638 cum
2129 2601 2241 2638 non
2303 2584 2690 2653 cupiditatem,
2755 2585 2855 2640 sed

1696 2673 1857 2709 usum
1930 2657 2239 2725 praesentis
2298 2655 2553 2710 laetitiae
2624 2657 2855 2711 suaderi

1695 2726 2054 2782 intellexeris.
2104 2758 2167 2766 —
2213 2727 2395 2796 horae]
2447 2727 2562 2781 Alii
2596 2727 2772 2784 horae
2807 2734 2857 2782 et

1696 2798 1787 2852 vel
1822 2814 1920 2866 ac3
1966 2803 2267 2868 utrumque
2302 2799 2521 2852 falsum.
2597 2800 2853 2868 Asynde-

1696 2875 1797 2923 ton
1834 2870 2061 2938 optimis
2100 2870 2381 2925 codicibus
2418 2869 2723 2940 probatur.

2073 2983 2350 3038 Carmen
2386 2983 2481 3037 IX.

1769 3078 2155 3134 Dramaticum
2215 3083 2273 3133 et
2327 3079 2689 3134 amoebaeum
2751 3079 2857 3134 hoc

1698 3166 1923 3205 carmen
1968 3151 2115 3206 inter
2156 3151 2430 3206 amatoria
2478 3150 2597 3206 fere
2645 3151 2856 3206 dulcis-

1699 3221 1901 3276 simum
1926 3223 1985 3276 in
2021 3227 2135 3276 tres
2168 3222 2425 3290 aequales
2458 3227 2648 3292 partes
2682 3223 2857 3278 facile

1699 3293 1875 3348 dividi
1936 3294 2293 3364 perspicuum
2353 3299 2453 3348 est.
2524 3296 2611 3347 Ac
2664 3295 2859 3362 prima

1702 3365 1927 3434 quidem
1962 3383 2093 3436 pars
2134 3367 2249 3431 (str.
2282 3369 2329 3418 1.
2352 3365 2409 3435 2)
2446 3365 2567 3420 irae
2602 3383 2723 3434 qua
2746 3366 2856 3420 Ho—

1700 3436 1877 3490 ratius
1926 3441 1984 3490 et
2018 3435 2197 3504 Lydia
2240 3436 2634 3491 distrahuntur
2676 3438 2854 3508 origi·

1700 3525 1827 3563 nem
1864 3508 2127 3590 ostendit,
2170 3507 2346 3562 altera
2382 3509 2503 3575 (str.
2539 3507 2589 3561 3.
2624 3510 2704 3576 4),
2748 3526 2859 3578 qua

1702 3579 1835 3647 quid
1882 3580 2067 3634 rixam
2113 3580 2423 3634 amantium
2476 3583 2737 3634 secutum
2786 3581 2859 3634 sit

1702 3651 1983 3706 indicatur
1997 3691 2010 3714 ,
2092 3651 2341 3720 apposite
2422 3651 2703 3705 transitur
2784 3651 2855 3706 ad

1701 3722 2211 3777 reconciliationem
2254 3722 2470 3792 gratiae
2516 3728 2575 3777 et
2618 3723 2857 3790 amoris,
2844 3741 2856 3752 ·

1702 3811 1845 3862 quae
1892 3812 2019 3850 cum
2076 3793 2303 3848 tertiam
2350 3793 2560 3848 efficiat
2611 3800 2855 3863 partem,

1700 3869 1884 3919 totum
1921 3883 2145 3920 carmen
2190 3865 2273 3918 ita
2321 3882 2443 3919 com
2486 3869 2814 3920 aratumes

1702 3941 1767 3991 ut
1826 3954 1993 4006 quam
2060 3953 2255 3991 verum
2314 3936 2388 3990 sit
2498 3937 2855 3991 erentianum

1701 4008 1870 4062 illud:
1910 4008 2255 4076 „amantium
2290 4007 2407 4062 irae
2432 4008 2641 4062 amoris
2664 4009 2853 4064 redin-

1700 4079 1980 4150 tegratio“
2001 4083 2230 4134 venuste
2247 4077 2679 4134 demonstretur.
2713 4080 2857 4135 Nam

1702 4150 1809 4204 hoc
1852 4151 2144 4221 proprium
2192 4155 2278 4206 est
2324 4149 2493 4204 etiam
2543 4152 2765 4221 primae
2799 4155 2856 4206 et

1704 4223 1869 4276 alteri
1923 4223 2091 4292 parti,
2142 4227 2207 4276 ut
2258 4238 2361 4291 per
2412 4222 2753 4292 zelotypiam
2798 4226 2854 4276 et

1699 4294 1846 4348 iram
1892 4295 2097 4348 amoris
2151 4298 2338 4348 tamen
2388 4297 2639 4362 potestas
2696 4293 2855 4364 quasi

1702 4365 2003 4434 perluceat.
2074 4365 2289 4420 Deinde
2336 4383 2503 4433 quam
2540 4366 2615 4420 sit
2666 4383 2849 4426 suave,

1704 4437 1853 4506 quod
1909 4437 2175 4506 quicquid
2232 4436 2300 4492 ab
2349 4435 2587 4490 Horatio
2642 4435 2853 4506 Lydiae

1704 4509 1981 4563 obiciatur
2038 4507 2305 4579 perfidiae
2359 4512 2417 4562 et
2468 4507 2735 4578 invidiae,
2794 4507 2853 4560 id

1704 4580 1897 4635 statim
1955 4580 2025 4634 ab
2072 4580 2179 4636 hac
2230 4583 2523 4650 superetur
2577 4583 2635 4634 et
2694 4583 2851 4634 acute
