3092 5059
1102 214 1264 282 LIB.
1308 215 1392 282 Π.
1438 214 1624 282 SAT.
1669 213 1847 282 VIII.

2518 212 2647 280 487

357 401 714 504 Sublegit
764 402 1311 502 quodcumque
1362 403 1648 480 iaceret
1693 401 1964 478 inutile
2020 399 2386 500 quodque

354 530 621 606 Posset
664 541 1021 606 cenantes
1079 527 1515 621 offender03
1569 539 1656 602 ut
1709 527 1956 602 Attica
2012 525 2233 622 virgo

360 655 555 731 Cum
606 653 843 732 sacris
897 651 1198 730 Cereris
1253 652 1606 750 procedit
1648 653 1911 740 fuscus
1962 651 2376 749 Hydaspes

274 811 321 853 ιι
358 776 713 856 Caecuba
756 777 935 852 vina
986 778 1265 874 ferens,
1320 774 1574 852 Alcon
1625 774 1906 852 Chium
1957 778 2190 852 maris
2244 800 2538 874 expers.

354 903 507 978 Hic
560 928 771 978 erus:
822 901 1287 998 „Albanum,
1346 901 1774 998 Maecenas,
1823 903 1986 977 sive
2035 901 2452 978 Falernum

353 1027 463 1104 Te
506 1027 751 1124 magis
802 1027 1169 1124 appositis
1224 1027 1588 1104 delectat:
1641 1027 2010 1103 habemus
2061 1022 2548 1126 utrumque.“

348 1153 674 1228 Divitias
724 1153 1077 1228 miseras!
1156 1151 1309 1230 Sed
1364 1154 1535 1253 quis
1587 1153 2032 1229 cenantibus
2085 1178 2258 1248 una,

353 1277 733 1374 Fundani,
782 1277 1105 1378 pulchre
1156 1278 1388 1356 fuerit
1436 1279 1600 1373 tibi,
1651 1304 1880 1354 nosse
1931 1279 2232 1354 laboro·

268 1432 321 1472 ιο
358 1401 770 1499 „Summus
824 1428 969 1501 ego
1011 1417 1093 1481 et
1128 1429 1375 1501 prope
1420 1422 1541 1479 me
1567 1403 1838 1479 Viscus
1868 1403 2248 1479 Thurinus
2302 1415 2380 1478 et
2424 1401 2651 1496 infra,

254 1635 572 1691 nominavit
609 1634 917 1690 Horatius?
977 1634 1193 1690 Deinde
1230 1635 1411 1692 Servi·

252 1708 363 1762 lius
402 1704 473 1762 de
523 1707 719 1762 eadem
755 1723 819 1762 re
866 1707 1091 1762 videtur
1135 1707 1322 1763 ridere
1359 1725 1411 1763 v.

250 1781 338 1834 70.
388 1807 459 1819 -
508 1777 781 1850 aemam]
840 1778 982 1833 Plin.
1034 1779 1104 1834 N.
1153 1780 1220 1833 H.
1266 1780 1412 1848 XVI,

252 1850 353 1906 26:
434 1853 645 1918 ,‚Acer,
706 1867 939 1919 operum
1008 1851 1291 1921 elegantia
1348 1869 1415 1907 ac

250 1921 571 1977 subtilitate
628 1921 771 1976 citro
822 1923 1179 1978 secundum.“
1274 1923 1411 1978 Con·

250 1999 583 2048 sentaneum
620 2010 733 2047 non
758 1999 844 2048 est
867 1995 1101 2049 divitem
1128 1995 1414 2050 hominem

255 2065 315 2119 in
354 2065 625 2136 parandis
660 2066 885 2133 mensis,
928 2067 989 2120 in
1030 2066 1289 2137 eligenda
1326 2083 1413 2120 su·

252 2137 541 2220 pellectile
576 2154 811 2208 parcum
836 2142 934 2192 aut
958 2155 1187 2192 avarum
1213 2138 1411 2205 fuisse3

252 2209 431 2263 immo
469 2225 603 2264 vero
640 2225 833 2264 mensa
870 2209 1007 2263 satis
1040 2209 1287 2278 pretiosa
1312 2214 1411 2264 est.

250 2280 505 2352 Augusti
562 2285 748 2336 autem
807 2285 993 2336 aetate
1040 2297 1229 2336 mensa
1273 2298 1413 2335 non-

249 2352 391 2406 dum
442 2356 508 2406 ut
554 2357 751 2422 postea
794 2351 1133 2407 mantelibus
1187 2352 1413 2422 tegeba-

250 2427 381 2492 tur,
426 2439 599 2492 quare
644 2427 943 2494 antequam
982 2441 1189 2478 novum
1234 2424 1413 2480 fercu-

246 2494 371 2549 lum
411 2498 719 2566 poneretur
753 2513 1001 2566 gausape
1036 2495 1283 2566 abstergi
1320 2495 1412 2550 de-

247 2566 399 2621 buit.
437 2566 569 2620 Isid.
607 2565 763 2637 Orig.
802 2567 955 2636 XIX,
992 2568 1081 2632 26,
1116 2571 1179 2623 6·
1222 2567 1412 2638 „Man-

242 2639 393 2693 telia
456 2656 605 2693 nunc
657 2656 760 2708 pro
827 2607 1141 2708 opeiiendis
1208 2640 1413 2694 mensis

245 2714 405 2778 sunt,
444 2725 603 2778 quae,
642 2715 707 2764 ut
729 2727 933 2766 nomem
968 2711 1153 2780 ipsum
1179 2711 1411 2780 indicat,

245 2749 405 2882 olim:
434 2781 721 2852 tergendis
762 2782 1021 2836 manibus
1064 2782 1409 2851 praebeban-

241 2853 405 2908 tur.“
461 2881 529 2894 -·-
585 2853 841 2923 submit]
896 2850 1211 2923 ἀνελέξαιος
1262 2855 1413 2910 unde

244 2941 460 2980 nomen
500 2925 587 2979 his
620 2925 793 2980 servis
829 2925 1227 2981 analectarum.

318 2996 389 3051 V.
446 2999 527 3050 13.
582 2997 779 3052 Attica
830 2997 1005 3068 vis-qo]
1068 3016 1207 3064 κανη
1258 2993 1411 3068 <ipos-3

241 3067 319 3122 ef.
358 3067 477 3122 Sat.
515 3068 649 3136 1‚3‚
689 3069 775 3121 10.
814 3068 1212 3140 —Hydaspes
1289 3069 1411 3124 Ser-

242 3157 353 3194 vus
412 3107 599 3208 Induis,
644 3157 783 3208 quos
824 3141 885 3194 in
932 3085 1151 3195 familia
1204 3141 1413 3196 habere

247 3212 485 3266 luxuria
523 3216 580 3266 et
612 3227 733 3264 mos
770 3211 947 3265 iussit.
1014 3212 1230 3267 Nomen
1266 3229 1413 3266 sum-

242 3288 418 3352 ptum
454 3286 541 3337 est
576 3300 645 3337 ex
682 3283 871 3352 patrio
897 3282 1127 3338 flumine
1149 3283 1313 3338 servi.

243 3353 519 3424 Caecuba]
558 3354 703 3409 Plin.
732 3354 800 3408 N.
830 3355 901 3410 H.
927 3355 1076 3422 xlv,
1103 3356 1160 3408 6·
1200 3355 1409 3424 „Divus

240 3429 549 3496 Augustus
585 3425 841 3480 Setinum
872 3427 1145 3496 praetulit
1176 3427 1409 3483 cunctis.

240 3501 443 3554 Antea
480 3497 731 3552 Caecubo
780 3503 903 3552 erat
936 3499 1281 3568 generositas
1322 3515 1411 3553 ce·

241 3569 557 3625 leberrima
608 3568 669 3622 in
720 3569 1067 3639 palustribus
1111 3570 1411 3640 populetis,

238 3643 381 3696 sinu
427 3641 753 3710 Amyclano.
846 3641 1097 3697 Secunda
1142 3641 1409 3696 nobilitas

238 3712 497 3768 Falerno
532 3730 671 3782 agro
707 3716 832 3767 erat
868 3718 926 3767 et
963 3730 1032 3768 ex
1068 3729 1135 3768 eo
1168 3712 1411 3769 maxime

240 3784 579 3840 Faustiano.
632 3784 725 3838 Ad
761 3785 991 3840 tertiam
1028 3785 1277 3855 palmam
1313 3802 1409 3839 va-

238 3858 339 3911 ria
364 3871 594 3924 venei-03
632 3856 855 3911 Albana
886 3857 1015 3912 urbi
1039 3857 1226 3911 vicina
1248 3873 1411 3925 prae·

240 3927 445 3982 dulcia
481 3944 548 3982 ac
582 3944 713 3982 rara
742 3928 803 3981 in
830 3933 1079 3997 austero,
1114 3929 1252 3982 item
1279 3927 1437 3982 Sur--

239 3999 511 4066 rentina3
570 4004 790 4054 certant
832 3969 1079 4057 Massica.²
1115 4016 1409 4068 aequeeoe

240 4073 447 4125 monte
484 4069 801 4126 Gaurano-‘⁴
850 4071 1265 4140 vituperandus
1300 4071 1405 4142 igi-

240 4147 351 4197 tur
389 4141 723 4197 Nasidienus
760 4159 874 4197 non
910 4147 1034 4198 erat
1078 4142 1207 4198 ideo
1257 4142 1409 4212 quod

242 4212 513 4268 Caecuba
560 4214 695 4268 vina
747 4215 1069 4284 proposuit,
1114 4215 1213 4270 sed
1254 4212 1407 4283 quod

134 4299 154 4315 ·
240 4284 425 4339 simul
478 4284 829 4355 gloriabatur
881 4304 941 4341 se
1002 4255 1117 4340 al’ia
1184 4302 1407 4356 quoque

238 4355 489 4424 habere,
536 4360 593 4410 et
638 4356 790 4426 quod
832 4357 893 4412 ιιι
942 4356 1185 4411 divitum
1228 4357 1407 4412 homi·

238 4443 393 4482 num
452 4428 631 4496 epulis
682 4429 852 4498 plura
903 4427 1143 4483 fortasse
1199 4445 1409 4499 genera

238 4497 689 4569 p.raebebantur
738 4529 814 4542 —-
855 4497 1050 4554 Ολδαηι
1102 4500 1273 4555 maris
1320 4516 1411 4556 a·

232 4517 413 4642 pers]
476 4569 705 4627 Solebat
768 4572 917 4626 vinis
980 4571 1197 4643 graecis
1266 4587 1413 4642 aqua

1503 1635 1724 1690 marina
1748 1635 2070 1704 admisceri3
2103 1635 2212 1690 hoc
2233 1633 2412 1706 igitur
2438 1633 2655 1704 Chium,

1504 1707 1655 1791 q¹¹.⁰d
1679 1708 1827 1762 inter
1851 1707 2228 1762 transmarina
2246 1705 2656 1761 nobilissimum

1504 1778 1618 1835 fuit
1663 1783 1891 1835 auctore
1938 1778 2141 1845 Plinio,
2187 1795 2300 1832 non
2349 1782 2473 1833 erat
2515 1778 2658 1832 mix-

1504 1856 1653 1919 tum,
1701 1851 1821 1905 sive
1877 1849 2026 1920 quod
2081 1849 2360 1906 salubrius
2415 1848 2654 1904 fortasse

1502 1922 1820 1977 habebatur
1857 1921 1954 1991 (cf.
1991 1921 2136 1976 Plin.
2176 1919 2324 1989 XIV,
2359 1922 2422 1976 '72
2493 1920 2658 1976 Nunc

1503 1994 1692 2065 gratia
1746 1997 1878 2048 ante
1919 1993 2110 2048 omnia
2155 1997 2242 2046 est
2284 1992 2652 2059 Clazomeni0‚

1502 2071 1802 2136 postquam
1842 2065 2079 2136 parcius
2135 2063 2280 2118 mari
2333 2064 2620 2119 condiunt.
2621 2064 2656 2096 “

1504 2141 1564 2192 et
1619 2137 1779 2192 ibid..
1866 2135 2016 2206 „Nec
2067 2135 2374 2206 Ephesium
2427 2135 2655 2192 salubre

1504 2225 2042 2349 matuta.
2083 2208 2358 2334 2²55..ss
2383 2207 2658 2335 ..ῗὲἳὲξῖ

1502 2369 1658 2478 ἲὲἔιῖ
1717 2352 1813 2478 {¹12³
1852 2350 2415 2492 efflffssff'ssiffim
2428 2351 2657 2492 ..3232

1502 2495 1754 2550 iudicare
1802 2495 1889 2560 (cf.
1935 2511 1986 2548 v.
2024 2497 2094 2549 36
2130 2495 2274 2565 sqq.)
2315 2523 2388 2534 —
2427 2493 2658 2550 divitias

1502 2566 1753 2637 miseras]
1824 2565 2050 2622 Horatii
2115 2571 2248 2620 sunt
2299 2564 2656 2650 Fundanium

1504 2639 1994 2708 interrumpentis3
2048 2637 2120 2692 de
2175 2655 2288 2707 qua
2332 2654 2396 2692 re
2447 2654 2521 2692 ne
2565 2637 2657 2692 cui

1503 2710 1788 2766 dubitatio
1847 2709 2166 2778 exoriatur,
2228 2708 2510 2780 particula
2562 2709 2658 2765 sed

1504 2783 1640 2837 satis
1695 2781 1920 2836 videtur
1981 2787 2204 2836 cautum
2269 2797 2403 2836 esse.
2503 2780 2656 2836 Male

1504 2855 1683 2924 igitur
1731 2853 1830 2908 alii
1873 2869 1940 2908 ea
1987 2853 2161 2908 verba
2201 2851 2504 2908 Nasidieno
2551 2853 2656 2907 tri-

1504 2926 1759 2981 buerunt.
1797 2925 2041 2980 Miserae
2063 2929 2196 2978 sunt
2225 2923 2480 2993 divitiae,
2506 2925 2657 2994 quod

1502 2997 1770 3052 misenam
1817 2996 2064 3051 reddunt
2109 2996 2392 3051 hominem
2435 2995 2496 3049 ιιι
2531 3001 2658 3050 tan·-

1501 3073 1734 3138 tamque
1777 3072 1954 3140 agunt
1990 3067 2318 3123 iactantiam
2363 3071 2422 3122 et
2469 3068 2656 3124 stulti·

1500 3141 1658 3194 tiam.
1699 3169 1765 3181 —
1797 3138 2042 3209 pulchre]
2079 3139 2194 3195 Sat.
2229 3140 2302 3208 ΙΙ,
2345 3139 2659 3203 2106.-

1500 3211 1753 3266 &numus
1799 3211 1915 3282 syo]
1970 3210 2092 3277 Quo
2139 3179 2338 3265 ordine
2387 3211 2656 3266 accubue-

1500 3285 1622 3337 rint
1657 3283 1926 3338 convivae
1961 3300 2030 3337 ex
2055 3283 2162 3337 hac
2191 3282 2389 3337 tabula
2409 3283 2656 3338 videbis.

1500 3357 1564 3494 Ιῖ
1607 3354 1932 3409 Fundanius
1993 3356 2046 3420 2)
2092 3353 2288 3409 Viscus
2343 3353 2403 3424 3)
2450 3354 2656 3409 Varius

1595 3426 1864 3481 Servilius
1899 3426 1958 3494 ὅ)
1985 3425 2242 3480 Vibidius
2279 3425 2338 3494 6)
2361 3425 2654 3481 Maecenas

1502 3497 1556 3568 7)
1577 3498 1958 3553 Nomentanus
1987 3497 2047 3566 8)
2069 3497 2403 3552 Nasidienus
2437 3497 2495 3568 9)
2519 3496 2656 3551 Por-

1500 3571 1634 3625 cius.
1705 3569 1774 3623 In
1817 3586 1929 3638 quo
1983 3569 2180 3624 ordine
2223 3569 2332 3623 hoc
2377 3570 2656 3623 incertum

1500 3642 1856 3710 relinquitur,
1891 3644 2083 3695 utrum
2118 3640 2313 3696 Viscus
2353 3641 2656 3695 secundum

1502 3717 1562 3768 et
1595 3712 1798 3767 Varius
1845 3713 2081 3767 tertium
2123 3712 2374 3767 tenuerit
2413 3729 2487 3766 an
2527 3729 2656 3766 con-

1500 3789 1594 3839 tra
1627 3783 1823 3839 Viscus
1859 3784 2092 3839 tertium
2115 3788 2188 3838 -et
2221 3783 2428 3838 Varius
2461 3799 2658 3838 secun-

1499 3856 1652 3911 dum.
1733 3856 1890 3910 Idem
1954 3855 2252 3910 dicendum
2309 3855 2380 3910 de
2437 3855 2654 3910 umbris

1498 3928 1856 3983 Maecenatis.
1943 3927 2164 3984 Medius
2201 3927 2376 3982 lectus
2412 3927 2658 3982 maxime

1498 4000 1808 4054 honoratus
1830 3999 2179 4054 nobilissimo
2215 4000 2364 4054 inter
2391 3999 2655 4054 convivas

1497 4071 1624 4126 viro
1663 4070 1892 4140 eiusque
1928 4070 2226 4126 comitibus
2268 4070 2653 4141 tribuebatur-3

1500 4160 1676 4212 quare
1713 4143 2004 4198 Maecenas
2048 4142 2110 4196 in
2143 4143 2345 4197 ultimo
2380 4143 2502 4196 loco
2542 4159 2656 4198 me·

1498 4215 1582 4268 dii
1640 4215 1790 4284 lecti,
1847 4215 1944 4284 qui
1992 4216 2144 4270 locus
2193 4213 2504 4269 considas-2⁰8
2557 4232 2652 4284 ap·

1497 4286 1846 4356 pellabatur,
1919 4285 2296 4341 accumbebat.
2379 4285 2438 4339 Si
2497 4291 2654 4342 recte

1497 4375 1620 4412 rem
1687 4358 2024 4412 instituisset
2080 4357 2413 4412 Nasidienus
2485 4359 2652 4442 septi-

1502 4445 1658 4484 mum
1717 4429 1900 4484 locum
1959 4429 2272 4486 Maecenati
2335 4427 2654 4499 proximum

1502 4501 1614 4556 sibi
1670 4517 1896 4556 servare
1956 4500 2265 4570 debuisset,
2363 4517 2490 4555 uem
2554 4517 2658 4557 cur

1502 4571 1854 4629 Nomentano
1891 4573 2132 4642 dederit,
2306 4573 2530 4630 'estam
2569 4577 2658 4629 est
