3092 5059
427 219 510 283 50
1402 216 1865 285 ΟΑΒΜΙΝΠΜ

1333 426 1719 513 OARMEN
1781 427 1914 514 VI.

730 618 1105 695 Scriberis
1157 619 1388 695 Vario
1443 620 1667 695 fortis
1721 633 1799 695 et
1849 619 2185 695 hostium

729 744 1002 821 Victor
1041 743 1380 819 Maeonii
1433 744 1792 819 carminis
1843 743 2047 839 alite,

731 869 981 961 Quam
1034 896 1198 945 rem
1253 893 1583 968 cumque
1644 869 1867 944 ferox
1923 869 2247 944 navibus
2299 880 2432 944 aut
2484 869 2699 968 equis

832 994 1057 1070 Miles
1109 1006 1188 1069 te
1243 993 1437 1069 duce
1489 994 1834 1092 gesserit.

670 1180 696 1221 ιε
732 1144 914 1241 Nos,
971 1144 1346 1243 Agrippa,
1399 1169 1655 1243 neque
1706 1143 1897 1220 haec
1947 1142 2207 1221 dicere
2250 1168 2396 1219 nec
2444 1167 2765 1239 gravem

729 1269 1044 1346 Pelidae
1097 1268 1575 1345 stomachum
1630 1268 1906 1347 cedere
1959 1268 2196 1345 nescii

729 1395 883 1472 Nec
936 1420 1200 1469 cursus
1255 1392 1587 1491 duplicis
1640 1418 1781 1493 per
1836 1418 2048 1469 mare
2098 1392 2357 1469 Ulixei

827 1520 988 1595 Nec
1039 1545 1350 1596 saevam
1394 1517 1705 1619 Pelopis
1759 1520 2077 1595 domum

783 1702 825 1757 C
842 1720 877 1756 a
894 1720 926 1756 r
942 1720 995 1755 m
1015 1720 1046 1757 e
1061 1720 1102 1757 n
1138 1702 1232 1756 VI.

507 1772 792 1830 Generalis
842 1774 1135 1838 sententia,
1195 1790 1264 1827 ex
1311 1790 1422 1843 qua
1458 1776 1581 1827 tota

433 1846 572 1901 haec
605 1846 683 1900 M.
710 1844 966 1915 Vipsanii
1001 1846 1296 1917 Agrippae
1329 1844 1581 1899 laudatio

433 1918 675 1986 ducitur,
731 1917 869 1971 haec
905 1921 1016 1971 est.
1075 1933 1186 1971 non
1226 1916 1414 1971 omnia
1455 1931 1580 1984 pos-

433 2006 618 2045 sumus
641 2004 822 2044 omnes
846 1988 938 2043 vel
955 1988 1246 2051 sciendum,
1285 1986 1418 2057 quid
1441 2002 1583 2041 ume-

431 2061 486 2116 ri
538 2061 724 2128 feram
769 2059 903 2129 quid
945 2060 1094 2127 ferre
1147 2064 1406 2115 recusem.
1478 2058 1585 2113 Est

433 2132 580 2187 enim
603 2149 826 2187 carmen
847 2132 930 2185 ita
951 2131 1290 2214 institutum,
1302 2135 1382 2213 “ut
1399 2134 1585 2199 poeta,

433 2222 654 2330 (6115ξείιῖ
655 2203 1018 2329 affigi-1323
1045 2202 1583 2343 ἔθωὲἰὲθξὲῗθρξὲ-

433 2348 585 2403 clara
627 2348 920 2417 Agrippae
967 2346 1218 2401 facinora
1264 2362 1392 2400 cum
1439 2344 1583 2399 anti·

433 2419 558 2488 quis
613 2417 763 2486 apud
798 2416 1104 2472 Homerum
1150 2418 1288 2472 viris
1341 2416 1585 2471 fortibus

436 2494 760 2559 comparata
790 2506 1006 2543 summa
1026 2506 1136 2558 qua
1173 2489 1232 2543 in
1255 2489 1432 2557 lyrico
1459 2504 1579 2543 car-

434 2562 584 2615 mine
627 2561 804 2629 possit
843 2558 967 2615 fieri
1005 2560 1170 2614 laude
1203 2564 1351 2615 tecte
1371 2564 1430 2615 et
1450 2560 1584 2615 arti—

433 2630 622 2687 ficiose
659 2637 972 2687 exornaret.
1047 2630 1314 2685 Eiusdem
1351 2632 1488 2686 artis
1527 2636 1585 2686 et

435 2704 810 2757 simulationis
835 2702 948 2757 alia
971 2704 1227 2773 exempla
1249 2708 1382 2757 sunt
1402 2703 1581 2757 Carm-

432 2774 504 2843 11,
548 2776 628 2827 12.
666 2774 760 2837 IV,
805 2778 887 2829 15.
961 2774 1028 2827 In
1065 2792 1175 2843 qua
1210 2792 1274 2829 re
1311 2775 1460 2829 hunc
1494 2792 1582 2829 οι·-

435 2846 624 2901 dinem
695 2846 857 2900 nobis
929 2846 1228 2901 observare
1289 2847 1579 2901 videmur:

435 2918 620 2971 media
679 2918 911 2987 stropha
958 2918 1323 2988 principalem
1362 2924 1580 2971 senten-

435 2990 576 3043 tiam
611 2988 783 3044 habet
821 2990 1102 3059 utrimque
1140 2991 1326 3045 cincta
1366 2989 1583 3043 duabus

435 3060 698 3129 strophis,
742 3078 977 3129 quarum
1017 3061 1242 3130 quidem
1279 3068 1344 3114 ut
1379 3066 1584 3129 quarta

435 3132 600 3187 alteri
636 3133 951 3201 respondet,
1008 3134 1088 3187 sic
1133 3134 1330 3201 quinta
1387 3137 1585 3186 contra

432 3205 674 3273 primam
729 3205 914 3274 posita
969 3204 1104 3273 quid
1160 3204 1308 3258 inter
1364 3204 1582 3272 epicum

435 3281 659 3345 poetam
691 3275 1028 3331 discriminis
1063 3276 1288 3329 intersit
1325 3280 1384 3329 et
1404 3275 1583 3329 Hora·

435 3348 649 3402 tianam
673 3347 851 3416 lyram
891 3348 1072 3400 iocose
1109 3363 1285 3416 prope
1319 3346 1581 3401 ostendit.

441 3448 504 3459 -
531 3418 658 3473 Non
695 3422 882 3487 potest
915 3418 1027 3471 dici
1065 3418 1135 3471 ad
1173 3435 1338 3487 quem
1375 3435 1585 3472 annum

435 3506 661 3545 carmen
715 3488 1068 3543 referendum
1113 3488 1205 3558 sit,
1262 3506 1583 3558 quanquam

435 3560 578 3615 illud
596 3559 716 3615 veri
753 3560 935 3614 simile
971 3566 1072 3628 est,
1109 3560 1260 3615 haud
1297 3561 1378 3615 ita
1403 3561 1582 3614 multo

436 3636 566 3701 post
595 3632 892 3685 victoriam
909 3633 1198 3686 Actiacam
1237 3632 1446 3702 optime
1465 3632 1583 3685 lau·

437 3703 534 3757 des
571 3703 860 3773 Agrippae
915 3704 1144 3758 victoris
1197 3704 1368 3758 scribi
1421 3709 1583 3773 potu·

437 3775 569 3858 isse,
639 3778 698 3829 et
756 3778 970 3829 certum
1036 3774 1287 3844 videtur,
1361 3792 1586 3829 carmen

437 3850 1088 4044 ξέἰξίἷᾷαῧῗῖῳῗὲῗῗ
1139 3850 1368 3973 ἔὸωῖἕέ
1385 3887 1399 3915 ’
1421 3864 1584 3972 ..222⁰

465 4006 528 4043 us
567 4006 623 4043 es

511 4060 576 4115 V.
607 4063 654 4115 1.
705 4060 894 4130 Vario]
931 4060 997 4115 L.
1019 4060 1238 4126 Varius,
1278 4065 1446 4131 poeta
1470 4060 1584 4130 epi-

441 4150 536 4187 cus
573 4136 630 4186 et
663 4132 931 4203 tragicus,
976 4138 1140 4187 natus
1177 4133 1326 4188 circa
1363 4151 1412 4187 a.
1449 4150 1502 4185 u.
1539 4150 1585 4185 c.

438 4206 564 4270 672,
601 4204 808 4258 amicus
845 4202 956 4257 fuit
975 4204 1213 4275 Vergilii
1250 4208 1308 4258 et
1331 4202 1587 4272 Horatii3

440 4276 699 4401 {¹53¹}ss
735 4276 1054 4414 θὸᾞὲἱῗῖ,
1093 4274 1585 4416 difflffffiritgo‘ss?

441 4418 594 4473 diam
629 4418 854 4487 scripsit
876 4417 1178 4486 Thyestem
1215 4420 1472 4489 Augusto
1499 4417 1583 4471 iu-

443 4490 611 4545 bente
632 4488 872 4559 Vergilii
897 4489 1105 4543 mortui
1132 4489 1202 4557 (a.
1230 4490 1360 4559 735)
1386 4488 1583 4544 Aenei-

443 4561 568 4617 dem
615 4578 741 4615 cum
787 4560 972 4614 Plotio
1007 4559 1190 4616 Tucca
1237 4560 1580 4629 emendavit.

1676 1705 1931 1755 mortuus
1986 1700 2107 1771 ipse
2164 1699 2391 1756 videtur
2448 1702 2581 1754 ante
2615 1716 2668 1753 a.
2706 1698 2831 1754 744.

1676 1771 1911 1828 Praeter
1946 1789 2152 1842 paucos
2188 1788 2383 1827 versus
2418 1770 2563 1825 nihil
2600 1788 2669 1825 ex
2706 1771 2826 1845 eius

1678 1844 2017 1899 carminibus
2074 1844 2237 1899 nobis
2292 1843 2555 1898 relictum
2608 1846 2708 1896 est.
2762 1872 2829 1883 —

1678 1916 1926 1971 Maeonii
1960 1915 2247 1985 carminis]
2305 1914 2608 1982 Homerici,
2661 1931 2698 1968 a
2730 1932 2833 1984 pa-

1676 1988 1790 2041 tria
1844 1986 2075 2043 Homeri
2126 1986 2377 2055 Smyrna,
2437 1985 2731 2040 Maeoniae
2790 2003 2835 2040 s.

1676 2058 1889 2128 Lydiae
1924 2060 2080 2114 urbe.
2122 2087 2189 2098 —
2244 2058 2399 2127 alite]
2457 2074 2648 2126 cycno,
2704 2057 2746 2111 i.
2783 2073 2830 2111 e.

1676 2136 1861 2201 poeta,
1898 2130 1969 2185 cf.
2008 2130 2189 2184 Carm.
2234 2128 2329 2198 1V,
2365 2130 2419 2198 2,
2456 2130 2543 2182 25.
2605 2128 2826 2183 Ablati—

1678 2220 1779 2257 vus
1843 2203 1903 2255 in
1962 2200 2221 2257 omnibus
2283 2201 2568 2255 codicibus
2605 2199 2831 2271 legitur.

1680 2273 1847 2328 Cuius
1912 2272 2343 2329 constructionis
2409 2272 2663 2341 exempla
2720 2289 2837 2326 non

1676 2345 1759 2399 ita
1804 2362 1936 2399 rara
1972 2350 2131 2411 sunt;
2193 2361 2457 2413 compara
2512 2342 2662 2413 apud
2714 2342 2833 2397 Ho-

1676 2417 1886 2471 ratium
1938 2416 2119 2485 Epist.
2164 2416 2209 2487 1,
2248 2416 2297 2481 1,
2336 2415 2423 2469 94.
2500 2418 2557 2469 et
2593 2414 2710 2469 Sat.
2759 2414 2831 2481 Π,

1681 2492 1730 2556 1,
1770 2490 1857 2543 84.
1932 2487 2115 2555 Quare
2151 2504 2267 2541 non
2303 2503 2444 2556 opus
2490 2490 2577 2541 est
2613 2486 2827 2541 coniec-

1676 2564 1807 2613 tura
1843 2558 1987 2627 aliti,
2025 2564 2091 2614 ut
2110 2559 2365 2613 dativum
2386 2558 2687 2613 habeamus
2724 2574 2829 2627 pro

1676 2632 1853 2685 ablat.
1876 2648 2001 2685 cum
2022 2630 2437 2701 praepositione
2461 2629 2546 2684 ab.
2568 2658 2639 2668 ——
2664 2645 2831 2698 quam

1672 2718 1785 2757 rem
1828 2702 2069 2772 cumque]
2127 2702 2199 2757 de
2243 2703 2405 2757 tmesi
2454 2700 2531 2754 cf.
2568 2700 2615 2769 Ι,
2656 2702 2708 2769 7,
2746 2700 2835 2754 25.

1676 2773 1810 2842 Ῑ,9,
1851 2776 1937 2827 14.
1974 2774 2019 2841 Ῑ,
2058 2774 2141 2837 16,
2180 2776 2231 2828 2.
2266 2773 2425 2842 Ῑ,27,
2456 2771 2829 2839 14,etCarm.

1674 2844 1721 2913 Ι,
1762 2815 1845 2913 137,
1873 2847 1953 2899 10.
1994 2845 2039 2913 I,
2066 2847 2151 2912 21,
2172 2846 2223 2899 6.
2260 2844 2305 2913 Ι,
2329 2846 2418 2913 28,
2439 2846 2525 2897 25.
2568 2842 2829 2898 Ceterum

1676 2918 1736 2971 in
1800 2917 1887 2970 his
1946 2917 2203 2971 scriberis
2274 2930 2664 2985 quamcumque
2723 2930 2839 2969 rem

1676 2989 1829 3043 miles
1872 2989 2099 3057 gesserit
2146 2988 2501 3042 attractionis
2548 2986 2836 3070 quoddam

1677 3059 1907 3114 liberius
1956 3077 2131 3130 genus
2168 3064 2269 3127 est,
2326 3058 2478 3129 quod
2534 3058 2617 3111 sic
2670 3057 2835 3112 intel-

1676 3131 1855 3201 legas.
1881 3131 2133 3185 scriberis
2156 3136 2207 3186 et
2224 3130 2503 3185 scribetur.
2546 3128 2837 3183 Bentleius

1678 3202 1901 3285 scripsit
1938 3201 2058 3271 Qua
2094 3218 2207 3257 rem
2243 3218 2483 3272 cumque,
2540 3218 2611 3255 ne
2664 3205 2836 3271 poeta

1679 3274 1989 3344 Agrippam
2044 3274 2366 3344 vituperare
2426 3272 2605 3343 magis
2660 3290 2831 3341 quam

1676 3345 1907 3399 laudare
1927 3344 2229 3400 videretur.
2254 3348 2335 3399 At
2352 3346 2612 3416 Agrippa
2640 3360 2832 3413 quam-

1677 3433 2111 3543 3333&ss
2138 3417 2467 3543 5:333&
2468 3416 2833 3542 ⁸¹1¹ss⁰ffli1⁸0⁸1ffi

1677 3565 1899 3613 secutus
1959 3578 2109 3614 nunc
2180 3564 2265 3614 est
2326 3559 2534 3613 Keller.
2606 3558 2832 3629 Epileg.

1677 3648 1733 3700 p.
1756 3634 1826 3685 28
1838 3648 1942 3699 sq.;
1980 3648 2092 3685 non
2120 3636 2286 3685 recte.
2330 3630 2504 3701 Quam
2539 3630 2682 3685 bene
2718 3647 2831 3685 ser-

1678 3708 1887 3757 varunt
1930 3702 2149 3757 Miiller.
2192 3702 2476 3758 Eckstein.
2518 3700 2828 3756 Schiitzius.

1678 3802 1746 3814 -
1805 3791 2021 3844 qravem
2060 3774 2285 3829 Pelidae
2317 3772 2663 3842 stomachum]
2722 3772 2837 3827 Ex-

1679 3845 1933 3915 primunt
1952 3845 2091 3901 haec
2102 3846 2277 3899 verba
2296 3849 2689 3917 argumentum
2704 3843 2833 3898 Ilia·

1679 3916 1765 3971 dis
1845 3918 2200 3971 Homericae.
2270 3918 2442 3988 μῆνιν
2502 3911 2833 3982 Πηληϊάδεω

1674 3984 1944 4059 Ἀχιλῆος,
1985 3989 2181 4044 eodem
2198 3988 2366 4042 modo
2384 4004 2576 4043 cursus
2596 3986 2837 4057 duplicis

1690 4060 1875 4115 Ulia-ei
1912 4030 2211 4129 (⁹)dysseam
2247 4058 2581 4131 significant.
2630 4058 2838 4114 Gravis

1680 4133 1995 4186 stomachus
2054 4136 2155 4195 est,
2214 4137 2279 4186 ut
2334 4148 2367 4185 a
2369 4131 2484 4201 pud
2525 4130 2832 4185 Homerum

1680 4200 1952 4270 οὐλομένη
1986 4224 2017 4268 η
2054 4202 2207 4275 μιρΡ
2238 4150 2478 4327 ’Λῦαξοῖς
2512 4196 2663 4271 ἄλγε’
2702 4202 2831 4269 ἔθη·

1678 4292 1790 4329 κεν.
1846 4304 1920 4315 -
1982 4224 2220 4343 duplicis
2356 4273 2511 4357 lixa]
2588 4272 2833 4342 διπλοῦς,

1679 4346 1960 4411 subdolus,
1998 4352 2273 4414 versutus,
2310 4340 2667 4415 πολύτροπος.
2728 4344 2831 4399 Ge-

1678 4418 1855 4472 netivi
1892 4416 2075 4472 forma
2120 4436 2154 4472 a
2190 4416 2537 4471 nominativo
2588 4415 2829 4481 Ulixeam,

1678 4494 1744 4543 ut
1779 4488 1960 4558 Epod.
2006 4490 2087 4553 16,
2124 4490 2213 4543 60.
2254 4490 2340 4557 17,
2380 4488 2464 4543 16.
2525 4457 2829 4542 Dorienses

1680 4560 2120 4629 pronuntiabant
2157 4528 2394 4629 obicem,
2447 4559 2599 4615 unde
2632 4558 2827 4615 Cicero
