3092 5059
896 218 1057 286 LIB.
1106 222 1155 287 I.
1206 220 1459 289 CARM.
1502 220 1746 289 XVIII.
1792 222 1976 290 XIX.
2561 228 2640 296 77

330 404 607 483 Cornu
662 417 1051 507 tympana,
1109 433 1309 509 quae
1359 410 1852 510 subsequitur
1906 437 2178 489 caecus
2221 438 2440 491 amor
2481 416 2601 489 sui

242 558 291 598 1⁵
324 528 427 601 Et
480 529 767 607 tollens
820 558 1148 609 vacuum
1200 533 1375 632 plus
1428 536 1672 611 nimio
1725 536 1978 635 gloria
2031 540 2399 615 verticem

323 652 785 755 Arcanique
833 656 1029 733 fides
1082 658 1411 759 prodiga
1461 660 1942 759 perlucidior
1991 664 2216 740 vitro,

1340 836 1539 845 ..—-—-.--.

1110 956 1495 1044 GARMEN
1555 960 1779 1043 XIX.

533 1103 789 1181 Mater
839 1132 1069 1183 saeva
1120 1106 1594 1208 Cupidinum

742 1228 1310 1331 Thebanaeque
1360 1234 1576 1310 iubet
1627 1259 1753 1310 me
1805 1234 2154 1312 Semelae
2205 1262 2400 1337 puer

530 1356 635 1431 Et
680 1355 965 1433 lasciva
1016 1354 1365 1434 Licentia

735 1479 1008 1557 Finitis
1059 1482 1401 1558 animum
1444 1482 1778 1560 reddere
1821 1485 2236 1561 amoribus.

466 1636 495 1676 ε
529 1604 711 1683 Urit
758 1633 885 1683 me
936 1606 1317 1706 Glycerae
1368 1608 1577 1685 nitor

731 1731 1221 1831 Splendentis
1276 1732 1503 1808 Pario
1561 1760 1945 1811 marmore
1996 1735 2283 1836 purius,

526 1858 703 1935 Urit
744 1873 965 1957 grata
1016 1860 1472 1956 protervitas

734 1984 830 2057 Et
880 1984 1135 2059 vultus
1184 1984 1512 2060 nimium
1565 1983 1910 2061 lubricus
1961 1987 2228 2083 aspici.

226 2152 457 2217 propter
493 2149 815 2205 terribilem
858 2166 1071 2205 sonum.
1110 2180 1177 2191 —
1215 2150 1379 2205 Bere·

225 2219 421 2291 cyntio]
473 2220 746 2291 PhrygiO,
792 2240 826 2276 a
868 2221 1147 2293 Phrygiae
1189 2226 1381 2277 monte

226 2288 555 2362 Berecynto,
595 2293 693 2347 ubi
730 2292 1017 2348 colebatur
1054 2293 1272 2364 Cybele,
1309 2295 1380 2350 de

230 2377 333 2428 qua
368 2363 497 2419 vide
536 2363 611 2418 ad
648 2364 827 2419 Carm.
860 2363 903 2432 1,
924 2366 1007 2424 16.
1042 2368 1092 2419 5.
1121 2395 1186 2405 —
1228 2382 1379 2421 amor

228 2432 335 2501 sui]
356 2432 493 2489 Tria
510 2436 878 2490 nominantur
894 2436 1037 2491 vitia
1048 2438 1379 2493 ebrietatem

229 2508 539 2571 sequentia:
586 2524 793 2575 pravus
829 2508 917 2561 sui
954 2526 1128 2572 amor,
1168 2510 1375 2564 iactan-

228 2574 321 2641 tia,
354 2576 689 2647 loquacitas.
728 2608 795 2619 --
832 2580 1099 2648 verticem]
1146 2599 1251 2650 pro
1289 2598 1374 2636 ca-

230 2646 365 2715 pite;
416 2650 649 2721 egregie
688 2650 833 2706 hanc
866 2668 1139 2707 summam
1176 2653 1376 2723 eapitis

228 2726 439 2783 partem
484 2722 680 2791 posuit
726 2723 795 2777 de
845 2724 1030 2778 studio
1086 2724 1375 2779 hominum

230 2804 333 2855 quo
374 2794 619 2848 maiores
674 2794 856 2850 videri
918 2797 1155 2865 cupiunt
1208 2814 1375 2866 quam

230 2866 365 2915 sunt.
382 2892 447 2903 --
469 2864 609 2932 fides
620 2866 889 2937 prodiqa]
906 2867 1044 2932 fides
1058 2868 1375 2937 appellatur

226 2932 471 3005 prodiqa,
532 2939 601 2989 ut
661 2953 772 2991 non
821 2955 1001 3007 pauca
1057 2940 1265 2994 latinae
1316 2946 1373 2994 et

232 3018 453 3071 meone
497 3007 727 3079 linguae
766 3010 1037 3064 vocabule
1084 3029 1225 3080 quae
1260 3029 1372 3065 me·

230 3072 347 3128 diae
399 3084 532 3133 sunt
582 3078 1033 3150 significationis;
1089 3084 1171 3137 ita
1222 3084 1372 3153 inqe-

232 3144 395 3209 πύαω,
434 3157 605 3217 aetas,
638 3152 800 3221 vires,
829 3147 1061 3223 δύναμις
1100 3155 1225 3208 alia.
1262 3154 1371 3208 No-

232 3214 495 3276 tissimum
552 3224 871 3293 exemplum
918 3229 1002 3278 est
1058 3226 1207 3295 apud
1259 3226 1370 3280 Cic.

234 3284 383 3344 Ruso.
403 3295 529 3349 Am.
551 3297 605 3363 4,
624 3297 677 3349 9.
698 3324 766 3335 --
784 3296 1151 3365 perlucidior]
1173 3297 1373 3369 Negle-

236 3362 347 3414 ctae
380 3362 645 3420 diaeresis
669 3367 909 3422 alterum
936 3368 1249 3437 exemplum
1286 3374 1373 3423 est

236 3428 402 3488 Carm.
440 3436 512 3506 11,
554 3442 637 3507 12,
674 3440 745 3492 25
780 3438 1085 3509 detorque&
1133 3444 1371 3510 uterque

234 3502 409 3559 tamen
444 3508 599 3565 loeus
625 3510 845 3564 veniam
880 3511 1111 3565 habebit
1145 3511 1205 3565 in
1242 3529 1370 3581 par-

234 3571 412 3631 ticulis
430 3596 533 3649 per
552 3585 611 3635 et
629 3580 711 3636 cle.
747 3580 833 3635 De
850 3582 1130 3637 sententia
1150 3600 1368 3653 eompa-

236 3646 342 3700 τινί
366 3654 551 3717 potest
574 3652 754 3722 Epod.
783 3656 867 3722 11,
894 3656 975 3707 13.
1008 3652 1122 3707 Sat.
1142 3653 1187 3723 1,
1209 3658 1261 3723 4,
1282 3655 1369 3709 89.

556 3766 849 3822 Carmen
884 3768 1035 3823 XIX.

300 3849 706 3931 §rgumentum
742 3857 1003 3910 carminis
1042 3856 1209 3912 facile
1242 3876 1367 3927 per-

241 3926 475 3983 8p101tur.
511 3925 701 3993 Poeta,
735 3928 832 3995 qui
856 3927 1047 3982 finitos
1072 3946 1193 3983 esse
1218 3946 1367 3988 amo-

241 4000 319 4041 1'08
340 4002 673 4063 speraverat,
696 3998 879 4053 denuo
906 3999 1173 4067 Glycerae
1197 4018 1367 4055 venu-

240 4062 370 4139 state
403 4068 621 4136 eapitur
656 4074 714 4123 et
750 4071 832 4125 ita
877 4074 1115 4141 capitur,
1152 4078 1219 4127 ut
1254 4073 1366 4127 iam

166 4204 175 4213 ·
240 4129 369 4186 mhil
413 4140 587 4206 possit
637 4142 747 4195 nisi
801 4160 1047 4198 amorem
1099 4144 1365 4215 cogitare.

242 4196 409 4264 Quare
442 4212 609 4267 saeris
633 4213 989 4282 placatur-um
1020 4234 1079 4269 ss
1103 4215 1243 4271 dicit
1262 4216 1365 4272 Ve-

244 4284 453 4419 118τὸιῖ
462 4300 531 4337 ne
560 4284 739 4339 nimio
760 4285 908 4412 infla
926 4287 1109 4412 ἱπιιιῖίῑ
1134 4288 1365 4357 impetu.

244 4368 301 4381 -
452 4370 571 4411 erae
590 4374 795 4411 nomen
908 4375 1006 4411 um
1028 4376 1059 4413 e
1240 4376 1367 4415 cum

240 4416 469 4502 Υῇυζξρα.
540 4424 906 4497 Suspicantur
958 4448 1029 4484 ex
1077 4376 1367 4485 nffinum

244 4489 395 4544 tumh
416 4493 593 4553 forma
611 4498 899 4567 Glyceram
934 4505 993 4556 et
1012 4501 1263 4572 Lazaqen
1298 4504 1365 4573 (Ι,

245 4554 321 4623 22,
347 4563 421 4619 10.
454 4566 524 4636 11,
550 4572 602 4638 5,
626 4572 714 4639 16)
752 4572 985 4627 eandem
1018 4572 1189 4627 fuisse
1212 4576 1365 4644 puel·

1482 2149 1596 2204 lam
1635 2166 1804 2218 quam
1823 2148 2102 2219 Cinaram,
2138 2151 2208 2207 de
2243 2169 2355 2221 qua
2389 2151 2518 2206 vide
2536 2152 2632 2221 lv,

1491 2223 1575 2288 13,
1598 2222 1686 2275 21.
1725 2221 1882 2287 Quod
1922 2222 1969 2275 si
1995 2240 2195 2277 verum
2219 2228 2321 2292 est,
2351 2224 2419 2278 iis
2444 2224 2632 2292 potius

1482 2293 1822 2347 credendum
1883 2295 2020 2356 erit,
2085 2296 2182 2363 qui
2239 2296 2346 2349 hoc
2409 2312 2632 2351 carmen

1480 2382 1626 2418 anno
1665 2366 1783 2447 717.
1807 2365 1898 2419 vel
1940 2365 2046 2448 718
2101 2368 2372 2436 scriptum
2419 2366 2632 2435 dieunt,

1481 2438 1967 2564 metim
1987 2438 2634 2565 πῖἰῗὲἒηῗιῗὶῖἕῗηέἓέ

1478 2578 1728 2633 iudicare
1765 2580 2028 2634 iuvenilis
2063 2580 2270 2649 fervor,
2306 2598 2418 2650 quo
2450 2582 2628 2651 reple-

1476 2654 1602 2704 tum
1637 2654 1723 2705 est
1759 2668 2001 2708 carmen.
2073 2652 2154 2707 Of.
2195 2651 2374 2707 Carm.
2414 2653 2458 2721 Ι,
2497 2655 2582 2708 30.

1552 2721 1615 2775 V.
1658 2725 1702 2775 1.
1781 2723 1940 2779 Idem
1978 2739 2166 2778 versus
2205 2725 2264 2777 in
2299 2725 2471 2779 simili
2508 2742 2626 2781 car·

1476 2793 1626 2847 mine
1663 2792 1755 2861 IV,
1798 2798 1845 2862 1,
1881 2797 1931 2847 5.
1968 2794 2054 2849 De
2088 2795 2276 2850 verbis
2313 2800 2370 2850 et
2407 2802 2625 2852 senten-

1474 2864 1558 2917 tia
1594 2865 1720 2936 lege
1756 2866 1933 2921 Germ.
1963 2866 2007 2931 Ι,
2032 2869 2120 2934 33,
2151 2870 2376 2921 10—12.
2419 2896 2485 2907 -
2524 2868 2626 2924 Gu-

1468 2934 1750 3008 pidimm]
1791 2937 1860 2992 of.
1897 2937 2039 2993 Pliu.
2076 2938 2141 2993 N.
2169 2939 2240 2993 H.
2282 2938 2510 3007 XXXV,
2541 2943 2625 3005 11,

1477 3008 1575 3060 36:
1604 3008 2009 3076 „Nicaearchus
2033 3009 2306 3066 Venerem
2326 3012 2476 3066 inter
2495 3010 2631 3067 Gra·

1476 3078 1587 3133 tias
1623 3085 1682 3133 et
1717 3078 2020 3148 Cupidines
2054 3081 2334 3151 (pinxit).“
2371 3083 2628 3138 Lactant.

1476 3148 1613 3203 Inst.
1670 3151 1716 3219 Ι,
1771 3152 1860 3217 20,
1921 3156 2002 3206 11.
2077 3152 2378 3223 „Magnum
2437 3154 2630 3209 Cicero

1475 3220 1771 3291 audaxque
1826 3224 2119 3277 eonsilium
2174 3224 2464 3279 Graeciam
2513 3244 2629 3281 sus·

1476 3293 1685 3361 cepisse
1746 3293 1903 3362 dicit,
1967 3296 2116 3364 quod
2180 3296 2518 3366 Cupidinum
2570 3303 2629 3352 et

1476 3365 1737 3419 Amorum
1763 3366 2065 3420 simulacra
2093 3368 2152 3421 in
2311 3368 2480 3421 nasiis
2500 3386 2628 3423 con·

1474 3436 1796 3490 secrasset.“
1823 3436 1934 3491 Cic.
1947 3438 2014 3493 N.
2029 3437 2095 3492 D.
2111 3438 2166 3491 11
2196 3439 2312 3506 ,23.
2340 3439 2626 3495 claudian.

1473 3506 1543 3559 de
1577 3512 1736 3576 nupt.
1776 3508 1989 3563 Honor.
2029 3514 2088 3563 et
2119 3509 2262 3565 Mar.
2302 3514 2398 3564 71:
2437 3511 2628 3580 „Mille

1472 3578 1788 3645 pharetrati
1813 3580 2016 3635 ludunt
2043 3582 2104 3635 in
2127 3584 2384 3653 margine
2405 3584 2629 3651 fratres,
2673 3604 2681 3611 ·

1477 3648 1588 3703 Ore
1623 3668 1806 3720 pares,
1841 3652 2050 3707 similes
2086 3652 2303 3721 habitu,
2329 3672 2464 3726 gens
2491 3656 2625 3711 mol-

1472 3720 1544 3774 lis
1563 3721 1878 3777 Amorum.“
1914 3724 1992 3779 id.
2033 3726 2094 3778 in
2114 3726 2352 3796 Eutrop.
2381 3728 2450 3780 11.
2479 3729 2624 3797 prol.

1472 3793 1543 3845 63
1581 3793 1950 3861 „blandorum
1985 3802 2168 3851 mater
2203 3798 2517 3853 Amomm.“
2557 3830 2622 3839 -

1469 3862 1702 3919 Semelae
1747 3866 1910 3936 puer]
1952 3864 2202 3922 Bacchus
2248 3886 2413 3937 saepe
2450 3870 2622 3925 Vene-

1470 3936 1550 3989 ris
1597 3953 1778 3993 eomes
1823 3943 1926 3992 est.
1999 3938 2190 3993 Etiam
2237 3940 2514 4009 Licentia,
2560 3948 2626 3995 ut

1470 4006 1622 4076 apud
1683 4007 1968 4064 Claudian.
2029 4010 2202 4079 Nupt.
2262 4010 2473 4066 Honor.
2536 4015 2623 4067 78.

1470 4078 1662 4145 „nullo
1687 4081 1988 4136 constricta
2005 4080 2262 4137 Licentia
2291 4082 2493 4138 nodo.“
2536 4082 2621 4138 De

1470 4151 1730 4219 genetivo
1803 4151 2035 4208 Semelae
2094 4152 2442 4209 Duentzerus
2511 4154 2621 4229 sic}

1472 4220 1886 4348 ’'tqegetivolhg
1915 4238 1970 4347 eg
1987 4224 2256 4349 {loli-uiuis
2285 4239 2398 4309 non
2421 4225 2621 4353 utitgg.

1470 4308 1542 4345 c.
1627 4310 1760 4347 arm.
1815 4333 1830 4355 ‚
1893 4333 1907 4362 ,
1973 4336 1986 4349 .
2094 4313 2526 4364 npurnmsoo
2607 4340 2620 4353 .

1470 4362 1697 4417 Kellero
1749 4368 1891 4419 teste
1937 4366 2183 4433 Semelae,
2232 4384 2346 4421 non
2380 4368 2620 4425 Semeles.

1468 4462 1541 4474 —
1557 4434 1730 4505 nitor]
1749 4436 2129 4505 pulchritudO,
2145 4444 2417 4493 venustas.
2439 4439 2617 4494 Carm.

1469 4505 1571 4575 111,
1611 4506 1694 4573 12,
1733 4510 1782 4561 6.
1834 4536 1900 4547 -
1945 4508 2124 4563 Pario
2166 4510 2454 4582 more]
2491 4511 2620 4567 vids

1468 4576 1541 4631 ad
1583 4578 1762 4633 Garm-
1801 4578 1874 4645 11,
1913 4581 1996 4644 18,
2033 4582 2084 4633 3.
2123 4610 2194 4619 -
2237 4581 2496 4653 lubricus]
2535 4584 2618 4636 lu-
