3092 5059
1083 244 1240 311 Lm.
1285 247 1336 310 I.
1381 245 1656 314 EPIST.
1694 247 1836 315 VII.

2530 253 2653 320 529

347 428 716 528 Neglegit
769 441 900 506 aut
951 429 1276 508 horret.“
1354 432 1757 510 Vulteium
1810 463 2041 514 mane
2098 438 2505 541 Philippus

252 585 304 624 ω
350 554 561 630 Vilia
613 554 1076 632 vendentem
1120 558 1460 633 tunicato
1513 573 1771 636 scruta
1821 563 2135 662 popello

350 678 718 792 Occupat·
751 693 824 756 et
868 681 1166 758 salvere
1219 683 1434 760 iubet
1487 685 1739 782 prior3
1792 685 1926 763 ille
1976 689 2343 790 Philippo

343 803 726 879 Excusare
774 803 1118 882 laborem
1177 821 1254 883 et
1305 812 1839 888 mercennaria
1890 812 2164 908 vincla,

346 929 571 1022 Quod
623 955 781 1004 non
837 957 1066 1006 mane
1119 931 1432 1010 domum
1472 935 1825 1032 venisset,
1873 935 2208 1036 denique
2247 940 2455 1037 quod
2491 969 2644 1018 non

343 1054 821 1133 Providisset
872 1082 1071 1133 eum.

1175 1059 1338 1152 „Sic
1392 1061 1789 1157 ignovisse
1846 1073 2113 1158 putato

239 1210 294 1249 το
345 1181 470 1255 Me
521 1180 684 1276 tibi,
739 1182 805 1256 si
852 1206 1078 1260 cenas
1131 1182 1362 1260 hodie
1413 1185 1777 1262 mecum.“
1870 1185 2015 1280 „Ut
2064 1186 2313 1263 libet.“
2400 1191 2641 1290 „Ergo

346 1301 528 1377 Post
575 1329 862 1379 nonam
917 1307 1212 1382 venies:
1266 1332 1472 1382 nunc
1525 1307 1581 1400 i,
1629 1335 1793 1385 rem
1848 1325 2199 1387 strenuus
2252 1317 2511 1412 auge.“

341 1425 447 1501 Ut
487 1441 802 1504 ventum
847 1430 946 1506 ad
1003 1456 1271 1507 cenam
1323 1445 1454 1528 est,
1515 1433 1849 1510 dicenda
1900 1436 2231 1512 tacenda
2279 1437 2580 1514 locutus

341 1551 686 1627 Tandem
745 1553 1164 1630 dormitum
1214 1555 1644 1634 dimittitur.

1750 1559 1905 1635 Hic
1956 1561 2092 1635 ubi
2145 1588 2377 1664 saepe

343 1673 750 1754 Occultum
804 1679 1008 1754 visus
1063 1680 1476 1758 decurrere
1525 1686 1757 1783 piscis
1811 1684 1911 1760 ad
1964 1685 2299 1786 hamum,

233 1832 289 1871 το
341 1803 570 1877 Mane
623 1802 859 1879 cliens
913 1817 986 1879 et
1041 1807 1196 1880 iam
1246 1823 1499 1885 certus
1552 1812 1898 1898 conviva,
1939 1811 2243 1887 iubetur

337 1927 547 2004 Rura
595 1928 1034 2006 suburbana
1084 1932 1392 2009 indictis
1447 1961 1703 2012 comes
1758 1937 1871 2012 ire
1923 1937 2239 2014 Latinis.

336 2050 752 2150 Impositus
811 2056 1105 2131 mannis
1160 2083 1430 2132 arvum
1485 2060 1941 2161 caelumque
1994 2061 2363 2140 Sabinum

303 2175 510 2251 -Non
565 2193 810 2254 cessat
858 2179 1199 2257 laudare.
1287 2181 1526 2258 Videt
1577 2184 1937 2284 ridetque
1988 2186 2417 2288 Philippus,

334 2301 431 2375 Et
479 2303 626 2378 sibi
682 2304 865 2380 dum
917 2307 1289 2406 requiem,
1348 2307 1534 2382 dum
1586 2309 1777 2385 risus
1829 2311 2174 2412 undique
2225 2315 2565 2414 quaerit„

243 2457 302 2498 so
336 2426 538 2501 Dum
592 2442 887 2527 septem
940 2431 1176 2506 donat
1227 2433 1591 2529 sestertia,
1649 2448 1911 2510 mutua
1962 2451 2251 2534 septem

335 2553 745 2652 Promittit,
799 2557 1210 2654 persuadet
1259 2558 1371 2632 uti
1423 2572 1805 2636 mercetur
1858 2559 2217 2659 agellum.

335 2677 744 2753 Mereatur.
840 2680 956 2758 Ne
1009 2695 1083 2758 te
1127 2683 1382 2780 longis
1410 2684 1891 2781 'ambagibus
1944 2686 2147 2761 ultra

333 2803 586 2896 Quam
639 2803 822 2878 satis
881 2817 994 2880 est
1042 2833 1319 2902 morer,
1375 2833 1466 2882 ex
1521 2807 1767 2883 nitido
1818 2808 1904 2882 fit
1952 2811 2281 2885 rusticus
2332 2825 2563 2911 atque

332 2928 599 3006 Sulcos
645 2943 720 3004 et
769 2931 1026 3006 vineta
1079 2945 1340 3030 crepat
1384 2958 1615 3028 mera,
1674 2949 2084 3033 praeparat
2135 2934 2409 3034 ulmos,

223 3165 552 3231 contemptu
611 3161 850 3231 dictum3
901 3163 1186 3218 tenuiores
1235 3165 1383 3218 enim

223 3234 424 3288 tunica
467 3239 704 3294 tantum.
755 3251 869 3288 non
913 3241 1048 3306 toga
1091 3235 1276 3290 induti
1324 3237 1383 3289 in

223 3304 518 3374 publicum
558 3306 734 3360 ibant.
772 3305 950 3360 Tacit.
971 3307 1102 3362 dial.
1131 3309 1189 3361 7:
1227 3309 1382 3375 „vul-

224 3393 334 3448 gus
370 3376 697 3446 imperitum
741 3383 799 3432 et
835 3379 1119 3433 tunicatus
1156 3378 1250 3432 hic
1284 3396 1381 3449 po-

221 3449 446 3518 pulus.“
473 3479 538 3488 —
567 3464 631 3504 oc
741 3449 826 3520 at]
865 3445 1072 3521 φθάνει
1115 3469 1382 3520 noos-ayo-

287 3515 413 3574 ὑων.
493 3520 623 3578 Liv.
727 3520 820 3585 XI,
869 3523 965 3576 39:
1050 3523 1383 3592 „occupavit

263 3591 413 3661 cipio
439 3591 656 3647 Padum
689 3593 980 3648 traicere.“
1009 3623 1076 3632 —
1101 3593 1380 3662 providis·

220 3663 328 3733 set]
367 3664 518 3732 quod
554 3681 666 3719 non
710 3666 868 3735 prior
911 3665 1145 3720 vidisset
1193 3684 1260 3721 ac
1295 3683 1378 3720 sa·

223 3735 476 3790 lutasset.
553 3735 777 3791 Terent.
833 3737 1011 3791 Andr.
1066 3737 1111 3796 1.
1169 3739 1220 3805 2,
1283 3739 1376 3791 12:

223 3824 388 3877 „erus
425 3813 528 3870 est,
575 3825 756 3877 neque
790 3809 1200 3878 provideram.“

297 3879 362 3933 V.
399 3881 485 3933 72.
535 3878 770 3936 dicenda
809 3880 1060 3952 tacenda]
1099 3880 1170 3937 cf.
1208 3879 1376 3951 Verg.

219 3953 362 4006 Aen.
389 3951 486 4005 IX.
517 3953 637 4006 595.
678 3980 745 3991 —
789 3953 1022 4022 tandem}
1059 3953 1156 4008 diu
1192 3957 1375 4008 reten-

221 4029 333 4092 tus,
381 4040 507 4078 cum
552 4023 818 4093 placeret,
867 4025 1094 4080 taudem
1145 4030 1209 4079 ut
1245 4025 1376 4079 dor-

217 4096 424 4150 mitum
457 4099 550 4150 eat
585 4095 912 4150 dimittitur.
943 4125 1004 4138 --
1034 4097 1124 4151 hic
1156 4097 1270 4166 abs]
1309 4102 1376 4151 ut

217 4165 404 4236 Epist.
425 4165 500 4232 ΙΙ,
520 4170 570 4232 2,
597 4169 717 4222 136.
745 4197 813 4208 —
840 4167 1030 4238 cliens]
1078 4167 1174 4237 qui
1210 4186 1374 4224 mane

216 4239 526 4293 salutatum
613 4239 928 4294 veniebant.
1005 4269 1067 4279 —
1147 4239 1376 4295 indictis

213 4309 472 4380 Latinis]
525 4309 727 4365 Feriae
764 4310 1018 4370 Latinae.
1062 4327 1203 4380 quae
1239 4329 1373 4381 quo-

215 4382 408 4437 tannis
463 4399 498 4436 a
545 4383 772 4437 consule
825 4380 1232 4449 indicebantur,
1289 4385 1371 4437 iu-

213 4453 435 4508 stitium
517 4454 896 4522 quadriduum
956 4453 1194 4516 dabant,
1255 4471 1368 4524 quo

213 4525 314 4594 qui
387 4525 631 4596 negotiis
703 4523 1019 4581 forensibus
1114 4527 1370 4595 occupati

211 4601 380 4654 erant
403 4597 704 4652 comitibus
745 4613 814 4652 ex
838 4613 994 4652 more
1032 4597 1370 4652 nobiliorum

311 4717 540 4762 Horatius
570 4717 646 4759 ed.
673 4717 1010 4770 Dsslenburger
1035 4717 1108 4760 ed.
1135 4717 1231 4759 Vn.

1477 3148 1767 3219 hominum
1805 3183 1990 3220 secum
2026 3165 2207 3220 ductis
2246 3168 2509 3222 rusticari
2544 3185 2628 3222 so·

1475 3237 1687 3292 lebant.
1745 3267 1812 3276 —
1866 3238 2105 3309 mannis]
2164 3237 2235 3292 cf.
2292 3239 2473 3294 Carm.
2528 3239 2627 3307 111,

1475 3309 1564 3364 27.
1604 3310 1654 3362 7.
1707 3308 1886 3378 Epod.
1925 3312 1977 3377 4,
2021 3311 2108 3374 14;
2146 3311 2509 3365 nominantur
2548 3312 2629 3366 sic

1431 3397 1440 3415 ⁵
1474 3381 1647 3434 etiam
1672 3382 1833 3448 parvi
1858 3382 1985 3450 equi
2010 3381 2221 3452 gallici,
2261 3383 2463 3451 quibus
2499 3398 2625 3451 pro-

1472 3456 1601 3520 pter
1640 3453 1995 3507 velocitatem
2035 3458 2095 3507 et
2129 3455 2466 3524 elegantiam
2506 3471 2623 3508 cor-

1471 3523 1627 3592 poris
1665 3523 1904 3578 libenter
1928 3524 2248 3578 utebantur.
2285 3525 2475 3580 Etiam
2501 3525 2625 3580 bur-

1469 3595 1618 3649 richi
1650 3595 1996 3650 dicebantur.
2058 3599 2269 3650 Auson.
2300 3599 2349 3660 8,
2390 3599 2449 3650 7:
2488 3597 2624 3660 „Vel

1471 3667 1712 3721 celerem
1746 3683 2007 3721 mannum
2052 3668 2142 3720 vel
2192 3673 2423 3737 ruptum
2464 3673 2627 3738 terga

1472 3738 1737 3792 veredum
1794 3737 2194 3794 conscendas.“
2244 3767 2309 3778 —
2360 3739 2597 3806 requiem

1472 3811 1893 3878 recreationem,
1919 3809 2364 3872 delectationem,
2384 3815 2449 3864 ut
2472 3827 2584 3879 apu

1473 3880 1587 3935 Cic.
1647 3879 1752 3936 off.
1800 3881 1871 3942 11,
1922 3883 1974 3948 2,
2018 3885 2075 3950 ὅς
2150 3882 2329 3946 risve,
2400 3880 2623 3936 ridendi

1470 3953 1781 4008 materiem.
1856 3952 2093 4008 Vafrum
2148 3953 2298 4008 enim
2340 3952 2447 4007 hoc
2493 3952 2623 4006 Phi·

1469 4024 1611 4094 lippi
1637 4030 1724 4079 est
1752 4025 2063 4092 consilium,
2090 4025 2297 4094 quippe
2333 4025 2431 4093 qui
2467 4041 2621 4094 prae·

1469 4097 1705 4150 sentiret
1744 4097 2115 4166 tranquillum
2152 4114 2312 4152 suum
2351 4113 2417 4150 ae
2450 4097 2621 4165 placi·

1469 4169 1603 4222 dum
1651 4186 1980 4238 praeconem
2024 4186 2136 4224 non
2184 4169 2459 4238 optimum
2500 4165 2621 4222 fore

1466 4241 1756 4297 rusticum.
1814 4269 1880 4280 -
1936 4239 2197 4310 undique]
2236 4236 2621 4308 undecumque

1466 4313 1655 4381 potuit
1710 4313 1828 4367 acci
1900 4331 1979 4376 re,
2036 4327 2259 4381 quoque
2310 4309 2493 4366 modo.
2552 4339 2619 4352 -

1464 4400 1532 4438 ex
1565 4383 1771 4454 nitido]
1854 4385 1923 4438 ic.
1961 4382 2033 4437 ad
2062 4383 2217 4437 Fam.
2244 4381 2389 4444 XVI,
2420 4383 2506 4449 21,
2528 4385 2619 4438 13:

1464 4455 1876 4526 „Deponendae
1926 4455 2033 4508 tibi
2070 4458 2202 4508 aunt
2236 4454 2617 4510 urbanitates:

1462 4529 1706 4582 rusticus
1744 4527 2031 4582 Romanus
2066 4525 2249 4580 factus
2286 4528 2397 4580 es.“
2416 4553 2485 4566 ——
2504 4531 2617 4581 stu·

1464 4597 1593 4666 aiis]
1632 4599 1873 4654 Dativus
1910 4603 2012 4664 est,
2050 4601 2115 4652 ut
2148 4598 2299 4667 apud
2324 4596 2619 4665 Quintilia-

2153 4697 2221 4752 84
