3092 5059
379 221 503 285 358

1323 208 1831 287 SATIRARUM

479 404 706 503 Num,
754 407 901 483 tibi
939 434 1110 483 cum
1165 409 1428 485 fauces
1483 409 1640 483 urit
1690 406 1874 503 sitis,
1926 432 2163 485 aurea
2215 408 2520 506 quaeris

379 562 452 605 ns
479 530 810 609 Pocula?
857 559 1042 609 num
1097 535 1438 609 esuriens
1497 522 1793 615 fastidis
1848 534 2110 608 omnia
2160 546 2473 633 praeter

482 656 868 732 Pavonem
891 656 1112 733 rhom
1123 660 1506 759 bumque‘?
1519 670 1812 734 tument
1826 659 1970 733 tibi
1985 683 2160 734 cum
2170 657 2506 755 inguina,
2522 684 2706 735 num
2720 659 2787 735 si

477 776 790 856 Ancilla
826 793 956 856 aut
1001 808 1238 858 verna
1283 796 1398 859 est
1442 796 1746 881 praesto
1784 808 1997 880 puer,
2050 782 2383 880 impetus
2423 782 2505 857 in
2552 808 2785 883 quem

482 903 867 981 Continuo
918 906 1072 1003 fiat,
1127 906 1352 983 malis
1404 908 1782 1004 tentigine
1832 908 2135 1008 rumpi?

476 1028 652 1105 Non
689 1055 872 1129 eg03
907 1058 1242 1132 namque
1269 1032 1692 1131 parabilem
1718 1058 1895 1109 amo
1919 1057 2279 1109 venerem
2298 1030 2783 1130 facilemque.

379 1154 708 1231 nomam
759 1154 994 1252 „Post
1045 1154 1366 1256 paulo“:
1419 1157 1626 1254 „Sed
1677 1155 2004 1255 pluris“:
2060 1156 2193 1254 „Si
2237 1156 2508 1233 exierit
2556 1154 2725 1231 vi1·“

481 1278 752 1374 Gallis,
804 1278 1001 1356 hane
1027 1279 1527 1357 Philodemus
1580 1283 1688 1357 ait
1723 1283 1894 1377 sibi,
1948 1308 2145 1382 quae
2194 1306 2451 1381 neque
2499 1304 2783 1379 magno

481 1404 645 1481 Stet
695 1406 944 1505 pretio
1000 1431 1252 1506 neque
1303 1418 1721 1503 cunctetur,
1780 1434 1957 1484 cum
2012 1419 2126 1485 est
2174 1408 2381 1483 iussa
2432 1408 2721 1484 venire.

480 1528 837 1606 Candida
862 1544 1222 1630 rectaque
1249 1531 1383 1608 sitz
1418 1532 1707 1608 munda
1732 1534 2117 1628 hactenus,
2144 1544 2231 1607 ut
2264 1557 2519 1632 neque
2546 1532 2787 1631 longa

477 1652 552 1729 N
555 1679 642 1729 ec
687 1656 939 1752 magis
994 1655 1175 1731 alba
1228 1655 1434 1753 velit,
1491 1683 1723 1756 quam
1778 1657 1911 1735 dat
1958 1672 2254 1753 natura,
2299 1657 2571 1735 videri.

379 1813 456 1855 ιιι
477 1778 696 1855 Haec
745 1780 876 1856 ubi
929 1781 1332 1879 supposuit
1383 1781 1660 1858 dextro
1714 1806 1993 1882 corpus
2052 1782 2239 1859 mihi
2288 1782 2617 1877 laevum,

478 1902 628 1979 Ilia
683 1914 758 1977 et
807 1903 1090 2001 Egeria
1141 1916 1288 1999 est3
1347 1904 1447 1980 do
1503 1930 1785 1981 nomen
1840 1905 2242 2006 quodlibet
2287 1905 2430 2001 illi,

477 2027 640 2105 Nec
691 2054 965 2105 vereor
1013 2054 1136 2123 ne,
1191 2030 1374 2105 dum
1426 2030 1674 2124 fumo,
1726 2030 1846 2105 vir
1896 2056 2076 2108 rure
2126 2044 2486 2127 recurrat,

477 2152 724 2229 Ianua
776 2154 1202 2249 frangatur,
1255 2153 1484 2230 latret
1533 2156 1765 2250 canis,
1821 2156 2164 2255 undique
2217 2180 2499 2255 magno

481 2277 708 2353 Pulsa
757 2278 1032 2355 domus
1077 2280 1402 2379 strepitu
1454 2294 1783 2377 resonet,
1834 2278 2225 2378 vepallida
2274 2281 2475 2358 lecto

380 2436 456 2477 mn
479 2402 801 2479 Desiliat
849 2402 1148 2501 mulier,
1202 2404 1560 2483 miseram
1615 2432 1699 2482 se
1748 2406 2055 2481 conscia
2102 2405 2399 2502 elamet,

483 2528 853 2605 Cruribus
905 2527 1096 2605 haec
1142 2542 1456 2627 metuat,
1513 2530 1677 2607 doti
1728 2530 2133 2630 deprensa,
2184 2544 2491 2631 egomet
2538 2531 2671 2607 mi.

479 2652 866 2729 Discinota
915 2655 1179 2731 tunica
1229 2654 1857 2753 fugiendum'est
1905 2681 1994 2732 ac
2047 2656 2247 2758 pede
2295 2657 2529 2754 nudo,

477 2776 595 2852 Ne
643 2780 943 2854 nummi
988 2795 1306 2875 pereant
1347 2794 1482 2856 aut
1530 2805 1741 2880 puga
1792 2794 1927 2857 aut
1977 2781 2311 2881 denique
2363 2782 2593 2858 fama.

478 2900 873 3001 Deprendi
926 2904 1289 2981 miserum
1343 2917 1487 3002 est3
1541 2905 1783 2981 Fabio
1834 2906 1955 2983 vel
2008 2907 2265 2984 iudice
2316 2908 2641 2983 vincam.

377 3172 546 3237 stum,
593 3184 706 3222 non
752 3173 870 3223 tam
917 3168 1096 3224 solido
1144 3187 1312 3239 quam
1349 3169 1534 3239 splen-

379 3239 513 3295 dido
562 3240 840 3295 nomine.“
916 3240 1053 3295 ibid.
1091 3243 1190 3295 21:
1255 3239 1354 3311 „In
1412 3240 1532 3310 qui-

378 3311 480 3365 bus
536 3312 694 3366 nulla
743 3312 924 3367 solida
971 3313 1189 3367 utilitas
1243 3312 1534 3382 omnisque

375 3382 610 3452 puerilis
648 3387 733 3438 est
766 3384 1121 3439 delectatio.“
1149 3414 1216 3424 —
1249 3400 1506 3455 pavonem

379 3454 510 3509 vide
544 3454 614 3509 ad
652 3454 765 3509 Sat.
805 3454 874 3522 11,
912 3456 964 3523 2,
1000 3455 1088 3509 23.
1127 3484 1194 3495 -
1229 3456 1506 3510 rhombum

380 3524 451 3580 cf.
485 3524 666 3597 Epod.
691 3528 742 3596 2,
767 3528 853 3581 50.
879 3554 950 3565 -—
989 3526 1338 3581 Philodemus
1395 3526 1530 3597 Epi-

379 3614 574 3653 cureus
610 3598 976 3668 philosophus
1014 3604 1071 3653 et
1145 3602 1290 3667 oeta,
1355 3598 1530 3653 icero-

379 3668 468 3722 nis
505 3668 772 3753 aequalis.
812 3699 880 3709 —
919 3668 1100 3753 θᾳῑῑίε
1173 3668 1431 3753 Cybelae·
1445 3688 1530 3723 sa-

380 3740 700 3795 cerdot1bus
762 3744 1042 3795 castrans.
1117 3770 1183 3779 —
1260 3740 1530 3811 candzda]

379 3813 684 3867 utstatim
729 3812 856 3867 alba
899 3812 971 3867 de

379 3884 513 3938 lore.
550 3883 730 3954 Epod.
773 3885 856 3952 11,
894 3886 981 3938 27.
1020 3912 1086 3922 -
1123 3884 1168 3938 I
1167 3884 1246 3936 lia
1295 3886 1346 3937 et
1389 3882 1528 3953 Eys-

376 3954 493 4037 νίᾳ]
539 3954 886 4009 nobilissima
915 3958 980 4039 ‘et
1011 3954 1399 4038 antiquissima
1433 3970 1528 4009 no-

377 4043 570 4162 ἓξὲξ.
603 4024 1528 4179 ῑθιῖἕΐέεέῃξῑᾱεᾶᾶρέἥῇιῗ

379 4166 661 4223 Eekstein.
709 4184 836 4225 cum
873 4168 1130 4223 Bentleio
1176 4184 1242 4222 ne
1285 4166 1529 4235 paatda3

1020 3816 1185 3882 grato
1235 3810 1403 3866 faciei
1441 3829 1529 3866 co·

1627 3172 1931 3240 utrumque
1965 3186 2035 3225 ex
2080 3170 2239 3225 codd.
2279 3170 2584 3226 comment.
2612 3171 2783 3298 cmff

1628 3242 1977 3311 comparavit
2018 3241 2312 3311 vem-andis
2356 3241 2510 3313 apud
2558 3244 2671 3299 Cic.
2768 3285 2785 3299 .

1626 3312 1735 3383 leg.
1774 3329 1893 3383 agr.
1932 3314 2023 3382 84,
2059 3314 2143 3367 93.
2186 3312 2324 3368 Gen.
2352 3312 2420 3369 N.
2447 3317 2515 3368 A.
2547 3314 2696 3381 XVI,
2723 3316 2786 3370 δε

1627 3400 1721 3451 „ve
1753 3384 2031 3453 particula
2056 3388 2179 3438 tum
2203 3384 2569 3441 intentionem
2612 3388 2786 3457 signi-

1624 3454 1757 3510 ficat
1800 3459 1921 3509 tum
1970 3456 2395 3511 minutionem.“
2457 3456 2527 3512 cf.
2576 3458 2787 3513 similia

1621 3542 1869 3588 vesanus,
1906 3542 2104 3583 oecon.
2152 3555 2220 3567 —
2277 3526 2521 3599 conscia]
2576 3529 2787 3585 ancilla

1624 3598 1997 3653 conciliatrix.
2036 3627 2103 3638 —
2139 3598 2413 3671 ortu-ibus]
2453 3599 2785 3655 Infidelibus

1624 3669 1799 3723 servis
1846 3670 2096 3724 crudeles
2140 3670 2353 3725 domini
2400 3688 2565 3727 crura
2615 3690 2786 3742 saepe

1624 3740 1976 3812 frangebant.
2028 3770 2093 3781 —
2140 3740 2278 3825 dots]
2316 3742 2585 3797 Mulieres
2623 3743 2786 3798 adul-

1622 3812 1757 3866 terii
1813 3813 2099 3868 convictae
2153 3812 2301 3866 dotls
2359 3818 2521 3883 parte
2575 3816 2789 3870 multa·

1622 3883 1849 3937 bantur.
1890 3912 1955 3921 —
1993 3882 2195 3953 Fabio]
2235 3882 2347 3938 Sat.
2387 3884 2433 3953 1,
2476 3888 2525 3955 1,
2567 3888 2650 3941 14.
2725 3887 2784 3942 Is

1626 3954 1816 4022 etiam,
1848 3955 1944 4023 qui
1968 3956 2269 4009 verborum
2304 3956 2643 4027 linguaeque
2670 3974 2791 4013 cer-

1624 4025 1836 4080 tamine
1886 4026 2096 4081 nemini
2141 4044 2389 4095 unquam
2438 4028 2620 4093 cessit,
2676 4029 2791 4086 hoe

1623 4112 1819 4151 verum
1877 4114 1995 4152 esse
2044 4099 2313 4153 concedet
2367 4098 2487 4169 ipss
2542 4098 2790 4157 fortasse

1628 4171 1906 4238 expertus.
