<?xml version="1.0" encoding="UTF-8"?>
<!DOCTYPE html PUBLIC "-//W3C//DTD XHTML 1.0 Transitional//EN"
    "http://www.w3.org/TR/xhtml1/DTD/xhtml1-transitional.dtd">
<html xmlns="http://www.w3.org/1999/xhtml" xml:lang="en" lang="en">
 <head>
  <title>
</title>
<meta http-equiv="Content-Type" content="text/html;charset=utf-8" />
  <meta name='ocr-system' content='tesseract 3.04.00' />
  <meta name='ocr-capabilities' content='ocr_page ocr_carea ocr_par ocr_line ocrx_word'/>
</head>
<body>
  <div class='ocr_page' id='page_1' title='image "./qhoratiiflaccio05unkngoog/qhoratiiflaccio05unkngoog_0658.png"; bbox 0 0 3092 5059; ppageno 0'>
   <div class='ocr_carea' id='block_1_1' title="bbox 432 193 556 262">
    <p class='ocr_par' dir='ltr' id='par_1_1' title="bbox 432 193 556 262">
     <span class='ocr_line' id='line_1_1' title="bbox 432 193 556 262; baseline 0 0"><span class='ocrx_word' id='word_1_1' title='bbox 432 193 556 262; x_wconf 83' lang='lat'><strong>628</strong></span> 
     </span>
    </p>
   </div>
   <div class='ocr_carea' id='block_1_2' title="bbox 1493 188 1755 258">
    <p class='ocr_par' dir='ltr' id='par_1_2' title="bbox 1493 188 1755 258">
     <span class='ocr_line' id='line_1_2' title="bbox 1493 188 1755 258; baseline 0.008 -2"><span class='ocrx_word' id='word_1_2' title='bbox 1493 188 1755 258; x_wconf 84' lang='lat' dir='ltr'><strong>LIBER</strong></span> 
     </span>
    </p>
   </div>
   <div class='ocr_carea' id='block_1_3' title="bbox 440 377 2848 1355">
    <p class='ocr_par' dir='ltr' id='par_1_3' title="bbox 534 377 2334 480">
     <span class='ocr_line' id='line_1_3' title="bbox 534 377 2334 480; baseline -0.002 -23"><span class='ocrx_word' id='word_1_3' title='bbox 534 381 949 480; x_wconf 85' lang='lat' dir='ltr'><strong>Interpres‚</strong></span> <span class='ocrx_word' id='word_1_4' title='bbox 998 406 1141 456; x_wconf 88' lang='lat' dir='ltr'><strong>nec</strong></span> <span class='ocrx_word' id='word_1_5' title='bbox 1191 377 1495 456; x_wconf 79' lang='lat' dir='ltr'>desilies</span> <span class='ocrx_word' id='word_1_6' title='bbox 1545 379 1887 454; x_wconf 84' lang='lat' dir='ltr'><strong>imitator</strong></span> <span class='ocrx_word' id='word_1_7' title='bbox 1931 377 2008 454; x_wconf 90' lang='lat' dir='ltr'><strong>in</strong></span> <span class='ocrx_word' id='word_1_8' title='bbox 2061 391 2334 475; x_wconf 87' lang='lat' dir='ltr'><strong>artum,</strong></span> 
     </span>
    </p>

    <p class='ocr_par' dir='ltr' id='par_1_4' title="bbox 441 489 2759 1102">
     <span class='ocr_line' id='line_1_4' title="bbox 441 489 2759 608; baseline -0.002 -26"><span class='ocrx_word' id='word_1_9' title='bbox 441 543 513 584; x_wconf 68' lang='grc' dir='ltr'><strong>ωε</strong></span> <span class='ocrx_word' id='word_1_10' title='bbox 536 507 765 583; x_wconf 89' lang='lat' dir='ltr'><strong>Unde</strong></span> <span class='ocrx_word' id='word_1_11' title='bbox 818 507 1099 608; x_wconf 89' lang='lat' dir='ltr'><strong>pedem</strong></span> <span class='ocrx_word' id='word_1_12' title='bbox 1144 508 1499 603; x_wconf 85' lang='lat' dir='ltr'><strong>proferre</strong></span> <span class='ocrx_word' id='word_1_13' title='bbox 1550 489 1804 602; x_wconf 85' lang='lat' dir='ltr'><strong>pudor</strong></span> <span class='ocrx_word' id='word_1_14' title='bbox 1859 517 2062 580; x_wconf 89' lang='lat' dir='ltr'><strong>vetet</strong></span> <span class='ocrx_word' id='word_1_15' title='bbox 2111 516 2242 580; x_wconf 87' lang='lat' dir='ltr'><strong>aut</strong></span> <span class='ocrx_word' id='word_1_16' title='bbox 2291 505 2550 603; x_wconf 87' lang='lat' dir='ltr'><strong>operis</strong></span> <span class='ocrx_word' id='word_1_17' title='bbox 2602 504 2759 580; x_wconf 81' lang='lat' dir='ltr'><strong>lex.</strong></span> 
     </span>
     <span class='ocr_line' id='line_1_5' title="bbox 534 628 2426 730; baseline -0.003 -22"><span class='ocrx_word' id='word_1_18' title='bbox 534 633 695 708; x_wconf 87' lang='lat' dir='ltr'><strong>Nec</strong></span> <span class='ocrx_word' id='word_1_19' title='bbox 748 636 857 708; x_wconf 88' lang='lat' dir='ltr'><strong>sic</strong></span> <span class='ocrx_word' id='word_1_20' title='bbox 908 631 1251 730; x_wconf 87' lang='lat' dir='ltr'><strong>incipies,</strong></span> <span class='ocrx_word' id='word_1_21' title='bbox 1305 643 1389 706; x_wconf 89' lang='lat' dir='ltr'><strong>ut</strong></span> <span class='ocrx_word' id='word_1_22' title='bbox 1440 629 1767 728; x_wconf 80' lang='lat' dir='ltr'>scriptor</span> <span class='ocrx_word' id='word_1_23' title='bbox 1823 629 2153 726; x_wconf 84' lang='lat' dir='ltr'><strong>cyclicus</strong></span> <span class='ocrx_word' id='word_1_24' title='bbox 2207 628 2426 705; x_wconf 87' lang='lat' dir='ltr'><strong>olim:</strong></span> 
     </span>
     <span class='ocr_line' id='line_1_6' title="bbox 537 749 2580 856; baseline -0.003 -21"><span class='ocrx_word' id='word_1_25' title='bbox 537 760 1010 856; x_wconf 83' lang='lat' dir='ltr'><strong>„Fortunam</strong></span> <span class='ocrx_word' id='word_1_26' title='bbox 1060 756 1345 832; x_wconf 87' lang='lat' dir='ltr'><strong>Priami</strong></span> <span class='ocrx_word' id='word_1_27' title='bbox 1396 755 1718 831; x_wconf 81' lang='lat' dir='ltr'>cantabo</span> <span class='ocrx_word' id='word_1_28' title='bbox 1775 768 1852 831; x_wconf 88' lang='lat' dir='ltr'><strong>et</strong></span> <span class='ocrx_word' id='word_1_29' title='bbox 1902 755 2163 831; x_wconf 78' lang='lat' dir='ltr'><strong>nobile</strong></span> <span class='ocrx_word' id='word_1_30' title='bbox 2213 749 2580 831; x_wconf 89' lang='lat' dir='ltr'><strong>bellum.“</strong></span> 
     </span>
     <span class='ocr_line' id='line_1_7' title="bbox 540 879 2590 982; baseline -0.003 -22"><span class='ocrx_word' id='word_1_31' title='bbox 540 885 746 976; x_wconf 81' lang='lat' dir='ltr'><strong>Quid</strong></span> <span class='ocrx_word' id='word_1_32' title='bbox 793 883 1114 982; x_wconf 86' lang='lat' dir='ltr'><strong>dignum</strong></span> <span class='ocrx_word' id='word_1_33' title='bbox 1157 895 1369 958; x_wconf 88' lang='lat' dir='ltr'><strong>tanto</strong></span> <span class='ocrx_word' id='word_1_34' title='bbox 1424 881 1622 957; x_wconf 87' lang='lat' dir='ltr'><strong>seret</strong></span> <span class='ocrx_word' id='word_1_35' title='bbox 1677 880 1800 955; x_wconf 91' lang='lat' dir='ltr'><strong>hic</strong></span> <span class='ocrx_word' id='word_1_36' title='bbox 1853 881 2278 980; x_wconf 88' lang='lat' dir='ltr'><strong>promissor</strong></span> <span class='ocrx_word' id='word_1_37' title='bbox 2327 879 2590 955; x_wconf 84' lang='lat' dir='ltr'><strong>hiatu?</strong></span> 
     </span>
     <span class='ocr_line' id='line_1_8' title="bbox 537 1004 2426 1102; baseline -0.003 -18"><span class='ocrx_word' id='word_1_38' title='bbox 537 1009 981 1084; x_wconf 85' lang='lat' dir='ltr'><strong>Parturiunt</strong></span> <span class='ocrx_word' id='word_1_39' title='bbox 1030 1019 1352 1102; x_wconf 84' lang='lat' dir='ltr'><strong>montes,</strong></span> <span class='ocrx_word' id='word_1_40' title='bbox 1404 1019 1763 1081; x_wconf 84' lang='lat' dir='ltr'><strong>nascetur</strong></span> <span class='ocrx_word' id='word_1_41' title='bbox 1808 1004 2182 1081; x_wconf 88' lang='lat' dir='ltr'><strong>ridiculus</strong></span> <span class='ocrx_word' id='word_1_42' title='bbox 2233 1031 2426 1081; x_wconf 89' lang='lat' dir='ltr'><strong>mus.</strong></span> 
     </span>
    </p>

    <p class='ocr_par' dir='ltr' id='par_1_5' title="bbox 440 1128 2848 1355">
     <span class='ocr_line' id='line_1_9' title="bbox 440 1128 2436 1225; baseline -0.002 -20"><span class='ocrx_word' id='word_1_43' title='bbox 440 1165 511 1205; x_wconf 69' lang='grc' dir='ltr'><strong>ιω</strong></span> <span class='ocrx_word' id='word_1_44' title='bbox 540 1131 846 1224; x_wconf 86' lang='lat' dir='ltr'><strong>Quanto</strong></span> <span class='ocrx_word' id='word_1_45' title='bbox 901 1131 1178 1206; x_wconf 86' lang='lat' dir='ltr'><strong>rectius</strong></span> <span class='ocrx_word' id='word_1_46' title='bbox 1231 1129 1375 1224; x_wconf 84' lang='lat' dir='ltr'><strong>hic,</strong></span> <span class='ocrx_word' id='word_1_47' title='bbox 1434 1128 1568 1215; x_wconf 77' lang='lat' dir='ltr'><strong>Qui</strong></span> <span class='ocrx_word' id='word_1_48' title='bbox 1619 1129 1730 1202; x_wconf 92' lang='lat' dir='ltr'><strong>nil</strong></span> <span class='ocrx_word' id='word_1_49' title='bbox 1781 1128 2096 1202; x_wconf 80' lang='lat' dir='ltr'><strong>molitur</strong></span> <span class='ocrx_word' id='word_1_50' title='bbox 2145 1129 2436 1225; x_wconf 87' lang='lat' dir='ltr'><strong>inepte:</strong></span> 
     </span>
     <span class='ocr_line' id='line_1_10' title="bbox 539 1247 2848 1355; baseline -0.002 -23"><span class='ocrx_word' id='word_1_51' title='bbox 539 1247 984 1355; x_wconf 81' lang='lat' dir='ltr'><strong>‚,Dio&#39;mihi,</strong></span> <span class='ocrx_word' id='word_1_52' title='bbox 1025 1253 1267 1350; x_wconf 87' lang='lat' dir='ltr'><strong>Musa,</strong></span> <span class='ocrx_word' id='word_1_53' title='bbox 1321 1255 1596 1348; x_wconf 88' lang='lat' dir='ltr'><strong>virum,</strong></span> <span class='ocrx_word' id='word_1_54' title='bbox 1653 1267 1920 1350; x_wconf 83' lang='lat' dir='ltr'><strong>captae</strong></span> <span class='ocrx_word' id='word_1_55' title='bbox 1953 1267 2128 1350; x_wconf 89' lang='lat' dir='ltr'><strong>post</strong></span> <span class='ocrx_word' id='word_1_56' title='bbox 2176 1266 2528 1353; x_wconf 88' lang='lat' dir='ltr'><strong>tempora</strong></span> <span class='ocrx_word' id='word_1_57' title='bbox 2553 1253 2848 1328; x_wconf 83' lang='lat' dir='ltr'><strong>Troiae</strong></span> 
     </span>
    </p>
   </div>
   <div class='ocr_carea' id='block_1_4' title="bbox 440 1543 1606 4614">
    <p class='ocr_par' dir='ltr' id='par_1_6' title="bbox 440 1543 1594 2827">
     <span class='ocr_line' id='line_1_11' title="bbox 440 1543 1590 1612; baseline -0.001 -13"><span class='ocrx_word' id='word_1_58' title='bbox 440 1561 574 1600; x_wconf 82' lang='lat' dir='ltr'><strong>vero</strong></span> <span class='ocrx_word' id='word_1_59' title='bbox 622 1543 847 1612; x_wconf 88' lang='lat' dir='ltr'><strong>publica</strong></span> <span class='ocrx_word' id='word_1_60' title='bbox 894 1547 980 1598; x_wconf 78' lang='lat' dir='ltr'><strong>est</strong></span> <span class='ocrx_word' id='word_1_61' title='bbox 1026 1545 1287 1600; x_wconf 82' lang='lat' dir='ltr'><strong>materies</strong></span> <span class='ocrx_word' id='word_1_62' title='bbox 1323 1545 1437 1598; x_wconf 89' lang='lat' dir='ltr'><strong>iam</strong></span> <span class='ocrx_word' id='word_1_63' title='bbox 1473 1561 1590 1598; x_wconf 84' lang='lat' dir='ltr'><strong>sae-</strong></span> 
     </span>
     <span class='ocr_line' id='line_1_12' title="bbox 441 1615 1590 1687; baseline 0 -17"><span class='ocrx_word' id='word_1_64' title='bbox 441 1617 567 1687; x_wconf 86' lang='lat' dir='ltr'><strong>pius</strong></span> <span class='ocrx_word' id='word_1_65' title='bbox 623 1619 869 1670; x_wconf 82' lang='lat' dir='ltr'><strong>tractata</strong></span> <span class='ocrx_word' id='word_1_66' title='bbox 923 1620 981 1670; x_wconf 86' lang='lat' dir='ltr'><strong>et</strong></span> <span class='ocrx_word' id='word_1_67' title='bbox 1034 1617 1118 1670; x_wconf 88' lang='lat' dir='ltr'><strong>ita</strong></span> <span class='ocrx_word' id='word_1_68' title='bbox 1168 1617 1327 1685; x_wconf 78' lang='lat' dir='ltr'><strong>quasi</strong></span> <span class='ocrx_word' id='word_1_69' title='bbox 1375 1615 1590 1686; x_wconf 88' lang='lat' dir='ltr'><strong>publici</strong></span> 
     </span>
     <span class='ocr_line' id='line_1_13' title="bbox 442 1687 1591 1755; baseline -0.001 -13"><span class='ocrx_word' id='word_1_70' title='bbox 442 1687 581 1742; x_wconf 87' lang='lat' dir='ltr'><strong>iuris</strong></span> <span class='ocrx_word' id='word_1_71' title='bbox 640 1687 808 1740; x_wconf 83' lang='lat' dir='ltr'><strong>facta.</strong></span> <span class='ocrx_word' id='word_1_72' title='bbox 902 1687 967 1740; x_wconf 88' lang='lat' dir='ltr'><strong>In</strong></span> <span class='ocrx_word' id='word_1_73' title='bbox 1020 1704 1130 1755; x_wconf 89' lang='lat' dir='ltr'><strong>qua</strong></span> <span class='ocrx_word' id='word_1_74' title='bbox 1172 1705 1235 1742; x_wconf 88' lang='lat' dir='ltr'><strong>re</strong></span> <span class='ocrx_word' id='word_1_75' title='bbox 1282 1687 1591 1742; x_wconf 87' lang='lat' dir='ltr'><strong>curandum</strong></span> 
     </span>
     <span class='ocr_line' id='line_1_14' title="bbox 442 1759 1592 1828; baseline -0.002 -15"><span class='ocrx_word' id='word_1_76' title='bbox 442 1763 528 1814; x_wconf 83' lang='lat' dir='ltr'><strong>est</strong></span> <span class='ocrx_word' id='word_1_77' title='bbox 572 1763 785 1828; x_wconf 86' lang='lat' dir='ltr'><strong>poetae,</strong></span> <span class='ocrx_word' id='word_1_78' title='bbox 831 1775 902 1812; x_wconf 91' lang='lat' dir='ltr'><strong>ne</strong></span> <span class='ocrx_word' id='word_1_79' title='bbox 944 1759 1108 1812; x_wconf 90' lang='lat' dir='ltr'><strong>nimis</strong></span> <span class='ocrx_word' id='word_1_80' title='bbox 1155 1763 1377 1828; x_wconf 87' lang='lat' dir='ltr'><strong>premat</strong></span> <span class='ocrx_word' id='word_1_81' title='bbox 1420 1759 1592 1814; x_wconf 84' lang='lat' dir='ltr'><strong>vesti-</strong></span> 
     </span>
     <span class='ocr_line' id='line_1_15' title="bbox 442 1831 1591 1902; baseline -0.001 -18"><span class='ocrx_word' id='word_1_82' title='bbox 442 1832 538 1902; x_wconf 84' lang='lat' dir='ltr'><strong>gia</strong></span> <span class='ocrx_word' id='word_1_83' title='bbox 576 1846 803 1883; x_wconf 87' lang='lat' dir='ltr'><strong>suorum</strong></span> <span class='ocrx_word' id='word_1_84' title='bbox 840 1831 1239 1899; x_wconf 85' lang='lat' dir='ltr'><strong>exemplorum.</strong></span> <span class='ocrx_word' id='word_1_85' title='bbox 1276 1831 1591 1884; x_wconf 86' lang='lat' dir='ltr'><strong>Discrimen</strong></span> 
     </span>
     <span class='ocr_line' id='line_1_16' title="bbox 443 1902 1592 1971; baseline -0.001 -16"><span class='ocrx_word' id='word_1_86' title='bbox 443 1902 789 1956; x_wconf 78' lang='lat' dir='ltr'><strong>intercedere</strong></span> <span class='ocrx_word' id='word_1_87' title='bbox 824 1903 974 1954; x_wconf 88' lang='lat' dir='ltr'><strong>inter</strong></span> <span class='ocrx_word' id='word_1_88' title='bbox 1005 1903 1231 1971; x_wconf 77' lang='lat' dir='ltr'><strong>publica</strong></span> <span class='ocrx_word' id='word_1_89' title='bbox 1271 1907 1329 1956; x_wconf 83' lang='lat' dir='ltr'><strong>et</strong></span> <span class='ocrx_word' id='word_1_90' title='bbox 1362 1917 1592 1956; x_wconf 78' lang='lat' dir='ltr'><strong>commu-</strong></span> 
     </span>
     <span class='ocr_line' id='line_1_17' title="bbox 442 1973 1592 2042; baseline -0.001 -15"><span class='ocrx_word' id='word_1_91' title='bbox 442 1975 542 2027; x_wconf 83' lang='lat' dir='ltr'><strong>nia</strong></span> <span class='ocrx_word' id='word_1_92' title='bbox 580 1973 693 2027; x_wconf 89' lang='lat' dir='ltr'><strong>iam</strong></span> <span class='ocrx_word' id='word_1_93' title='bbox 730 1973 1037 2027; x_wconf 80' lang='lat' dir='ltr'><strong>Lambinus</strong></span> <span class='ocrx_word' id='word_1_94' title='bbox 1084 1973 1302 2042; x_wconf 82' lang='lat' dir='ltr'><strong>docuit3</strong></span> <span class='ocrx_word' id='word_1_95' title='bbox 1353 1973 1592 2042; x_wconf 78' lang='lat' dir='ltr'><strong>publicis</strong></span> 
     </span>
     <span class='ocr_line' id='line_1_18' title="bbox 444 2045 1591 2114; baseline 0 -16"><span class='ocrx_word' id='word_1_96' title='bbox 444 2048 807 2114; x_wconf 87' lang='lat' dir='ltr'><strong>opponuntur</strong></span> <span class='ocrx_word' id='word_1_97' title='bbox 874 2045 1097 2113; x_wconf 77' lang='lat' dir='ltr'><strong>privata</strong></span> <span class='ocrx_word' id='word_1_98' title='bbox 1112 2085 1126 2114; x_wconf 90' lang='lat'>‚</span> <span class='ocrx_word' id='word_1_99' title='bbox 1209 2045 1591 2100; x_wconf 86' lang='lat' dir='ltr'><strong>communibus</strong></span> 
     </span>
     <span class='ocr_line' id='line_1_19' title="bbox 441 2116 1592 2186; baseline -0.001 -17"><span class='ocrx_word' id='word_1_100' title='bbox 441 2116 688 2186; x_wconf 88' lang='lat' dir='ltr'><strong>propria.</strong></span> <span class='ocrx_word' id='word_1_101' title='bbox 748 2144 814 2154; x_wconf 93' lang='lat'><strong>—-</strong></span> <span class='ocrx_word' id='word_1_102' title='bbox 870 2117 934 2169; x_wconf 83' lang='lat' dir='ltr'><strong>in</strong></span> <span class='ocrx_word' id='word_1_103' title='bbox 978 2117 1182 2186; x_wconf 83' lang='lat' dir='ltr'><strong>artum]</strong></span> <span class='ocrx_word' id='word_1_104' title='bbox 1238 2117 1592 2170; x_wconf 77' lang='lat' dir='ltr'><strong>Contrarium</strong></span> 
     </span>
     <span class='ocr_line' id='line_1_20' title="bbox 445 2185 1592 2257; baseline -0.002 -16"><span class='ocrx_word' id='word_1_105' title='bbox 445 2188 639 2257; x_wconf 90' lang='lat' dir='ltr'><strong>patulo</strong></span> <span class='ocrx_word' id='word_1_106' title='bbox 695 2185 836 2240; x_wconf 89' lang='lat' dir='ltr'><strong>orbi.</strong></span> <span class='ocrx_word' id='word_1_107' title='bbox 924 2186 1031 2254; x_wconf 79' lang='lat' dir='ltr'><strong>Qui</strong></span> <span class='ocrx_word' id='word_1_108' title='bbox 1086 2189 1311 2242; x_wconf 82' lang='lat' dir='ltr'><strong>vincula</strong></span> <span class='ocrx_word' id='word_1_109' title='bbox 1356 2188 1439 2242; x_wconf 82' lang='lat' dir='ltr'><strong>ita</strong></span> <span class='ocrx_word' id='word_1_110' title='bbox 1484 2187 1592 2241; x_wconf 84' lang='lat' dir='ltr'><strong>sibi</strong></span> 
     </span>
     <span class='ocr_line' id='line_1_21' title="bbox 443 2258 1592 2328; baseline 0 -16"><span class='ocrx_word' id='word_1_111' title='bbox 443 2259 664 2314; x_wconf 79' lang='lat' dir='ltr'><strong>iniecit.</strong></span> <span class='ocrx_word' id='word_1_112' title='bbox 720 2263 787 2312; x_wconf 87' lang='lat' dir='ltr'><strong>nt</strong></span> <span class='ocrx_word' id='word_1_113' title='bbox 842 2259 1187 2328; x_wconf 86' lang='lat' dir='ltr'><strong>superiorem</strong></span> <span class='ocrx_word' id='word_1_114' title='bbox 1250 2259 1415 2314; x_wconf 83' lang='lat' dir='ltr'><strong>anxie</strong></span> <span class='ocrx_word' id='word_1_115' title='bbox 1470 2258 1592 2312; x_wconf 87' lang='lat' dir='ltr'><strong>imi-</strong></span> 
     </span>
     <span class='ocr_line' id='line_1_22' title="bbox 442 2330 1594 2402; baseline 0.002 -18"><span class='ocrx_word' id='word_1_116' title='bbox 442 2335 611 2393; x_wconf 84' lang='lat' dir='ltr'><strong>tetur,</strong></span> <span class='ocrx_word' id='word_1_117' title='bbox 658 2330 706 2382; x_wconf 87' lang='lat' dir='ltr'><strong>is</strong></span> <span class='ocrx_word' id='word_1_118' title='bbox 731 2347 931 2398; x_wconf 82' lang='lat' dir='ltr'><strong>,neque</strong></span> <span class='ocrx_word' id='word_1_119' title='bbox 978 2331 1149 2386; x_wconf 88' lang='lat' dir='ltr'><strong>audet</strong></span> <span class='ocrx_word' id='word_1_120' title='bbox 1198 2331 1402 2402; x_wconf 71' lang='lat' dir='ltr'><strong>(pu-dor</strong></span> <span class='ocrx_word' id='word_1_121' title='bbox 1436 2331 1594 2400; x_wconf 80' lang='lat' dir='ltr'><strong>vetet)</strong></span> 
     </span>
     <span class='ocr_line' id='line_1_23' title="bbox 446 2402 1594 2471; baseline 0 -16"><span class='ocrx_word' id='word_1_122' title='bbox 446 2403 745 2471; x_wconf 85' lang='lat' dir='ltr'><strong>quicquam</strong></span> <span class='ocrx_word' id='word_1_123' title='bbox 792 2406 1028 2469; x_wconf 83' lang='lat' dir='ltr'><strong>mutare,</strong></span> <span class='ocrx_word' id='word_1_124' title='bbox 1067 2421 1193 2457; x_wconf 90' lang='lat' dir='ltr'><strong>cum</strong></span> <span class='ocrx_word' id='word_1_125' title='bbox 1230 2403 1342 2456; x_wconf 85' lang='lat' dir='ltr'><strong>suis</strong></span> <span class='ocrx_word' id='word_1_126' title='bbox 1379 2402 1594 2456; x_wconf 83' lang='lat' dir='ltr'><strong>viribus</strong></span> 
     </span>
     <span class='ocr_line' id='line_1_24' title="bbox 444 2472 1594 2542; baseline -0.001 -15"><span class='ocrx_word' id='word_1_127' title='bbox 444 2473 587 2527; x_wconf 87' lang='lat' dir='ltr'><strong>nihil</strong></span> <span class='ocrx_word' id='word_1_128' title='bbox 646 2473 767 2542; x_wconf 86' lang='lat' dir='ltr'><strong>ipse</strong></span> <span class='ocrx_word' id='word_1_129' title='bbox 832 2472 1075 2529; x_wconf 85' lang='lat' dir='ltr'><strong>confidat</strong></span> <span class='ocrx_word' id='word_1_130' title='bbox 1088 2512 1103 2536; x_wconf 89' lang='lat'><strong><em>,</em></strong></span> <span class='ocrx_word' id='word_1_131' title='bbox 1166 2491 1347 2542; x_wconf 88' lang='lat' dir='ltr'><strong>neque</strong></span> <span class='ocrx_word' id='word_1_132' title='bbox 1406 2478 1594 2542; x_wconf 84' lang='lat' dir='ltr'><strong>potest</strong></span> 
     </span>
     <span class='ocr_line' id='line_1_25' title="bbox 446 2541 1593 2614; baseline -0.002 -15"><span class='ocrx_word' id='word_1_133' title='bbox 446 2545 654 2614; x_wconf 78' lang='lat' dir='ltr'><strong>(operis</strong></span> <span class='ocrx_word' id='word_1_134' title='bbox 688 2545 793 2611; x_wconf 71' lang='lat' dir='ltr'><strong>leae)</strong></span> <span class='ocrx_word' id='word_1_135' title='bbox 842 2545 1141 2614; x_wconf 85' lang='lat' dir='ltr'><strong>quicquam</strong></span> <span class='ocrx_word' id='word_1_136' title='bbox 1180 2541 1428 2604; x_wconf 78' lang='lat' dir='ltr'><strong>mutare.</strong></span> <span class='ocrx_word' id='word_1_137' title='bbox 1467 2562 1593 2600; x_wconf 90' lang='lat' dir='ltr'><strong>cum</strong></span> 
     </span>
     <span class='ocr_line' id='line_1_26' title="bbox 444 2616 1594 2686; baseline 0.002 -16"><span class='ocrx_word' id='word_1_138' title='bbox 444 2616 713 2670; x_wconf 88' lang='lat' dir='ltr'><strong>maiorem</strong></span> <span class='ocrx_word' id='word_1_139' title='bbox 751 2621 967 2684; x_wconf 86' lang='lat' dir='ltr'><strong>partem</strong></span> <span class='ocrx_word' id='word_1_140' title='bbox 998 2618 1165 2672; x_wconf 85' lang='lat' dir='ltr'><strong>alieni</strong></span> <span class='ocrx_word' id='word_1_141' title='bbox 1192 2618 1376 2686; x_wconf 79' lang='lat' dir='ltr'><strong>operis</strong></span> <span class='ocrx_word' id='word_1_142' title='bbox 1414 2633 1594 2672; x_wconf 85' lang='lat' dir='ltr'><strong>susce-</strong></span> 
     </span>
     <span class='ocr_line' id='line_1_27' title="bbox 445 2688 1593 2759; baseline 0 -18"><span class='ocrx_word' id='word_1_143' title='bbox 445 2688 611 2758; x_wconf 88' lang='lat' dir='ltr'><strong>perit,</strong></span> <span class='ocrx_word' id='word_1_144' title='bbox 658 2704 824 2756; x_wconf 88' lang='lat' dir='ltr'><strong>quam</strong></span> <span class='ocrx_word' id='word_1_145' title='bbox 870 2693 935 2742; x_wconf 90' lang='lat' dir='ltr'><strong>ut</strong></span> <span class='ocrx_word' id='word_1_146' title='bbox 978 2689 1253 2758; x_wconf 79' lang='lat' dir='ltr'><strong>reliquam</strong></span> <span class='ocrx_word' id='word_1_147' title='bbox 1302 2689 1479 2759; x_wconf 78' lang='lat' dir='ltr'><strong>possit</strong></span> <span class='ocrx_word' id='word_1_148' title='bbox 1528 2689 1593 2741; x_wconf 92' lang='lat' dir='ltr'><strong>li·</strong></span> 
     </span>
     <span class='ocr_line' id='line_1_28' title="bbox 446 2759 947 2827; baseline 0.002 -14"><span class='ocrx_word' id='word_1_149' title='bbox 446 2759 579 2813; x_wconf 91' lang='lat' dir='ltr'><strong>bere</strong></span> <span class='ocrx_word' id='word_1_150' title='bbox 614 2759 947 2827; x_wconf 84' lang='lat' dir='ltr'><strong>relinquere.</strong></span> 
     </span>
    </p>

    <p class='ocr_par' dir='ltr' id='par_1_7' title="bbox 442 2829 1606 4614">
     <span class='ocr_line' id='line_1_29' title="bbox 518 2829 1596 2900; baseline 0.001 -16"><span class='ocrx_word' id='word_1_151' title='bbox 518 2831 581 2884; x_wconf 84' lang='lat' dir='ltr'><strong>V.</strong></span> <span class='ocrx_word' id='word_1_152' title='bbox 615 2830 730 2884; x_wconf 84' lang='lat'><strong>136.</strong></span> <span class='ocrx_word' id='word_1_153' title='bbox 770 2830 1049 2884; x_wconf 76' lang='lat' dir='ltr'><strong>Horatius</strong></span> <span class='ocrx_word' id='word_1_154' title='bbox 1080 2835 1375 2900; x_wconf 75' lang='lat' dir='ltr'><strong>postquam</strong></span> <span class='ocrx_word' id='word_1_155' title='bbox 1408 2829 1471 2885; x_wconf 80' lang='lat' dir='ltr'><strong>dc</strong></span> <span class='ocrx_word' id='word_1_156' title='bbox 1507 2845 1596 2885; x_wconf 76' lang='lat' dir='ltr'><strong>ex-</strong></span> 
     </span>
     <span class='ocr_line' id='line_1_30' title="bbox 445 2902 1594 2970; baseline 0 -14"><span class='ocrx_word' id='word_1_157' title='bbox 445 2907 603 2956; x_wconf 81' lang='lat' dir='ltr'><strong>terna</strong></span> <span class='ocrx_word' id='word_1_158' title='bbox 666 2902 967 2956; x_wconf 75' lang='lat' dir='ltr'><strong>carminum</strong></span> <span class='ocrx_word' id='word_1_159' title='bbox 1025 2903 1207 2968; x_wconf 77' lang='lat' dir='ltr'><strong>for-ma</strong></span> <span class='ocrx_word' id='word_1_160' title='bbox 1272 2902 1594 2970; x_wconf 71' lang='lat' dir='ltr'><strong>disputavit,</strong></span> 
     </span>
     <span class='ocr_line' id='line_1_31' title="bbox 446 2972 1598 3043; baseline 0.001 -16"><span class='ocrx_word' id='word_1_161' title='bbox 446 2974 635 3028; x_wconf 72' lang='lat' dir='ltr'><strong>leniter</strong></span> <span class='ocrx_word' id='word_1_162' title='bbox 672 2972 910 3027; x_wconf 79' lang='lat' dir='ltr'><strong>declinat</strong></span> <span class='ocrx_word' id='word_1_163' title='bbox 946 2973 1025 3028; x_wconf 81' lang='lat' dir='ltr'><strong>ad</strong></span> <span class='ocrx_word' id='word_1_164' title='bbox 1059 2973 1240 3043; x_wconf 77' lang='lat' dir='ltr'><strong>ipsam</strong></span> <span class='ocrx_word' id='word_1_165' title='bbox 1274 2973 1357 3028; x_wconf 80' lang='lat' dir='ltr'><strong>rei</strong></span> <span class='ocrx_word' id='word_1_166' title='bbox 1392 2978 1598 3028; x_wconf 84' lang='lat' dir='ltr'><strong>tracta-</strong></span> 
     </span>
     <span class='ocr_line' id='line_1_32' title="bbox 448 3044 1595 3114; baseline 0.001 -17"><span class='ocrx_word' id='word_1_167' title='bbox 448 3045 639 3098; x_wconf 83' lang='lat' dir='ltr'><strong>tionem</strong></span> <span class='ocrx_word' id='word_1_168' title='bbox 694 3059 762 3098; x_wconf 85' lang='lat' dir='ltr'><strong>ac</strong></span> <span class='ocrx_word' id='word_1_169' title='bbox 813 3045 1058 3112; x_wconf 75' lang='lat' dir='ltr'><strong>primum</strong></span> <span class='ocrx_word' id='word_1_170' title='bbox 1104 3045 1345 3114; x_wconf 74' lang='lat' dir='ltr'><strong>loquitur</strong></span> <span class='ocrx_word' id='word_1_171' title='bbox 1392 3044 1457 3098; x_wconf 81' lang='lat' dir='ltr'><strong>dc</strong></span> <span class='ocrx_word' id='word_1_172' title='bbox 1506 3061 1595 3098; x_wconf 73' lang='lat' dir='ltr'><strong>ex·</strong></span> 
     </span>
     <span class='ocr_line' id='line_1_33' title="bbox 446 3115 1596 3186; baseline 0 -16"><span class='ocrx_word' id='word_1_173' title='bbox 446 3115 601 3170; x_wconf 78' lang='lat' dir='ltr'><strong>ordio</strong></span> <span class='ocrx_word' id='word_1_174' title='bbox 647 3120 785 3168; x_wconf 81' lang='lat' dir='ltr'><strong>recte</strong></span> <span class='ocrx_word' id='word_1_175' title='bbox 826 3115 1244 3186; x_wconf 59' lang='lat' dir='ltr'><strong>praepare-enam</strong></span> <span class='ocrx_word' id='word_1_176' title='bbox 1291 3117 1357 3170; x_wconf 82' lang='lat' dir='ltr'><strong>in</strong></span> <span class='ocrx_word' id='word_1_177' title='bbox 1392 3132 1502 3185; x_wconf 80' lang='lat' dir='ltr'><strong>qua</strong></span> <span class='ocrx_word' id='word_1_178' title='bbox 1536 3133 1596 3170; x_wconf 78' lang='lat' dir='ltr'><strong>rc</strong></span> 
     </span>
     <span class='ocr_line' id='line_1_34' title="bbox 449 3185 1597 3255; baseline 0 -13"><span class='ocrx_word' id='word_1_179' title='bbox 449 3187 546 3242; x_wconf 75' lang='lat' dir='ltr'><strong>hoc</strong></span> <span class='ocrx_word' id='word_1_180' title='bbox 592 3185 882 3240; x_wconf 77' lang='lat' dir='ltr'><strong>videndum</strong></span> <span class='ocrx_word' id='word_1_181' title='bbox 926 3204 1038 3242; x_wconf 78' lang='lat' dir='ltr'><strong>csse</strong></span> <span class='ocrx_word' id='word_1_182' title='bbox 1084 3187 1246 3255; x_wconf 80' lang='lat' dir='ltr'><strong>docet,</strong></span> <span class='ocrx_word' id='word_1_183' title='bbox 1280 3204 1348 3243; x_wconf 84' lang='lat' dir='ltr'><strong>ne</strong></span> <span class='ocrx_word' id='word_1_184' title='bbox 1382 3187 1597 3242; x_wconf 77' lang='lat' dir='ltr'><strong>maiora</strong></span> 
     </span>
     <span class='ocr_line' id='line_1_35' title="bbox 442 3258 1596 3329; baseline 0 -17"><span class='ocrx_word' id='word_1_185' title='bbox 442 3258 849 3328; x_wconf 75' lang='lat' dir='ltr'><strong>promittantur</strong></span> <span class='ocrx_word' id='word_1_186' title='bbox 872 3275 1037 3326; x_wconf 76' lang='lat' dir='ltr'><strong>quam</strong></span> <span class='ocrx_word' id='word_1_187' title='bbox 1060 3275 1199 3328; x_wconf 76' lang='lat' dir='ltr'><strong>quac</strong></span> <span class='ocrx_word' id='word_1_188' title='bbox 1224 3258 1415 3313; x_wconf 74' lang='lat' dir='ltr'><strong>deinde</strong></span> <span class='ocrx_word' id='word_1_189' title='bbox 1433 3273 1596 3329; x_wconf 77' lang='lat' dir='ltr'><strong>prae·</strong></span> 
     </span>
     <span class='ocr_line' id='line_1_36' title="bbox 451 3328 1596 3400; baseline 0.001 -17"><span class='ocrx_word' id='word_1_190' title='bbox 451 3331 678 3383; x_wconf 73' lang='lat' dir='ltr'><strong>beantur</strong></span> <span class='ocrx_word' id='word_1_191' title='bbox 730 3328 807 3396; x_wconf 86' lang='lat' dir='ltr'><strong>(v.</strong></span> <span class='ocrx_word' id='word_1_192' title='bbox 849 3331 989 3400; x_wconf 81' lang='lat'><strong>143).</strong></span> <span class='ocrx_word' id='word_1_193' title='bbox 1047 3330 1237 3385; x_wconf 77' lang='lat' dir='ltr'><strong>deinde</strong></span> <span class='ocrx_word' id='word_1_194' title='bbox 1277 3336 1341 3384; x_wconf 80' lang='lat' dir='ltr'><strong>ut</strong></span> <span class='ocrx_word' id='word_1_195' title='bbox 1386 3331 1483 3400; x_wconf 73' lang='lat' dir='ltr'><strong>qui</strong></span> <span class='ocrx_word' id='word_1_196' title='bbox 1525 3331 1596 3384; x_wconf 79' lang='lat' dir='ltr'><strong>lc—</strong></span> 
     </span>
     <span class='ocr_line' id='line_1_37' title="bbox 450 3400 1596 3472; baseline -0.001 -17"><span class='ocrx_word' id='word_1_197' title='bbox 450 3406 587 3469; x_wconf 77' lang='lat' dir='ltr'><strong>9ant</strong></span> <span class='ocrx_word' id='word_1_198' title='bbox 622 3401 685 3454; x_wconf 76' lang='lat' dir='ltr'><strong>in</strong></span> <span class='ocrx_word' id='word_1_199' title='bbox 709 3400 915 3456; x_wconf 79' lang='lat' dir='ltr'><strong>medias</strong></span> <span class='ocrx_word' id='word_1_200' title='bbox 942 3403 1133 3455; x_wconf 79' lang='lat' dir='ltr'><strong>statim</strong></span> <span class='ocrx_word' id='word_1_201' title='bbox 1157 3417 1243 3456; x_wconf 75' lang='lat' dir='ltr'><strong>res</strong></span> <span class='ocrx_word' id='word_1_202' title='bbox 1278 3403 1596 3472; x_wconf 70' lang='lat' dir='ltr'><strong>rapiantur.</strong></span> 
     </span>
     <span class='ocr_line' id='line_1_38' title="bbox 450 3471 1600 3542; baseline 0.002 -16"><span class='ocrx_word' id='word_1_203' title='bbox 450 3471 774 3540; x_wconf 78' lang='lat' dir='ltr'><strong>Eoecmplam</strong></span> <span class='ocrx_word' id='word_1_204' title='bbox 798 3474 1134 3542; x_wconf 63' lang='lat' dir='ltr'><strong>proponitur</strong></span> <span class='ocrx_word' id='word_1_205' title='bbox 1162 3472 1391 3528; x_wconf 64' lang='lat' dir='ltr'><strong>Homeri</strong></span> <span class='ocrx_word' id='word_1_206' title='bbox 1402 3493 1421 3541; x_wconf 94' lang='lat'><strong>,·</strong></span> <span class='ocrx_word' id='word_1_207' title='bbox 1454 3473 1600 3528; x_wconf 76' lang='lat' dir='ltr'><strong>unde</strong></span> 
     </span>
     <span class='ocr_line' id='line_1_39' title="bbox 451 3543 1598 3615; baseline 0 -17"><span class='ocrx_word' id='word_1_208' title='bbox 451 3543 605 3598; x_wconf 78' lang='lat' dir='ltr'><strong>vides</strong></span> <span class='ocrx_word' id='word_1_209' title='bbox 648 3560 761 3598; x_wconf 86' lang='lat' dir='ltr'><strong>non</strong></span> <span class='ocrx_word' id='word_1_210' title='bbox 816 3545 1121 3598; x_wconf 74' lang='lat' dir='ltr'><strong>scaenicum</strong></span> <span class='ocrx_word' id='word_1_211' title='bbox 1174 3547 1347 3599; x_wconf 76' lang='lat' dir='ltr'><strong>solum</strong></span> <span class='ocrx_word' id='word_1_212' title='bbox 1388 3546 1598 3615; x_wconf 71' lang='lat' dir='ltr'><strong>poesim</strong></span> 
     </span>
     <span class='ocr_line' id='line_1_40' title="bbox 452 3614 1600 3683; baseline 0.002 -15"><span class='ocrx_word' id='word_1_213' title='bbox 452 3615 689 3683; x_wconf 76' lang='lat' dir='ltr'><strong>spectari</strong></span> <span class='ocrx_word' id='word_1_214' title='bbox 710 3614 802 3670; x_wconf 78' lang='lat' dir='ltr'><strong>sed</strong></span> <span class='ocrx_word' id='word_1_215' title='bbox 830 3620 1019 3670; x_wconf 84' lang='lat' dir='ltr'><strong>totam.</strong></span> <span class='ocrx_word' id='word_1_216' title='bbox 1056 3617 1393 3670; x_wconf 78' lang='lat' dir='ltr'><strong>Documenta</strong></span> <span class='ocrx_word' id='word_1_217' title='bbox 1420 3622 1600 3670; x_wconf 77' lang='lat' dir='ltr'><strong>autem</strong></span> 
     </span>
     <span class='ocr_line' id='line_1_41' title="bbox 450 3686 1600 3758; baseline 0.002 -18"><span class='ocrx_word' id='word_1_218' title='bbox 450 3686 691 3754; x_wconf 75' lang='lat' dir='ltr'><strong>plurima</strong></span> <span class='ocrx_word' id='word_1_219' title='bbox 744 3702 811 3742; x_wconf 76' lang='lat' dir='ltr'><strong>ex</strong></span> <span class='ocrx_word' id='word_1_220' title='bbox 866 3687 965 3740; x_wconf 74' lang='lat' dir='ltr'><strong>ina</strong></span> <span class='ocrx_word' id='word_1_221' title='bbox 1008 3693 1172 3755; x_wconf 78' lang='lat' dir='ltr'><strong>parte</strong></span> <span class='ocrx_word' id='word_1_222' title='bbox 1214 3687 1331 3742; x_wconf 77' lang='lat' dir='ltr'><strong>ideo</strong></span> <span class='ocrx_word' id='word_1_223' title='bbox 1378 3688 1600 3758; x_wconf 72' lang='lat' dir='ltr'><strong>potissi—</strong></span> 
     </span>
     <span class='ocr_line' id='line_1_42' title="bbox 453 3758 1602 3828; baseline 0.001 -17"><span class='ocrx_word' id='word_1_224' title='bbox 453 3773 595 3811; x_wconf 83' lang='lat' dir='ltr'><strong>mum</strong></span> <span class='ocrx_word' id='word_1_225' title='bbox 651 3763 957 3826; x_wconf 78' lang='lat' dir='ltr'><strong>sumuntur,</strong></span> <span class='ocrx_word' id='word_1_226' title='bbox 1012 3759 1092 3814; x_wconf 83' lang='lat' dir='ltr'><strong>vel</strong></span> <span class='ocrx_word' id='word_1_227' title='bbox 1139 3758 1273 3828; x_wconf 73' lang='lat' dir='ltr'><strong>quia</strong></span> <span class='ocrx_word' id='word_1_228' title='bbox 1312 3759 1442 3812; x_wconf 71' lang='lat' dir='ltr'><strong>Piso</strong></span> <span class='ocrx_word' id='word_1_229' title='bbox 1478 3759 1602 3813; x_wconf 78' lang='lat' dir='ltr'><strong>huic</strong></span> 
     </span>
     <span class='ocr_line' id='line_1_43' title="bbox 453 3827 1602 3900; baseline 0.001 -17"><span class='ocrx_word' id='word_1_230' title='bbox 453 3835 570 3883; x_wconf 79' lang='lat' dir='ltr'><strong>crat</strong></span> <span class='ocrx_word' id='word_1_231' title='bbox 610 3827 846 3896; x_wconf 72' lang='lat' dir='ltr'><strong>deditus,</strong></span> <span class='ocrx_word' id='word_1_232' title='bbox 879 3832 958 3884; x_wconf 82' lang='lat' dir='ltr'><strong>vel</strong></span> <span class='ocrx_word' id='word_1_233' title='bbox 990 3832 1121 3900; x_wconf 76' lang='lat' dir='ltr'><strong>quia</strong></span> <span class='ocrx_word' id='word_1_234' title='bbox 1158 3831 1287 3886; x_wconf 79' lang='lat' dir='ltr'><strong>haec</strong></span> <span class='ocrx_word' id='word_1_235' title='bbox 1323 3845 1437 3886; x_wconf 80' lang='lat' dir='ltr'><strong>una</strong></span> <span class='ocrx_word' id='word_1_236' title='bbox 1466 3846 1602 3898; x_wconf 73' lang='lat' dir='ltr'><strong>pars</strong></span> 
     </span>
     <span class='ocr_line' id='line_1_44' title="bbox 453 3900 1601 3971; baseline 0.003 -19"><span class='ocrx_word' id='word_1_237' title='bbox 453 3900 679 3968; x_wconf 76' lang='lat' dir='ltr'><strong>reliquis</strong></span> <span class='ocrx_word' id='word_1_238' title='bbox 713 3902 889 3970; x_wconf 73' lang='lat' dir='ltr'><strong>maqis</strong></span> <span class='ocrx_word' id='word_1_239' title='bbox 924 3903 1140 3956; x_wconf 68' lang='lat' dir='ltr'><strong>exculta</strong></span> <span class='ocrx_word' id='word_1_240' title='bbox 1174 3903 1478 3971; x_wconf 75' lang='lat' dir='ltr'><strong>nmioriquc</strong></span> <span class='ocrx_word' id='word_1_241' title='bbox 1514 3901 1601 3956; x_wconf 74' lang='lat' dir='ltr'><strong>ho·</strong></span> 
     </span>
     <span class='ocr_line' id='line_1_45' title="bbox 456 3971 1605 4043; baseline 0.003 -19"><span class='ocrx_word' id='word_1_242' title='bbox 456 3987 587 4026; x_wconf 70' lang='grc' dir='ltr'><strong>ποτε</strong></span> <span class='ocrx_word' id='word_1_243' title='bbox 632 3971 803 4042; x_wconf 73' lang='lat' dir='ltr'><strong>diyna</strong></span> <span class='ocrx_word' id='word_1_244' title='bbox 847 3971 1036 4026; x_wconf 80' lang='lat' dir='ltr'><strong>habita</strong></span> <span class='ocrx_word' id='word_1_245' title='bbox 1076 3979 1171 4038; x_wconf 79' lang='lat' dir='ltr'><strong>cst,</strong></span> <span class='ocrx_word' id='word_1_246' title='bbox 1206 3979 1267 4028; x_wconf 81' lang='lat' dir='ltr'><strong>ut</strong></span> <span class='ocrx_word' id='word_1_247' title='bbox 1302 3989 1440 4043; x_wconf 73' lang='lat' dir='ltr'><strong>quac</strong></span> <span class='ocrx_word' id='word_1_248' title='bbox 1474 3973 1605 4028; x_wconf 74' lang='lat' dir='ltr'><strong>inde</strong></span> 
     </span>
     <span class='ocr_line' id='line_1_46' title="bbox 454 4043 1606 4128; baseline 0.003 -32"><span class='ocrx_word' id='word_1_249' title='bbox 454 4048 675 4125; x_wconf 76' lang='lat' dir='ltr'><strong>sumpta</strong></span> <span class='ocrx_word' id='word_1_250' title='bbox 710 4049 880 4124; x_wconf 60' lang='lat' dir='ltr'><strong>essent</strong></span> <span class='ocrx_word' id='word_1_251' title='bbox 914 4043 1235 4127; x_wconf 63' lang='lat' dir='ltr'><strong>documenta</strong></span> <span class='ocrx_word' id='word_1_252' title='bbox 1274 4052 1324 4099; x_wconf 80' lang='lat' dir='ltr'><strong>et</strong></span> <span class='ocrx_word' id='word_1_253' title='bbox 1357 4047 1606 4128; x_wconf 73' lang='lat' dir='ltr'><strong>exempla</strong></span> 
     </span>
     <span class='ocr_line' id='line_1_47' title="bbox 455 4115 1605 4256; baseline 0.003 -17"><span class='ocrx_word' id='word_1_254' title='bbox 455 4115 1605 4256; x_wconf 47' lang='lat' dir='ltr'><strong>..mmmmm</strong></span> 
     </span>
     <span class='ocr_line' id='line_1_48' title="bbox 458 4256 1604 4327; baseline 0.002 -15"><span class='ocrx_word' id='word_1_255' title='bbox 458 4256 719 4312; x_wconf 82' lang='lat' dir='ltr'><strong>cedentia.</strong></span> <span class='ocrx_word' id='word_1_256' title='bbox 814 4259 993 4327; x_wconf 73' lang='lat' dir='ltr'><strong>Atque</strong></span> <span class='ocrx_word' id='word_1_257' title='bbox 1046 4259 1123 4314; x_wconf 76' lang='lat' dir='ltr'><strong>ibi</strong></span> <span class='ocrx_word' id='word_1_258' title='bbox 1174 4259 1337 4314; x_wconf 78' lang='lat' dir='ltr'><strong>latere</strong></span> <span class='ocrx_word' id='word_1_259' title='bbox 1386 4259 1604 4314; x_wconf 75' lang='lat' dir='ltr'><strong>videtur</strong></span> 
     </span>
     <span class='ocr_line' id='line_1_49' title="bbox 456 4330 1602 4398; baseline 0.002 -17"><span class='ocrx_word' id='word_1_260' title='bbox 456 4344 627 4382; x_wconf 79' lang='lat' dir='ltr'><strong>causa</strong></span> <span class='ocrx_word' id='word_1_261' title='bbox 672 4345 770 4382; x_wconf 73' lang='lat' dir='ltr'><strong>cur</strong></span> <span class='ocrx_word' id='word_1_262' title='bbox 810 4337 1005 4398; x_wconf 79' lang='lat' dir='ltr'><strong>postea</strong></span> <span class='ocrx_word' id='word_1_263' title='bbox 1044 4348 1095 4384; x_wconf 81' lang='lat' dir='ltr'><strong>v.</strong></span> <span class='ocrx_word' id='word_1_264' title='bbox 1138 4333 1237 4383; x_wconf 84' lang='lat'><strong>153</strong></span> <span class='ocrx_word' id='word_1_265' title='bbox 1285 4330 1359 4384; x_wconf 78' lang='lat' dir='ltr'><strong>ad</strong></span> <span class='ocrx_word' id='word_1_266' title='bbox 1394 4331 1602 4386; x_wconf 79' lang='lat' dir='ltr'><strong>scaeni-</strong></span> 
     </span>
     <span class='ocr_line' id='line_1_50' title="bbox 459 4401 1606 4468; baseline 0.002 -16"><span class='ocrx_word' id='word_1_267' title='bbox 459 4415 575 4452; x_wconf 87' lang='lat' dir='ltr'><strong>cam</strong></span> <span class='ocrx_word' id='word_1_268' title='bbox 645 4401 845 4468; x_wconf 75' lang='lat' dir='ltr'><strong>poesim</strong></span> <span class='ocrx_word' id='word_1_269' title='bbox 921 4402 1137 4456; x_wconf 76' lang='lat' dir='ltr'><strong>uberius</strong></span> <span class='ocrx_word' id='word_1_270' title='bbox 1197 4402 1606 4456; x_wconf 77' lang='lat' dir='ltr'><strong>inlustrandam</strong></span> 
     </span>
     <span class='ocr_line' id='line_1_51' title="bbox 454 4472 1604 4536; baseline 0.003 -14"><span class='ocrx_word' id='word_1_271' title='bbox 454 4475 618 4536; x_wconf 79' lang='lat' dir='ltr'><strong>poeta</strong></span> <span class='ocrx_word' id='word_1_272' title='bbox 664 4472 962 4526; x_wconf 76' lang='lat' dir='ltr'><strong>transierit.</strong></span> <span class='ocrx_word' id='word_1_273' title='bbox 1036 4491 1127 4527; x_wconf 80' lang='lat' dir='ltr'><strong>vv.</strong></span> <span class='ocrx_word' id='word_1_274' title='bbox 1176 4473 1489 4526; x_wconf 83' lang='lat'><strong>136—152.</strong></span> <span class='ocrx_word' id='word_1_275' title='bbox 1536 4503 1604 4513; x_wconf 87' lang='lat'><strong>—-</strong></span> 
     </span>
     <span class='ocr_line' id='line_1_52' title="bbox 460 4541 1604 4614; baseline 0.006 -22"><span class='ocrx_word' id='word_1_276' title='bbox 460 4541 698 4608; x_wconf 68' lang='lat' dir='ltr'><strong>scriptor</strong></span> <span class='ocrx_word' id='word_1_277' title='bbox 743 4543 995 4614; x_wconf 76' lang='lat' dir='ltr'><strong>cyclicas]</strong></span> <span class='ocrx_word' id='word_1_278' title='bbox 1040 4544 1341 4600; x_wconf 82' lang='lat' dir='ltr'><strong>Poetarum</strong></span> <span class='ocrx_word' id='word_1_279' title='bbox 1378 4545 1604 4614; x_wconf 83' lang='lat' dir='ltr'><strong>cyclico·</strong></span> 
     </span>
    </p>
   </div>
   <div class='ocr_carea' id='block_1_5' title="bbox 1681 1541 2878 4616">
    <p class='ocr_par' dir='ltr' id='par_1_8' title="bbox 1681 1541 2878 4616">
     <span class='ocr_line' id='line_1_53' title="bbox 1681 1541 2844 1612; baseline -0.002 -15"><span class='ocrx_word' id='word_1_280' title='bbox 1681 1561 1807 1598; x_wconf 89' lang='lat' dir='ltr'><strong>rum</strong></span> <span class='ocrx_word' id='word_1_281' title='bbox 1865 1543 2090 1597; x_wconf 90' lang='lat' dir='ltr'><strong>nomine</strong></span> <span class='ocrx_word' id='word_1_282' title='bbox 2139 1541 2654 1612; x_wconf 84' lang='lat' dir='ltr'><strong>complectebantur</strong></span> <span class='ocrx_word' id='word_1_283' title='bbox 2705 1541 2844 1596; x_wconf 81' lang='lat' dir='ltr'><strong>Ale·</strong></span> 
     </span>
     <span class='ocr_line' id='line_1_54' title="bbox 1681 1615 2844 1684; baseline -0.003 -15"><span class='ocrx_word' id='word_1_284' title='bbox 1681 1615 1947 1669; x_wconf 83' lang='lat' dir='ltr'><strong>xandrini</strong></span> <span class='ocrx_word' id='word_1_285' title='bbox 1985 1632 2076 1668; x_wconf 89' lang='lat' dir='ltr'><strong>eos</strong></span> <span class='ocrx_word' id='word_1_286' title='bbox 2100 1619 2311 1684; x_wconf 84' lang='lat' dir='ltr'><strong>poetas,</strong></span> <span class='ocrx_word' id='word_1_287' title='bbox 2350 1616 2447 1684; x_wconf 90' lang='lat' dir='ltr'><strong>qui</strong></span> <span class='ocrx_word' id='word_1_288' title='bbox 2471 1615 2696 1683; x_wconf 86' lang='lat' dir='ltr'><strong>aliquot</strong></span> <span class='ocrx_word' id='word_1_289' title='bbox 2719 1631 2844 1667; x_wconf 81' lang='lat' dir='ltr'><strong>sae·</strong></span> 
     </span>
     <span class='ocr_line' id='line_1_55' title="bbox 1683 1685 2842 1755; baseline -0.003 -15"><span class='ocrx_word' id='word_1_290' title='bbox 1683 1686 1822 1741; x_wconf 88' lang='lat' dir='ltr'><strong>culis</strong></span> <span class='ocrx_word' id='word_1_291' title='bbox 1857 1691 1986 1755; x_wconf 79' lang='lat' dir='ltr'><strong>post</strong></span> <span class='ocrx_word' id='word_1_292' title='bbox 2011 1685 2308 1740; x_wconf 84' lang='lat' dir='ltr'><strong>Homerica</strong></span> <span class='ocrx_word' id='word_1_293' title='bbox 2343 1686 2595 1740; x_wconf 77' lang='lat' dir='ltr'><strong>camina</strong></span> <span class='ocrx_word' id='word_1_294' title='bbox 2629 1691 2731 1740; x_wconf 80' lang='lat' dir='ltr'><strong>aut</strong></span> <span class='ocrx_word' id='word_1_295' title='bbox 2767 1703 2842 1738; x_wconf 82' lang='lat' dir='ltr'><strong>ea</strong></span> 
     </span>
     <span class='ocr_line' id='line_1_56' title="bbox 1685 1757 2846 1826; baseline -0.002 -14"><span class='ocrx_word' id='word_1_296' title='bbox 1685 1757 1854 1826; x_wconf 85' lang='lat' dir='ltr'><strong>epicis</strong></span> <span class='ocrx_word' id='word_1_297' title='bbox 1881 1758 2220 1812; x_wconf 73' lang='lat' dir='ltr'><strong>carminibus</strong></span> <span class='ocrx_word' id='word_1_298' title='bbox 2249 1758 2659 1826; x_wconf 78' lang='lat' dir='ltr'><strong>descripserant</strong></span> <span class='ocrx_word' id='word_1_299' title='bbox 2695 1773 2846 1824; x_wconf 80' lang='lat' dir='ltr'><strong>quae</strong></span> 
     </span>
     <span class='ocr_line' id='line_1_57' title="bbox 1682 1827 2846 1898; baseline -0.002 -16"><span class='ocrx_word' id='word_1_300' title='bbox 1682 1829 1918 1883; x_wconf 79' lang='lat' dir='ltr'><strong>Iliadem</strong></span> <span class='ocrx_word' id='word_1_301' title='bbox 1942 1829 2302 1898; x_wconf 84' lang='lat' dir='ltr'><strong>praecedunt,</strong></span> <span class='ocrx_word' id='word_1_302' title='bbox 2325 1834 2425 1883; x_wconf 85' lang='lat' dir='ltr'><strong>aut</strong></span> <span class='ocrx_word' id='word_1_303' title='bbox 2447 1847 2548 1883; x_wconf 83' lang='lat' dir='ltr'><strong>sua</strong></span> <span class='ocrx_word' id='word_1_304' title='bbox 2587 1827 2846 1882; x_wconf 85' lang='lat' dir='ltr'><strong>carmina</strong></span> 
     </span>
     <span class='ocr_line' id='line_1_58' title="bbox 1683 1899 2848 1970; baseline -0.001 -16"><span class='ocrx_word' id='word_1_305' title='bbox 1683 1901 1764 1956; x_wconf 89' lang='lat' dir='ltr'><strong>ibi</strong></span> <span class='ocrx_word' id='word_1_306' title='bbox 1801 1903 2127 1970; x_wconf 80' lang='lat' dir='ltr'><strong>inceperant</strong></span> <span class='ocrx_word' id='word_1_307' title='bbox 2153 1901 2250 1954; x_wconf 90' lang='lat' dir='ltr'><strong>ubi</strong></span> <span class='ocrx_word' id='word_1_308' title='bbox 2287 1899 2454 1955; x_wconf 88' lang='lat' dir='ltr'><strong>finem</strong></span> <span class='ocrx_word' id='word_1_309' title='bbox 2491 1900 2704 1956; x_wconf 86' lang='lat' dir='ltr'><strong>habent</strong></span> <span class='ocrx_word' id='word_1_310' title='bbox 2727 1899 2848 1953; x_wconf 88' lang='lat' dir='ltr'><strong>Ho-</strong></span> 
     </span>
     <span class='ocr_line' id='line_1_59' title="bbox 1683 1971 2844 2042; baseline -0.001 -17"><span class='ocrx_word' id='word_1_311' title='bbox 1683 1973 1906 2027; x_wconf 83' lang='lat' dir='ltr'><strong>merica.</strong></span> <span class='ocrx_word' id='word_1_312' title='bbox 1982 1971 2069 2026; x_wconf 87' lang='lat' dir='ltr'><strong>Ex</strong></span> <span class='ocrx_word' id='word_1_313' title='bbox 2105 1973 2308 2040; x_wconf 85' lang='lat' dir='ltr'><strong>quibus</strong></span> <span class='ocrx_word' id='word_1_314' title='bbox 2352 1972 2612 2026; x_wconf 86' lang='lat' dir='ltr'><strong>omnibus</strong></span> <span class='ocrx_word' id='word_1_315' title='bbox 2649 1989 2844 2042; x_wconf 72' lang='lat' dir='ltr'><strong>gram·</strong></span> 
     </span>
     <span class='ocr_line' id='line_1_60' title="bbox 1684 2038 2844 2128; baseline 0 -32"><span class='ocrx_word' id='word_1_316' title='bbox 1684 2045 1878 2128; x_wconf 69' lang='lat' dir='ltr'><strong>matici</strong></span> <span class='ocrx_word' id='word_1_317' title='bbox 1924 2038 2122 2098; x_wconf 77' lang='grc' dir='ltr'><strong><em>κύκλον</em></strong></span> <span class='ocrx_word' id='word_1_318' title='bbox 2167 2043 2538 2126; x_wconf 74' lang='lat' dir='ltr'><strong>confecerant,</strong></span> <span class='ocrx_word' id='word_1_319' title='bbox 2586 2043 2678 2097; x_wconf 85' lang='lat' dir='ltr'><strong>cui</strong></span> <span class='ocrx_word' id='word_1_320' title='bbox 2723 2043 2844 2125; x_wconf 83' lang='grc' dir='ltr'><strong>ῌο-</strong></span> 
     </span>
     <span class='ocr_line' id='line_1_61' title="bbox 1684 2112 2878 2268; baseline -0.011 -28"><span class='ocrx_word' id='word_1_321' title='bbox 1684 2133 1900 2241; x_wconf 53' lang='grc' dir='ltr'><strong>’.ἓθῖὲίἶ</strong></span> <span class='ocrx_word' id='word_1_322' title='bbox 1917 2112 2846 2268; x_wconf 45' lang='grc' dir='ltr'><strong>ἶὲἓῗέἓτὲἶῆΐΐοῆἓξῗῃὲἔᾶῑξῗ</strong></span> <span class='ocrx_word' id='word_1_323' title='bbox 2867 2247 2878 2256; x_wconf 38' lang='grc'><strong>,</strong></span> 
     </span>
     <span class='ocr_line' id='line_1_62' title="bbox 1685 2258 2846 2314; baseline -0.002 -2"><span class='ocrx_word' id='word_1_324' title='bbox 1685 2263 1782 2312; x_wconf 87' lang='lat' dir='ltr'><strong>tur</strong></span> <span class='ocrx_word' id='word_1_325' title='bbox 1817 2263 1948 2312; x_wconf 87' lang='lat' dir='ltr'><strong>sunt</strong></span> <span class='ocrx_word' id='word_1_326' title='bbox 1983 2259 2235 2312; x_wconf 82' lang='lat' dir='ltr'><strong>carmina</strong></span> <span class='ocrx_word' id='word_1_327' title='bbox 2271 2262 2336 2312; x_wconf 87' lang='lat' dir='ltr'><strong>ut</strong></span> <span class='ocrx_word' id='word_1_328' title='bbox 2372 2258 2602 2314; x_wconf 86' lang='lat' dir='ltr'><strong>Arctmi</strong></span> <span class='ocrx_word' id='word_1_329' title='bbox 2641 2260 2846 2312; x_wconf 72' lang='grc' dir='ltr'><strong><em>Αἰθιο-</em></strong></span> 
     </span>
     <span class='ocr_line' id='line_1_63' title="bbox 1685 2327 2848 2398; baseline 0 -16"><span class='ocrx_word' id='word_1_330' title='bbox 1685 2335 1795 2397; x_wconf 83' lang='grc' dir='ltr'><strong><em>πίς,</em></strong></span> <span class='ocrx_word' id='word_1_331' title='bbox 1849 2347 1960 2398; x_wconf 82' lang='lat' dir='ltr'><strong>qua</strong></span> <span class='ocrx_word' id='word_1_332' title='bbox 1995 2329 2258 2384; x_wconf 86' lang='lat' dir='ltr'><strong>Troicum</strong></span> <span class='ocrx_word' id='word_1_333' title='bbox 2302 2329 2514 2384; x_wconf 90' lang='lat' dir='ltr'><strong>bellum</strong></span> <span class='ocrx_word' id='word_1_334' title='bbox 2563 2327 2848 2384; x_wconf 82' lang='lat' dir='ltr'><strong>describe-</strong></span> 
     </span>
     <span class='ocr_line' id='line_1_64' title="bbox 1684 2399 2844 2470; baseline -0.002 -16"><span class='ocrx_word' id='word_1_335' title='bbox 1684 2401 1853 2456; x_wconf 88' lang='lat' dir='ltr'><strong>batur</strong></span> <span class='ocrx_word' id='word_1_336' title='bbox 1889 2419 2063 2470; x_wconf 87' lang='lat' dir='ltr'><strong>usque</strong></span> <span class='ocrx_word' id='word_1_337' title='bbox 2096 2402 2167 2455; x_wconf 78' lang='lat' dir='ltr'><strong>ad</strong></span> <span class='ocrx_word' id='word_1_338' title='bbox 2219 2405 2504 2456; x_wconf 84' lang='lat' dir='ltr'><strong>certamen</strong></span> <span class='ocrx_word' id='word_1_339' title='bbox 2539 2400 2612 2456; x_wconf 89' lang='lat' dir='ltr'><strong>de</strong></span> <span class='ocrx_word' id='word_1_340' title='bbox 2645 2399 2844 2454; x_wconf 81' lang='lat' dir='ltr'><strong>Achil-</strong></span> 
     </span>
     <span class='ocr_line' id='line_1_65' title="bbox 1685 2467 2848 2540; baseline 0 -14"><span class='ocrx_word' id='word_1_341' title='bbox 1685 2473 1756 2526; x_wconf 82' lang='lat' dir='ltr'><strong>lis</strong></span> <span class='ocrx_word' id='word_1_342' title='bbox 1829 2473 2023 2539; x_wconf 75' lang='lat' dir='ltr'><strong>armiS,</strong></span> <span class='ocrx_word' id='word_1_343' title='bbox 2097 2471 2304 2526; x_wconf 76' lang='lat' dir='ltr'><strong>Sta-sini</strong></span> <span class='ocrx_word' id='word_1_344' title='bbox 2376 2467 2626 2540; x_wconf 73' lang='grc' dir='ltr'><strong><em>Κύπρια,</em></strong></span> <span class='ocrx_word' id='word_1_345' title='bbox 2697 2488 2848 2540; x_wconf 65' lang='lat' dir='ltr'><strong>quae</strong></span> 
     </span>
     <span class='ocr_line' id='line_1_66' title="bbox 1687 2544 2850 2613; baseline -0.001 -15"><span class='ocrx_word' id='word_1_346' title='bbox 1687 2544 2200 2612; x_wconf 76' lang='lat' dir='ltr'><strong>complectebantur</strong></span> <span class='ocrx_word' id='word_1_347' title='bbox 2270 2559 2654 2613; x_wconf 85' lang='lat' dir='ltr'><strong>quaecumque</strong></span> <span class='ocrx_word' id='word_1_348' title='bbox 2713 2549 2850 2597; x_wconf 72' lang='lat' dir='ltr'><strong>acta</strong></span> 
     </span>
     <span class='ocr_line' id='line_1_67' title="bbox 1687 2615 2846 2685; baseline 0 -15"><span class='ocrx_word' id='word_1_349' title='bbox 1687 2620 1850 2670; x_wconf 84' lang='lat' dir='ltr'><strong>erant</strong></span> <span class='ocrx_word' id='word_1_350' title='bbox 1883 2633 1916 2668; x_wconf 90' lang='lat' dir='ltr'><strong>a</strong></span> <span class='ocrx_word' id='word_1_351' title='bbox 1950 2621 2118 2685; x_wconf 80' lang='lat' dir='ltr'><strong>rapta</strong></span> <span class='ocrx_word' id='word_1_352' title='bbox 2141 2615 2354 2670; x_wconf 79' lang='lat' dir='ltr'><strong>Helena</strong></span> <span class='ocrx_word' id='word_1_353' title='bbox 2389 2632 2568 2684; x_wconf 88' lang='lat' dir='ltr'><strong>usque</strong></span> <span class='ocrx_word' id='word_1_354' title='bbox 2603 2615 2674 2669; x_wconf 86' lang='lat' dir='ltr'><strong>ad</strong></span> <span class='ocrx_word' id='word_1_355' title='bbox 2699 2615 2846 2670; x_wconf 76' lang='lat' dir='ltr'><strong>iram</strong></span> 
     </span>
     <span class='ocr_line' id='line_1_68' title="bbox 1686 2681 2846 2757; baseline -0.001 -16"><span class='ocrx_word' id='word_1_356' title='bbox 1686 2686 1941 2751; x_wconf 86' lang='lat' dir='ltr'><strong>Achillis,</strong></span> <span class='ocrx_word' id='word_1_357' title='bbox 1976 2683 2132 2744; x_wconf 77' lang='grc' dir='ltr'><strong><em>Ἰλιὰς</em></strong></span> <span class='ocrx_word' id='word_1_358' title='bbox 2167 2681 2354 2757; x_wconf 79' lang='grc' dir='ltr'><em>μικρά,</em></span> <span class='ocrx_word' id='word_1_359' title='bbox 2392 2703 2563 2756; x_wconf 83' lang='lat' dir='ltr'><strong>quam</strong></span> <span class='ocrx_word' id='word_1_360' title='bbox 2601 2686 2846 2741; x_wconf 75' lang='lat' dir='ltr'><strong>Lesches</strong></span> 
     </span>
     <span class='ocr_line' id='line_1_69' title="bbox 1687 2759 2846 2828; baseline 0.001 -16"><span class='ocrx_word' id='word_1_361' title='bbox 1687 2759 1972 2828; x_wconf 82' lang='lat' dir='ltr'><strong>scripsisse</strong></span> <span class='ocrx_word' id='word_1_362' title='bbox 2023 2759 2262 2826; x_wconf 88' lang='lat' dir='ltr'><strong>dicitur,</strong></span> <span class='ocrx_word' id='word_1_363' title='bbox 2315 2775 2428 2827; x_wconf 81' lang='lat' dir='ltr'><strong>qua</strong></span> <span class='ocrx_word' id='word_1_364' title='bbox 2471 2775 2664 2828; x_wconf 79' lang='lat' dir='ltr'><strong>pugna</strong></span> <span class='ocrx_word' id='word_1_365' title='bbox 2711 2775 2846 2813; x_wconf 86' lang='lat' dir='ltr'><strong>con-</strong></span> 
     </span>
     <span class='ocr_line' id='line_1_70' title="bbox 1685 2830 2847 2899; baseline -0.001 -15"><span class='ocrx_word' id='word_1_366' title='bbox 1685 2831 2020 2884; x_wconf 78' lang='lat' dir='ltr'><strong>tinuabatur</strong></span> <span class='ocrx_word' id='word_1_367' title='bbox 2046 2847 2220 2898; x_wconf 86' lang='lat' dir='ltr'><strong>usque</strong></span> <span class='ocrx_word' id='word_1_368' title='bbox 2258 2830 2331 2884; x_wconf 87' lang='lat' dir='ltr'><strong>ad</strong></span> <span class='ocrx_word' id='word_1_369' title='bbox 2357 2847 2562 2899; x_wconf 85' lang='lat' dir='ltr'><strong>equum</strong></span> <span class='ocrx_word' id='word_1_370' title='bbox 2589 2830 2847 2899; x_wconf 78' lang='lat' dir='ltr'><strong>ligneum</strong></span> 
     </span>
     <span class='ocr_line' id='line_1_71' title="bbox 1689 2900 2848 2970; baseline -0.001 -16"><span class='ocrx_word' id='word_1_371' title='bbox 1689 2902 1748 2955; x_wconf 88' lang='lat' dir='ltr'><strong>in</strong></span> <span class='ocrx_word' id='word_1_372' title='bbox 1810 2900 2036 2955; x_wconf 81' lang='lat' dir='ltr'><strong>Troiam</strong></span> <span class='ocrx_word' id='word_1_373' title='bbox 2097 2901 2294 2956; x_wconf 84' lang='lat' dir='ltr'><strong>urbem</strong></span> <span class='ocrx_word' id='word_1_374' title='bbox 2352 2905 2658 2970; x_wconf 86' lang='lat' dir='ltr'><strong>receptum,</strong></span> <span class='ocrx_word' id='word_1_375' title='bbox 2713 2901 2848 2954; x_wconf 76' lang='lat' dir='ltr'><strong>alia.</strong></span> 
     </span>
     <span class='ocr_line' id='line_1_72' title="bbox 1689 2972 2850 3043; baseline -0.001 -16"><span class='ocrx_word' id='word_1_376' title='bbox 1689 2973 1946 3027; x_wconf 80' lang='lat' dir='ltr'><strong>Ceterum</strong></span> <span class='ocrx_word' id='word_1_377' title='bbox 2025 2973 2220 3038; x_wconf 69' lang='lat' dir='ltr'><strong>Bentl„</strong></span> <span class='ocrx_word' id='word_1_378' title='bbox 2282 2972 2512 3043; x_wconf 85' lang='lat' dir='ltr'><strong>Haupt.‚</strong></span> <span class='ocrx_word' id='word_1_379' title='bbox 2581 2972 2850 3038; x_wconf 64' lang='lat' dir='ltr'><strong>Meinek„</strong></span> 
     </span>
     <span class='ocr_line' id='line_1_73' title="bbox 1688 3044 2850 3114; baseline -0.001 -17"><span class='ocrx_word' id='word_1_380' title='bbox 1688 3044 1934 3112; x_wconf 86' lang='lat' dir='ltr'><strong>Linker.,</strong></span> <span class='ocrx_word' id='word_1_381' title='bbox 1962 3044 2212 3098; x_wconf 87' lang='lat' dir='ltr'><strong>Mueller.</strong></span> <span class='ocrx_word' id='word_1_382' title='bbox 2247 3045 2596 3113; x_wconf 76' lang='lat' dir='ltr'><strong>scripserunt</strong></span> <span class='ocrx_word' id='word_1_383' title='bbox 2619 3045 2850 3114; x_wconf 67' lang='lat' dir='ltr'><strong>cyclicas,</strong></span> 
     </span>
     <span class='ocr_line' id='line_1_74' title="bbox 1689 3115 2852 3184; baseline -0.001 -15"><span class='ocrx_word' id='word_1_384' title='bbox 1689 3133 1827 3184; x_wconf 86' lang='lat' dir='ltr'><strong>quos</strong></span> <span class='ocrx_word' id='word_1_385' title='bbox 1872 3134 1986 3171; x_wconf 89' lang='lat' dir='ltr'><strong>non</strong></span> <span class='ocrx_word' id='word_1_386' title='bbox 2033 3133 2158 3170; x_wconf 85' lang='lat' dir='ltr'><strong>sum</strong></span> <span class='ocrx_word' id='word_1_387' title='bbox 2204 3121 2450 3184; x_wconf 86' lang='lat' dir='ltr'><strong>secutus;</strong></span> <span class='ocrx_word' id='word_1_388' title='bbox 2507 3133 2636 3170; x_wconf 84' lang='lat' dir='ltr'><strong>nam</strong></span> <span class='ocrx_word' id='word_1_389' title='bbox 2686 3115 2852 3169; x_wconf 85' lang='lat' dir='ltr'><strong>chori</strong></span> 
     </span>
     <span class='ocr_line' id='line_1_75' title="bbox 1689 3186 2851 3258; baseline -0.001 -16"><span class='ocrx_word' id='word_1_390' title='bbox 1689 3193 1853 3242; x_wconf 81' lang='lat' dir='ltr'><strong>erant</strong></span> <span class='ocrx_word' id='word_1_391' title='bbox 1899 3187 2078 3258; x_wconf 70' lang='lat' dir='ltr'><strong>cyclii,</strong></span> <span class='ocrx_word' id='word_1_392' title='bbox 2128 3187 2428 3256; x_wconf 86' lang='lat' dir='ltr'><strong>scriptores</strong></span> <span class='ocrx_word' id='word_1_393' title='bbox 2473 3187 2684 3256; x_wconf 76' lang='lat' dir='ltr'><strong>cyclici.</strong></span> <span class='ocrx_word' id='word_1_394' title='bbox 2771 3186 2851 3241; x_wconf 82' lang='lat' dir='ltr'><strong>cf.</strong></span> 
     </span>
     <span class='ocr_line' id='line_1_76' title="bbox 1689 3255 2850 3328; baseline 0 -16"><span class='ocrx_word' id='word_1_395' title='bbox 1689 3259 1964 3314; x_wconf 87' lang='lat' dir='ltr'><strong>Welcker.</strong></span> <span class='ocrx_word' id='word_1_396' title='bbox 2012 3255 2083 3312; x_wconf 88' lang='lat' dir='ltr'><strong>de</strong></span> <span class='ocrx_word' id='word_1_397' title='bbox 2131 3259 2268 3328; x_wconf 80' lang='lat' dir='ltr'><strong>cycl.</strong></span> <span class='ocrx_word' id='word_1_398' title='bbox 2305 3276 2390 3328; x_wconf 89' lang='lat' dir='ltr'><strong>ep.</strong></span> <span class='ocrx_word' id='word_1_399' title='bbox 2437 3261 2554 3311; x_wconf 79' lang='lat'><strong>117.</strong></span> <span class='ocrx_word' id='word_1_400' title='bbox 2595 3287 2659 3298; x_wconf 89' lang='lat'><strong>--</strong></span> <span class='ocrx_word' id='word_1_401' title='bbox 2703 3257 2850 3312; x_wconf 78' lang='lat' dir='ltr'><strong>For·</strong></span> 
     </span>
     <span class='ocr_line' id='line_1_77' title="bbox 1689 3329 2852 3400; baseline 0 -17"><span class='ocrx_word' id='word_1_402' title='bbox 1689 3336 1882 3384; x_wconf 79' lang='lat' dir='ltr'><strong>tunam</strong></span> <span class='ocrx_word' id='word_1_403' title='bbox 1929 3330 2168 3400; x_wconf 69' lang='lat' dir='ltr'><strong>Priamt]</strong></span> <span class='ocrx_word' id='word_1_404' title='bbox 2220 3331 2504 3385; x_wconf 88' lang='lat' dir='ltr'><strong>Incertum</strong></span> <span class='ocrx_word' id='word_1_405' title='bbox 2550 3335 2636 3384; x_wconf 87' lang='lat' dir='ltr'><strong>est</strong></span> <span class='ocrx_word' id='word_1_406' title='bbox 2689 3329 2852 3384; x_wconf 79' lang='lat' dir='ltr'><strong>cuius</strong></span> 
     </span>
     <span class='ocr_line' id='line_1_78' title="bbox 1691 3401 2850 3473; baseline -0.001 -17"><span class='ocrx_word' id='word_1_407' title='bbox 1691 3402 1954 3456; x_wconf 75' lang='lat' dir='ltr'><strong>carminis</strong></span> <span class='ocrx_word' id='word_1_408' title='bbox 2037 3401 2263 3456; x_wconf 81' lang='lat' dir='ltr'><strong>initium</strong></span> <span class='ocrx_word' id='word_1_409' title='bbox 2335 3401 2699 3473; x_wconf 79' lang='lat' dir='ltr'><strong>significetur.</strong></span> <span class='ocrx_word' id='word_1_410' title='bbox 2773 3425 2850 3440; x_wconf 90' lang='lat'><strong>-·-</strong></span> 
     </span>
     <span class='ocr_line' id='line_1_79' title="bbox 1687 3471 2848 3562; baseline -0.001 -35"><span class='ocrx_word' id='word_1_411' title='bbox 1687 3471 2038 3542; x_wconf 75' lang='lat' dir='ltr'><strong>parturiunt]</strong></span> <span class='ocrx_word' id='word_1_412' title='bbox 2093 3473 2184 3528; x_wconf 85' lang='lat' dir='ltr'><strong>Ex</strong></span> <span class='ocrx_word' id='word_1_413' title='bbox 2249 3491 2450 3544; x_wconf 78' lang='lat' dir='ltr'><strong>graeco</strong></span> <span class='ocrx_word' id='word_1_414' title='bbox 2514 3473 2848 3562; x_wconf 73' lang='lat' dir='ltr'><strong>proverbio:</strong></span> 
     </span>
     <span class='ocr_line' id='line_1_80' title="bbox 1693 3537 2844 3614; baseline -0.003 -15"><span class='ocrx_word' id='word_1_415' title='bbox 1693 3537 1938 3612; x_wconf 63' lang='lat' dir='ltr'><strong>‚5326sz</strong></span> <span class='ocrx_word' id='word_1_416' title='bbox 1990 3540 2140 3614; x_wconf 79' lang='grc' dir='ltr'><strong><em>ὄρος·</em></strong></span> <span class='ocrx_word' id='word_1_417' title='bbox 2194 3545 2305 3598; x_wconf 72' lang='grc' dir='ltr'><strong>εἶτα</strong></span> <span class='ocrx_word' id='word_1_418' title='bbox 2408 3547 2474 3598; x_wconf 78' lang='grc' dir='ltr'><strong>ὗν</strong></span> <span class='ocrx_word' id='word_1_419' title='bbox 2521 3545 2844 3598; x_wconf 52' lang='lat' dir='ltr'><strong>anacam!</strong></span> 
     </span>
     <span class='ocr_line' id='line_1_81' title="bbox 1693 3616 2850 3686; baseline 0.002 -17"><span class='ocrx_word' id='word_1_420' title='bbox 1693 3617 1759 3670; x_wconf 91' lang='lat' dir='ltr'><strong>In</strong></span> <span class='ocrx_word' id='word_1_421' title='bbox 1793 3617 2041 3685; x_wconf 86' lang='lat' dir='ltr'><strong>plurima</strong></span> <span class='ocrx_word' id='word_1_422' title='bbox 2077 3622 2240 3686; x_wconf 86' lang='lat' dir='ltr'><strong>parte</strong></span> <span class='ocrx_word' id='word_1_423' title='bbox 2283 3633 2348 3678; x_wconf 83' lang='lat' dir='ltr'><strong>oo</strong></span> <span class='ocrx_word' id='word_1_424' title='bbox 2390 3616 2445 3669; x_wconf 89' lang='lat' dir='ltr'><strong>d.</strong></span> <span class='ocrx_word' id='word_1_425' title='bbox 2487 3617 2850 3685; x_wconf 64' lang='grc' dir='ltr'><strong>ρανὴινίαιές</strong></span> 
     </span>
     <span class='ocr_line' id='line_1_82' title="bbox 1692 3687 2848 3756; baseline -0.002 -14"><span class='ocrx_word' id='word_1_426' title='bbox 1692 3688 1834 3743; x_wconf 89' lang='lat' dir='ltr'><strong>bene</strong></span> <span class='ocrx_word' id='word_1_427' title='bbox 1869 3693 2058 3743; x_wconf 85' lang='lat' dir='ltr'><strong>autem</strong></span> <span class='ocrx_word' id='word_1_428' title='bbox 2085 3689 2300 3742; x_wconf 89' lang='lat' dir='ltr'><strong>monuit</strong></span> <span class='ocrx_word' id='word_1_429' title='bbox 2323 3687 2631 3756; x_wconf 84' lang='lat' dir='ltr'><strong>Bentleius‚</strong></span> <span class='ocrx_word' id='word_1_430' title='bbox 2654 3687 2848 3742; x_wconf 73' lang='lat' dir='ltr'><strong>omnia</strong></span> 
     </span>
     <span class='ocr_line' id='line_1_83' title="bbox 1692 3758 2848 3829; baseline 0 -16"><span class='ocrx_word' id='word_1_431' title='bbox 1692 3759 1884 3828; x_wconf 81' lang='lat' dir='ltr'><strong>verba,</strong></span> <span class='ocrx_word' id='word_1_432' title='bbox 1921 3777 2062 3829; x_wconf 86' lang='lat' dir='ltr'><strong>qnae</strong></span> <span class='ocrx_word' id='word_1_433' title='bbox 2097 3761 2156 3813; x_wconf 91' lang='lat' dir='ltr'><strong>in</strong></span> <span class='ocrx_word' id='word_1_434' title='bbox 2193 3761 2318 3814; x_wconf 74' lang='lat' dir='ltr'><strong>urio</strong></span> <span class='ocrx_word' id='word_1_435' title='bbox 2353 3760 2634 3826; x_wconf 84' lang='lat' dir='ltr'><strong>desinant,</strong></span> <span class='ocrx_word' id='word_1_436' title='bbox 2669 3758 2848 3813; x_wconf 80' lang='lat' dir='ltr'><strong>etiam</strong></span> 
     </span>
     <span class='ocr_line' id='line_1_84' title="bbox 1693 3829 2850 3901; baseline -0.003 -16"><span class='ocrx_word' id='word_1_437' title='bbox 1693 3832 1754 3885; x_wconf 92' lang='lat' dir='ltr'><strong>in</strong></span> <span class='ocrx_word' id='word_1_438' title='bbox 1797 3833 1982 3900; x_wconf 88' lang='lat' dir='ltr'><strong>primo</strong></span> <span class='ocrx_word' id='word_1_439' title='bbox 2027 3837 2276 3901; x_wconf 87' lang='lat' dir='ltr'><strong>tempore</strong></span> <span class='ocrx_word' id='word_1_440' title='bbox 2335 3830 2516 3885; x_wconf 86' lang='lat' dir='ltr'><strong>futuri</strong></span> <span class='ocrx_word' id='word_1_441' title='bbox 2571 3831 2684 3884; x_wconf 83' lang='lat' dir='ltr'><strong>vim</strong></span> <span class='ocrx_word' id='word_1_442' title='bbox 2747 3829 2850 3883; x_wconf 78' lang='lat' dir='ltr'><strong>ha·</strong></span> 
     </span>
     <span class='ocr_line' id='line_1_85' title="bbox 1693 3901 2850 3972; baseline -0.002 -16"><span class='ocrx_word' id='word_1_443' title='bbox 1693 3903 1843 3957; x_wconf 89' lang='lat' dir='ltr'><strong>bere.</strong></span> <span class='ocrx_word' id='word_1_444' title='bbox 1929 3903 2206 3958; x_wconf 82' lang='lat' dir='ltr'><strong>Futurum</strong></span> <span class='ocrx_word' id='word_1_445' title='bbox 2257 3903 2651 3972; x_wconf 84' lang='lat' dir='ltr'><strong>praetulerunt</strong></span> <span class='ocrx_word' id='word_1_446' title='bbox 2699 3901 2850 3955; x_wconf 69' lang='lat' dir='ltr'><strong>Krffi-</strong></span> 
     </span>
     <span class='ocr_line' id='line_1_86' title="bbox 1694 3973 2854 4044; baseline -0.002 -16"><span class='ocrx_word' id='word_1_447' title='bbox 1694 3991 1831 4044; x_wconf 83' lang='lat' dir='ltr'><strong>ger.,</strong></span> <span class='ocrx_word' id='word_1_448' title='bbox 1899 3975 2124 4038; x_wconf 73' lang='lat' dir='ltr'><strong>Keller„</strong></span> <span class='ocrx_word' id='word_1_449' title='bbox 2191 3973 2496 4034; x_wconf 71' lang='lat' dir='ltr'><strong>Eckstein„</strong></span> <span class='ocrx_word' id='word_1_450' title='bbox 2565 3973 2854 4040; x_wconf 84' lang='lat' dir='ltr'><strong>DoederL,</strong></span> 
     </span>
     <span class='ocr_line' id='line_1_87' title="bbox 1695 4043 2852 4104; baseline -0.002 -4"><span class='ocrx_word' id='word_1_451' title='bbox 1695 4046 1946 4104; x_wconf 81' lang='lat' dir='ltr'><strong>Mewes..</strong></span> <span class='ocrx_word' id='word_1_452' title='bbox 2007 4045 2382 4100; x_wconf 85' lang='lat' dir='ltr'><strong>Weissenfels.</strong></span> <span class='ocrx_word' id='word_1_453' title='bbox 2451 4063 2564 4098; x_wconf 90' lang='lat' dir='ltr'><strong>non</strong></span> <span class='ocrx_word' id='word_1_454' title='bbox 2623 4043 2852 4098; x_wconf 77' lang='lat' dir='ltr'><strong>Miiller.</strong></span> 
     </span>
     <span class='ocr_line' id='line_1_88' title="bbox 1696 4116 2856 4186; baseline -0.002 -14"><span class='ocrx_word' id='word_1_455' title='bbox 1696 4123 1796 4172; x_wconf 85' lang='lat' dir='ltr'><strong>aut</strong></span> <span class='ocrx_word' id='word_1_456' title='bbox 1845 4117 2069 4186; x_wconf 74' lang='lat' dir='ltr'><strong>Ritter„</strong></span> <span class='ocrx_word' id='word_1_457' title='bbox 2117 4117 2212 4186; x_wconf 89' lang='lat' dir='ltr'><strong>qui</strong></span> <span class='ocrx_word' id='word_1_458' title='bbox 2257 4117 2397 4171; x_wconf 87' lang='lat' dir='ltr'><strong>bene</strong></span> <span class='ocrx_word' id='word_1_459' title='bbox 2445 4116 2856 4171; x_wconf 77' lang='lat' dir='ltr'><strong>animadvertit</strong></span> 
     </span>
     <span class='ocr_line' id='line_1_89' title="bbox 1691 4188 2854 4258; baseline 0 -16"><span class='ocrx_word' id='word_1_460' title='bbox 1691 4189 2010 4258; x_wconf 71' lang='lat' dir='ltr'><strong>parturient</strong></span> <span class='ocrx_word' id='word_1_461' title='bbox 2061 4188 2318 4258; x_wconf 86' lang='lat' dir='ltr'><strong>proximo</strong></span> <span class='ocrx_word' id='word_1_462' title='bbox 2369 4195 2628 4243; x_wconf 77' lang='lat' dir='ltr'><strong>nascetur</strong></span> <span class='ocrx_word' id='word_1_463' title='bbox 2673 4205 2854 4256; x_wconf 77' lang='lat' dir='ltr'><strong>prave</strong></span> 
     </span>
     <span class='ocr_line' id='line_1_90' title="bbox 1697 4260 2850 4328; baseline -0.002 -14"><span class='ocrx_word' id='word_1_464' title='bbox 1697 4262 2174 4315; x_wconf 80' lang='lat' dir='ltr'><strong>accommodatum</strong></span> <span class='ocrx_word' id='word_1_465' title='bbox 2200 4277 2346 4328; x_wconf 81' lang='lat' dir='ltr'><strong>esse3</strong></span> <span class='ocrx_word' id='word_1_466' title='bbox 2381 4277 2484 4314; x_wconf 86' lang='lat' dir='ltr'><strong>nec</strong></span> <span class='ocrx_word' id='word_1_467' title='bbox 2523 4260 2704 4320; x_wconf 81' lang='lat' dir='ltr'><strong>viden.</strong></span> <span class='ocrx_word' id='word_1_468' title='bbox 2745 4277 2850 4313; x_wconf 85' lang='lat' dir='ltr'><strong>cnr</strong></span> 
     </span>
     <span class='ocr_line' id='line_1_91' title="bbox 1697 4331 2850 4400; baseline 0 -16"><span class='ocrx_word' id='word_1_469' title='bbox 1697 4331 1950 4386; x_wconf 81' lang='lat' dir='ltr'><strong>futurum</strong></span> <span class='ocrx_word' id='word_1_470' title='bbox 1988 4333 2211 4387; x_wconf 86' lang='lat' dir='ltr'><strong>Kellero</strong></span> <span class='ocrx_word' id='word_1_471' title='bbox 2259 4331 2520 4385; x_wconf 78' lang='lat' dir='ltr'><strong>videatur</strong></span> <span class='ocrx_word' id='word_1_472' title='bbox 2565 4332 2686 4400; x_wconf 78' lang='lat' dir='ltr'><strong>ipsa</strong></span> <span class='ocrx_word' id='word_1_473' title='bbox 2723 4347 2850 4384; x_wconf 82' lang='lat' dir='ltr'><strong>sen·</strong></span> 
     </span>
     <span class='ocr_line' id='line_1_92' title="bbox 1697 4403 2854 4458; baseline -0.001 -2"><span class='ocrx_word' id='word_1_474' title='bbox 1697 4404 1874 4457; x_wconf 81' lang='lat' dir='ltr'><strong>tentia</strong></span> <span class='ocrx_word' id='word_1_475' title='bbox 1913 4403 2234 4458; x_wconf 88' lang='lat' dir='ltr'><strong>desiderari.</strong></span> <span class='ocrx_word' id='word_1_476' title='bbox 2275 4403 2632 4457; x_wconf 77' lang='lat' dir='ltr'><strong>Contrarium</strong></span> <span class='ocrx_word' id='word_1_477' title='bbox 2659 4403 2854 4456; x_wconf 76' lang='lat' dir='ltr'><strong>verius</strong></span> 
     </span>
     <span class='ocr_line' id='line_1_93' title="bbox 1697 4472 2840 4544; baseline -0.001 -16"><span class='ocrx_word' id='word_1_478' title='bbox 1697 4479 1798 4528; x_wconf 82' lang='lat' dir='ltr'><strong>est.</strong></span> <span class='ocrx_word' id='word_1_479' title='bbox 1876 4504 1939 4513; x_wconf 95' lang='lat'><strong>—</strong></span> <span class='ocrx_word' id='word_1_480' title='bbox 2012 4480 2257 4543; x_wconf 75' lang='lat' dir='ltr'><strong>tempora</strong></span> <span class='ocrx_word' id='word_1_481' title='bbox 2335 4472 2566 4544; x_wconf 66' lang='lat' dir='ltr'><strong>stoicae]</strong></span> <span class='ocrx_word' id='word_1_482' title='bbox 2647 4472 2840 4527; x_wconf 84' lang='lat' dir='ltr'><strong>Bentl.</strong></span> 
     </span>
     <span class='ocr_line' id='line_1_94' title="bbox 1698 4545 2856 4616; baseline 0.002 -17"><span class='ocrx_word' id='word_1_483' title='bbox 1698 4563 1766 4599; x_wconf 85' lang='lat' dir='ltr'><strong>ex</strong></span> <span class='ocrx_word' id='word_1_484' title='bbox 1835 4546 2052 4600; x_wconf 86' lang='lat' dir='ltr'><strong>dnobus</strong></span> <span class='ocrx_word' id='word_1_485' title='bbox 2130 4545 2290 4600; x_wconf 87' lang='lat' dir='ltr'><strong>codd.</strong></span> <span class='ocrx_word' id='word_1_486' title='bbox 2355 4545 2572 4616; x_wconf 83' lang='lat' dir='ltr'><strong>recepit</strong></span> <span class='ocrx_word' id='word_1_487' title='bbox 2632 4545 2856 4602; x_wconf 71' lang='lat' dir='ltr'><strong>moenia</strong></span> 
     </span>
    </p>
   </div>
  </div>
 </body>
</html>
