3092 5059
1066 264 1227 332 LIB.
1277 267 1361 331 II.
1406 265 1673 332 EPIST.
1714 265 1767 331 Ι.

2499 262 2626 328 593

332 453 759 548 Choerilus,
816 451 1121 529 incultis
1178 453 1311 552 qui
1364 453 1715 528 versibus
1769 465 1846 528 et
1899 451 2101 528 male
2152 452 2350 526 natis

332 577 651 652 Rettulit
701 591 1076 678 acceptos,
1132 576 1395 676 regale
1448 577 1848 674 nomisma,
1907 576 2329 675 Philippos.

225 739 305 780 επ
328 701 483 779 Sed
530 700 770 779 veluti
821 714 1143 778 tractata
1194 717 1457 778 notam
1508 703 1920 801 labemque
1972 704 2368 778 remittunt

330 829 804 924 Atramenta,
858 829 1025 904 fere
1076 828 1485 927 scriptores
1540 829 1880 903 carmine
1933 827 2165 902 foedo

330 951 757 1048 Splendida
802 954 1011 1028 facta
1058 952 1333 1029 linunt.

1438 951 1662 1028 Idem
1716 979 1855 1028 rex
1906 952 2061 1049 ille,
2117 978 2434 1050 poema·

332 1079 483 1171 Qui
533 1092 690 1154 tam
737 1078 1149 1153 ridiculum
1199 1090 1358 1153 tam.
1411 1104 1588 1153 care
1639 1077 2014 1178 prodigus
2073 1079 2277 1174 emit,

332 1204 603 1279 Edicto
658 1203 921 1300 vetuit,
975 1229 1073 1280 ne
1126 1205 1295 1303 quis
1349 1230 1431 1279 se
1484 1216 1792 1302 praeter
1836 1203 2199 1302 Apellem

228 1361 309 1402 κο
333 1328 702 1426 Pingeret
751 1342 883 1404 aut
931 1329 1126 1404 alius
1179 1329 1522 1427 Lysippo
1578 1328 1896 1422 duceret
1947 1354 2130 1404 aera

330 1453 582 1528 Fortis
631 1453 1060 1531 Alexandri
1112 1455 1411 1530 vultum
1465 1454 1924 1530 simulantia.

2030 1454 2331 1546 Quodsi

330 1578 711 1654 Iudicium
768 1580 1047 1656 subtile
1101 1579 1455 1656 videndis
1509 1581 1800 1655 artibus
1853 1581 2050 1657 illud

332 1701 461 1779 Ad
511 1703 749 1779 libros
801 1717 875 1780 et
924 1703 1023 1779 ad
1074 1703 1265 1778 haec
1308 1705 1700 1797 Musarum
1757 1705 1962 1780 dona
2006 1731 2345 1801 vocares,

327 1828 704 1905 Boeotum
755 1830 835 1904 in
890 1855 1142 1904 crasso
1200 1831 1491 1906 iurares
1542 1841 1722 1906 aere
1775 1843 2060 1907 natum.

222 1993 303 2033 m
330 1955 440 2031 At
486 1981 741 2055 neque
796 1955 1264 2032 dedecorant
1312 1970 1445 2032 tua
1489 1956 1588 2032 de
1643 1982 1722 2032 se
1773 1956 2058 2032 iudicia
2102 1967 2330 2056 atque

333 2085 681 2177 Munera,
740 2106 937 2178 quae
992 2081 1233 2156 multa
1288 2081 1538 2156 dantis
1591 2107 1762 2156 cum
1821 2081 2052 2157 laude
2101 2081 2439 2156 tulerunt

324 2208 603 2284 Dilecti
656 2208 799 2282 tibi
852 2205 1245 2303 Vergilius
1302 2206 1732 2306 Variusque
1781 2221 2090 2303 poetae,

328 2335 489 2410 Nec
540 2331 785 2430 magis
841 2333 1188 2432 expressi
1234 2330 1491 2407 vultus
1535 2359 1678 2431 per
1730 2346 1969 2409 aenea
2020 2333 2264 2430 signa,

224 2601 313 2652 est
363 2596 652 2660 habitus“;
711 2596 947 2650 eundem
1005 2595 1134 2649 Dat.
1182 2596 1243 2648 2:
1310 2613 1377 2662 „a

223 2669 558 2738 Pylaemene
596 2667 710 2734 illo,
742 2685 908 2736 quem
927 2667 1201 2720 Homerus
1220 2665 1377 2720 Troi-

200 2759 289 2796 ·co
328 2741 477 2794 bello
515 2757 550 2793 a
566 2738 825 2793 Patroclo
856 2738 1213 2792 interfectum
1244 2738 1376 2792 ait.“

226 2813 339 2867 Cic.
375 2811 517 2880 Imp.
554 2810 651 2864 Cn.
690 2809 883 2880 Pomp.
922 2813 980 2864 9:
1032 2828 1135 2878 „ex
1182 2809 1377 2865 eodem

222 2883 411 2938 Ponto
459 2881 657 2936 Medea
716 2882 817 2936 illa
870 2881 1004 2951 prof
1078 2882 1185 2936 isse
1239 2881 1375 2935 dici—

226 2956 373 3010 tur.“
452 2955 562 3009 cio.
591 2953 708 3009 cat.
734 2953 825 3017 IV,
855 2957 951 3007 21:
1000 2901 1108 3022 ἶὶ.
1146 2953 1375 3008 Paullus

224 3028 343 3096 ille,
380 3027 537 3082 ouius
572 3043 800 3080 currum
837 3025 1031 3081 Perses
1068 3043 1171 3081 rex
1205 3026 1376 3103 hone-

222 3099 447 3154 stavit.“
512 3097 671 3152 Nihil
706 3097 883 3168 igitur
918 3098 1268 3153 mutandum.
1308 3126 1374 3136 --

220 3171 491 3238 versibus]
536 3169 760 3223 dativus
806 3174 905 3223 est.
948 3196 1014 3208 —
1062 3168 1375 3239 Philippos]

224 3257 517 3312 „nummos
562 3241 659 3309 qui
696 3240 949 3310 Philippi
995 3241 1157 3296 vultu
1194 3246 1377 3295 essent

224 3313 485 3386 signati.“
550 3316 719 3366 Acro.
771 3341 831 3351 —
892 3310 1153 3380 tractata]
1212 3330 1375 3381 „con-

224 3389 483 3452 trectata‚
522 3388 815 3438 contractu
844 3383 1129 3438 maculant
1164 3389 1223 3436 et
1258 3383 1377 3453 pol·

225 3457 443 3512 luunt.“
498 3455 705 3510 Comm.
745 3455 910 3523 Gruq.
953 3483 1019 3493 —-
1057 3455 1261 3524 linunt]
1304 3453 1374 3509 cf.

226 3529 409 3598 Epist.
436 3527 481 3594 1,
510 3529 592 3590 19,
620 3527 704 3580 30.
748 3555 811 3568 --
850 3525 1112 3595 Apeuem]
1151 3525 1377 3595 Apelles

230 3601 389 3655 Cous.
432 3599 542 3653 Cio.
576 3598 645 3652 de
684 3596 791 3652 Off.
838 3597 939 3664 111,
976 3601 1008 3650 2
1046 3601 1190 3652 extr.
1262 3598 1377 3668 Ly-

225 3672 421 3742 sippus
467 3669 769 3738 Sicyonius.
844 3669 987 3723 Plin.
1040 3668 1108 3723 N.
1146 3669 1215 3722 H.
1254 3668 1377 3737 VII,

232 3745 357 3796 125:
397 3742 581 3810 „idem
618 3741 711 3796 hic
745 3740 1051 3811 imperator
1076 3740 1271 3808 edixit,
1307 3758 1379 3795 ne

228 3815 351 3883 quis
390 3815 573 3883 ipsum
609 3814 751 3868 alius
788 3831 957 3883 quam
990 3813 1218 3881 Apelles
1252 3811 1375 3880 pin-

225 3891 409 3957 geret,
470 3902 637 3955 quam
697 3883 1021 3956 Pyrgoteles
1086 3885 1377 3954 scalperet,

228 3975 397 4028 quam
417 3957 695 4027 Lysippus
728 3975 797 4012 ex
828 3975 957 4012 aere
993 3957 1277 4012 duceret-“
1310 3985 1375 3995 -

229 4027 465 4099 amet]
500 4029 679 4098 Epist.
716 4029 759 4092 Ι,
798 4031 851 4098 6,
887 4033 971 4082 17.
1006 4029 1216 4098 Vergil.
1237 4032 1377 4083 Aen.

227 4099 348 4162 vn.
370 4101 493 4154 634.
531 4102 617 4155 De
652 4101 901 4155 ablativo
936 4101 1067 4155 vide
1104 4099 1177 4154 ad
1195 4099 1377 4169 Epist.

226 4172 273 4242 I,
314 4175 395 4235 16,
434 4175 527 4226 20.
591 4202 657 4212 —
718 4172 1069 4240 simulanda]
1118 4175 1379 4226 accurate

228 4245 617 4314 exprimentia,
654 4247 718 4297 ut
755 4245 822 4296 A.
860 4243 921 4296 P.
958 4243 1049 4296 20.

300 4316 500 4370 V.242.
524 4313 775 4370 videndis
796 4313 1031 4382 artibus]
1069 4313 1377 4368 diiudican-

230 4386 333 4441 dis.
399 4391 569 4441 Artes
604 4389 661 4440 et
696 4385 832 4439 libri
870 4387 1169 4455 (poemata,
1206 4389 1271 4438 ut
1306 4387 1375 4438 A.

230 4456 293 4512 P.
318 4459 439 4524 345,
472 4458 759 4512 Musarum
796 4457 965 4520 dona)
1002 4457 1151 4511 iuter
1186 4474 1245 4511 se
1280 4475 1376 4526 op-

230 4536 538 4598 ponuntur;
585 4529 654 4584 cf.
683 4529 860 4583 Carm.
889 4528 981 4594 IV,
1006 4530 1060 4595 8,
1088 4531 1140 4596 5,
1166 4529 1266 4582 ubi
1290 4545 1378 4583 ar·

1471 2599 1776 2664 ponuntur.
1835 2595 2018 2650 Nimis
2053 2601 2216 2650 acute
2236 2595 2627 2650 Doederliuius

1472 2667 1877 2736 interpretatus
1928 2673 2030 2728 est,
2075 2673 2225 2722 artes
2269 2667 2537 2722 videndas
2570 2668 2625 2721 h.

1470 2738 1508 2790 l.
1555 2755 1672 2792 esse
1715 2755 1807 2800 eas
1864 2756 2006 2808 quae
2049 2739 2173 2793 visu
2223 2737 2625 2809 percipiantur,

1471 2814 1537 2863 ut
1577 2809 1866 2882 pingendi,
1901 2810 2215 2880 sculpendi3
2262 2810 2526 2879 reliquas,
2564 2815 2630 2864 ut

1470 2883 1701 2950 poesim,
1739 2887 1965 2937 cantum
2000 2898 2200 2937 vocum
2226 2887 2284 2936 et
2307 2898 2626 2951 nervorum,

1470 2953 1668 3008 auditu
1705 2953 1939 3023 percipi.
1978 2983 2046 2992 -
2083 2953 2368 3023 Boeotum]
2407 2953 2518 3008 Cic.
2558 2954 2628 3008 de

1468 3023 1594 3080 Fat.
1633 3043 1676 3079 c.
1701 3028 1758 3078 4:
1799 3025 2072 3095 „Athenis
2097 3030 2264 3080 tenue
2302 3024 2531 3090 caelum,
2559 3042 2627 3079 ex

1468 3114 1579 3165 quo
1607 3097 1884 3150 acutiores
1910 3099 2084 3152 etiam
2119 3101 2394 3166 putantur
2422 3097 2624 3165 Attici3

1468 3185 1716 3223 crassum
1736 3166 1960 3236 Thebis,
1997 3169 2189 3238 itaque
2223 3169 2458 3240 pingues
2484 3168 2625 3222 The·

1467 3240 1655 3294 bani.“
1730 3239 1800 3294 cf.
1840 3239 2003 3294 Corn.
2047 3239 2185 3309 Nep.
2228 3240 2403 3294 Alcib.
2453 3243 2536 3308 11,
2574 3243 2624 3293 3.

1467 3311 1668 3380 Epam.
1708 3313 1758 3378 5,
1796 3313 1846 3364 2.
1905 3311 2174 3366 Boeotum
2209 3312 2500 3382 genetivus
2541 3317 2628 3366 est

1468 3381 1703 3452 pluralis
1761 3383 2001 3450 numeri,
2055 3400 2169 3437 uon
2223 3399 2404 3438 accus.
2461 3384 2625 3455 sing,

1470 3454 1620 3523 quod
1657 3454 1754 3508 alii
1790 3454 2107 3508 voluerunt.
2139 3483 2204 3494 —-
2245 3454 2460 3523 natum]
2497 3455 2626 3509 Ale-

1470 3525 1763 3580 xandrum.
1815 3555 1882 3564 -
1929 3525 2008 3579 At
2043 3523 2234 3594 neque]
2279 3525 2507 3580 Rectius
2545 3527 2626 3580 iu-

1469 3597 1623 3650 dicat
1656 3599 1944 3667 Augustus
1981 3614 2150 3667 quam
2187 3597 2533 3666 Alexander3
2587 3597 2629 3651 ii

1473 3669 1638 3733 enim,
1685 3669 1744 3722 in
1789 3685 1927 3736 quos
1969 3668 2066 3722 ille
2104 3667 2381 3723 beneficus
2421 3668 2532 3723 fuit
2569 3674 2626 3724 et

1470 3739 1679 3810 largus,
1714 3739 1872 3810 digni
1911 3745 2074 3795 erant
2103 3739 2386 3795 beneficiis
2415 3747 2472 3795 et
2503 3759 2626 3794 mu-

1469 3812 1720 3865 neribus.
1759 3840 1825 3850 —
1861 3813 2037 3866 multa
2071 3828 2192 3866 cum
2225 3811 2406 3880 laude]
2442 3812 2525 3866 ita
2564 3818 2629 3866 ut

1471 3883 1577 3936 tibi
1635 3883 1792 3938 danti
1838 3883 2019 3938 multa
2062 3883 2192 3937 iude
2239 3883 2444 3938 evadat
2490 3885 2626 3938 laus.
2659 3939 2671 3946 ,

1474 3985 1538 3994 -
1573 3953 1842 4022 Vergilius
1875 3954 2204 4024 Variusque]
2240 3955 2488 4024 Uterque
2513 3957 2622 4010 iam

1470 4030 1726 4080 mortuus
1762 4031 1912 4094 erat3
1953 4026 2224 4080 beneficia
2275 4027 2336 4080 in
2375 4033 2625 4081 mortuos

1469 4099 1614 4152 bene
1650 4098 1978 4158 laudantur;
2017 4097 2088 4153 de
2125 4097 2268 4154 vivis
2305 4099 2412 4153 hoe
2435 4099 2624 4154 dicere

1469 4169 1654 4240 pudor
1713 4170 1998 4223 vetuisset.
2095 4170 2354 4224 Ceterum
2413 4171 2622 4224 Comm.

1471 4241 1638 4308 Cruq.
1677 4240 1898 4296 scribit:
1947 4238 2124 4308 „Quia
2160 4242 2276 4295 iam
2312 4242 2400 4295 his
2437 4242 2624 4312 singu-

1471 4313 1539 4367 lis
1598 4313 1908 4366 douaverat
1961 4314 2250 4382 Augustus
2305 4313 2488 4367 decies
2542 4330 2625 4367 se-

1471 4384 1784 4439 stertium.“
1857 4382 2002 4438 Tota
2049 4388 2236 4438 autem
2287 4383 2492 4439 Aeneis
2542 4385 2625 4438 iu-

1472 4455 1737 4510 lustrav‘it
1785 4454 2006 4508 laudem
2051 4455 2228 4510 Iuliae
2273 4456 2477 4526 gentis,
2525 4455 2626 4509 im-

1472 4527 1669 4596 primis
1738 4527 2076 4582 clarissimus
2131 4528 2283 4582 locus
2337 4529 2475 4582 Aen.
2532 4527 2626 4590 VI,

230 4605 309 4655 tes
352 4601 593 4671 simplici
639 4601 859 4656 ratione
896 4603 1096 4654 contra
1130 4600 1383 4654 carmina
1478 4601 1584 4652 883
1639 4615 1759 4667 sqq.
1849 4595 2051 4654 Varius
2108 4600 2508 4670 panegyricum
2569 4600 2628 4653 in

326 4723 551 4764 nor-uun
584 4701 659 4766 οὰ.
685 4721 1023 4774 nmmum-get
1051 4722 1126 4763 ed.
1154 4721 1256 4764 vn.

2157 4699 2225 4754 38
