3092 5059
1052 263 1215 331 LIB.
1259 265 1346 329 II.
1392 263 1661 330 EPIST.
1707 265 1758 330 Ι.

2486 261 2609 328 587

314 453 702 530 Tellurem
759 476 1021 550 poree,
1074 451 1467 528 Silvanum
1521 449 1721 526 lacte
1771 449 2110 546 piabant,

311 578 672 653 Floribus
725 589 800 651 et
851 577 1030 652 vino
1079 575 1416 653 Genium
1459 601 1882 652 memorem
1937 576 2192 651 brevis
2244 576 2439 652 aevi.

215 739 290 778 ιω
312 702 789 779 Fescennina
841 728 981 797 per
1033 700 1239 776 hunc
1287 701 1599 776 inventa
1648 700 1959 776 licentia
2003 725 2295 777 morem

312 827 678 904 Versibus
729 827 1044 902 alternis
1097 827 1520 926 opprobria
1568 827 1857 902 rustica
1906 826 2131 922 fudit,

310 951 814 1052 Libertasque
857 965 1339 1028 recurrentes
1390 965 1703 1050 accepta
1756 978 1896 1047 per
1946 975 2187 1026 annos

316 1077 534 1152 Lusit
583 1077 1036 1172 amabiliter,
1093 1077 1342 1154 donec
1394 1078 1549 1154 iam
1606 1103 1877 1153 saevus
1928 1091 2275 1178 apertam

314 1201 408 1276 In
460 1203 758 1278 rabiem
809 1203 1064 1299 coepit
1118 1203 1316 1277 verti
1363 1203 1575 1278 iocus
1628 1214 1703 1278 et
1750 1227 1891 1300 per
1942 1203 2295 1278 honestas

211 1367 288 1407 ιω
312 1329 442 1404 Ire
495 1329 767 1404 domos
817 1329 1134 1430 impune
1191 1331 1470 1404 minax,

1575 1329 1911 1404 Doluere
1964 1341 2277 1403 cruento

314 1458 560 1532 Dente
610 1456 965 1550 lacessiti,
1025 1455 1176 1530 fuit
1223 1454 1530 1530 intactis
1586 1477 1896 1552 quoque
1948 1478 2132 1528 cura

315 1580 794 1658 Condicione
843 1607 1078 1680 super
1129 1580 1537 1676 communi,
1594 1581 1785 1679 quin
1836 1581 2067 1656 etiam
2117 1581 2242 1656 lex

317 1709 730 1805 Poenaque
769 1706 944 1802 lata,
999 1707 1205 1782 malo
1254 1732 1452 1814 quae
1488 1705 1733 1780 nollet
1770 1707 2109 1782 carmine
2148 1730 2617 1805 quemquam

313 1832 701 1927 Describi3
753 1843 1051 1907 vertere
1103 1831 1420 1908 modum
1475 1831 1897 1908 formidine
1950 1831 2173 1906 fustis

115 1993 122 2002 ·
215 1995 292 2034 ιω
319 1957 446 2032 Ad
501 1959 699 2032 bene
753 1954 1165 2038 dicendum
1219 1956 1915 2056 delectandumque
1964 1957 2280 2032 redacti.

322 2083 648 2162 Graecia
699 2093 921 2176 capta
971 2081 1224 2157 ferum
1274 2082 1649 2157 victorem
1702 2082 1908 2180 cepit
1956 2095 2035 2157 et
2082 2095 2283 2157 artes

317 2209 589 2284 Intulit
639 2206 924 2304 agresti
975 2205 1238 2284 Latio:
1292 2205 1403 2282 sic
1446 2206 1806 2282 horridus
1858 2206 1993 2283 ille

313 2335 652 2410 Defluxit
703 2359 1066 2408 numerus
1121 2333 1519 2408 Saturnius
1568 2345 1643 2406 et
1700 2356 1939 2430 grave
1990 2332 2200 2406 virus

207 2543 437 2598 icienda
472 2542 642 2596 lectio
693 2546 779 2596 est
822 2557 1044 2612 operum
1089 2547 1138 2594 et

211 2645 276 2654 —
316 2613 576 2684 piabant]
605 2614 881 2684 propitios
906 2613 1018 2667 sibi
1042 2613 1369 2667 reddebant.

209 2687 298 2741 De
336 2685 565 2740 Silvano
603 2686 730 2740 vide
768 2685 948 2754 Epod.
974 2687 1026 2748 2,
1058 2687 1143 2737 22.
1172 2713 1238 2723 -
1267 2683 1369 2738 Ge-

205 2757 390 2828 nium]
426 2757 608 2826 Epist.
628 2756 699 2821 II,
725 2758 776 2818 2,
810 2758 926 2810 187.
967 2755 1144 2811 Genio
1168 2755 1368 2810 tribui-

207 2836 308 2884 tur
343 2829 615 2883 memoria
652 2828 840 2883 brevis
884 2829 1025 2895 aevi,
1063 2845 1206 2896 quae
1241 2843 1370 2897 pro-

207 2903 342 2972 pria
375 2905 462 2955 est
497 2900 738 2968 homini3
782 2899 879 2954 sed
917 2899 1140 2968 Genius,
1174 2915 1367 2969 perpe-

206 2980 344 3028 tuus
397 2972 640 3026 hominis
705 2989 903 3039 comes,
963 2972 1059 3042 qui
1113 2971 1369 3042 gignitur

209 3063 342 3101 cum
379 3044 605 3098 homine
644 3048 702 3097 et
733 3044 990 3110 moritur,
1030 3043 1264 3098 eandem
1289 3043 1370 3096 vi·

205 3123 304 3171 tae
341 3115 734 3184 producendae
771 3131 964 3169 curam
989 3114 1162 3169 habet
1201 3131 1372 3185 quam

209 3189 399 3242 homo.
429 3187 714 3240 Censorin.
735 3187 793 3240 3:
833 3185 1078 3254 „Genius
1103 3188 1186 3240 ita
1209 3186 1372 3240 nobis

209 3259 468 3314 assiduus
530 3259 857 3312 observator
922 3259 1209 3326 appositus
1271 3262 1371 3321 est,

209 3336 278 3385 ut
311 3347 382 3384 ne
427 3337 638 3398 puncto
678 3330 904 3398 quidem
942 3331 1210 3399 temporis
1247 3330 1372 3382 lon-

206 3403 340 3473 gius
387 3401 669 3466 abscedat,
713 3401 810 3456 sed
857 3401 928 3454 ab
965 3405 1128 3455 utero
1173 3401 1371 3454 matris

209 3477 476 3542 exceptos
525 3474 597 3528 ad
645 3478 956 3527 extremum
1013 3473 1164 3527 vitae
1223 3473 1372 3526 diem

210 3546 570 3601 comitetur.“

287 3616 353 3669 V.
396 3617 516 3670 145.
577 3614 943 3685 Fescennina]
991 3614 1062 3669 cf.
1101 3615 1254 3669 Serv.
1301 3614 1372 3668 ad

213 3690 384 3771 Vel-g.
435 3689 574 3742 Aen.
615 3687 732 3744 VII.
769 3690 900 3740 695:
977 3686 1370 3754 „Fescennium

211 3759 488 3830 oppidum
535 3764 619 3814 est
665 3759 946 3824 (Etruriae
991 3775 1172 3827 prope
1207 3757 1370 3812 Tibe·

209 3831 372 3898 rim).
450 3830 546 3884 ubi
607 3831 887 3900 nuptialia
951 3830 1180 3884 inventa
1241 3833 1372 3882 sunt

209 3902 517 3959 carmina.“
565 3903 634 3956 οἳ.
679 3903 802 3956 Liv.
843 3901 962 3968 VII,
1001 3903 1053 3969 2,
1097 3905 1148 3953 7.
1226 3900 1368 3954 ΡΙίιι.

207 3976 280 4029 N.
319 3973 388 4028 H.
422 3972 520 4041 111,
545 3978 578 4027 5
615 3974 814 4026 urbem
849 3974 1106 4027 nominat
1143 3971 1365 4027 Fescen-

207 4047 379 4100 nium.
443 4045 630 4100 Senec.
669 4045 814 4100 Mod.
861 4047 986 4099 10⁷:
1060 4045 1370 4112 „Concesso

207 4119 440 4171 iuvenes
491 4117 670 4170 ludite
719 4117 942 4186 iurgio“
1000 4122 1083 4170 et:
1168 4115 1372 4184 „Festa

209 4189 376 4244 dicax
424 4189 626 4243 fundat
685 4189 940 4242 convicia
993 4187 1366 4255 fescenninus,

209 4261 396 4315 solvat
441 4261 613 4314 turba
659 4260 833 4328 iocos;
891 4260 1083 4313 tacitis
1129 4263 1222 4313 eat
1269 4260 1370 4313 illa

209 4332 478 4397 tenebris,
515 4332 562 4384 si
602 4349 713 4400 qna
747 4331 1046 4400 peregrino
1083 4330 1250 4384 nubit
1285 4331 1368 4384 fu-

208 4405 394 4474 gitiva
417 4403 680 4457 marit0.“
716 4402 928 4456 Lucan.
953 4401 1026 4464 11,
1051 4401 1180 4454 368:
1223 4419 1368 4468 „non

209 4476 364 4529 soliti
403 4475 590 4529 lusore
639 4475 780 4528 sales
831 4491 934 4528 nec
969 4491 1124 4527 more
1162 4473 1368 4528 Sabino

211 4547 456 4616 Excepit
499 4546 680 4602 tristis
725 4546 978 4600 convicia
1018 4545 1162 4599 fosta
1205 4545 1372 4599 mari·

218 4621 368 4674 tus.“
442 4621 652 4674 Annon.
703 4617 858 4672 Cent.
907 4621 1066 4686 nupt.
1115 4617 1214 4687 (id.
1259 4619 1370 4687 18):

1173 2541 1376 2610 pueris.
1476 2540 1861 2608 „fescenninos
1895 2543 2051 2595 amat
2078 2539 2374 2594 celebritas
2400 2539 2621 2609 nuptia-

1465 2613 1536 2665 lis
1573 2613 1987 2682 verborumque
2034 2612 2407 2682 petulantiam
2454 2616 2621 2666 notus

1463 2689 1657 2738 vetere
1732 2684 1994 2738 instituto
2068 2684 2234 2737 ludus
2312 2683 2620 2737 admittit.“

1463 2755 1581 2809 Alii
1616 2772 1808 2808 versus
1856 2772 1967 2808 non
2014 2755 2086 2810 ab
2122 2755 2223 2809 illa
2260 2755 2400 2809 urbe
2437 2754 2620 2810 dictos

1461 2831 1683 2896 putant,
1725 2827 1823 2880 sed
1872 2845 1905 2882 a
1950 2845 2040 2882 vv.
2091 2827 2358 2892 fascinus,
2390 2827 2617 2896 praefi-s-

1461 2899 1593 2966 cini,
1638 2903 1974 2965 βασκαίνειν,
2021 2904 2086 2953 ut
2128 2899 2245 2952 sint
2290 2915 2483 2952 versus
2538 2897 2619 2952 fa-

1463 2970 1625 3038 scini,
1665 2970 1700 3023 i.
1722 2988 1768 3024 e.
1790 2970 2099 3025 invidiosae
2136 2971 2407 3024 orationis
2444 2971 2617 3039 pleni,

1461 3057 1726 3112 procaces
1760 3047 1817 3095 et
1854 3042 2187 3096 licentiores.
2226 3071 2293 3080 --
2340 3057 2618 3097 renuncu-

1462 3113 1563 3183 tes]
1602 3113 1903 3182 quotannis
1949 3119 2132 3196 grata.
2168 3143 2238 3152 —
2274 3112 2505 3182 rabian]
2544 3114 2615 3168 cf.

1464 3188 1532 3238 A.
1581 3185 1643 3238 P.
1696 3187 1783 3238 79.
1834 3213 1899 3224 -
1947 3201 2171 3253 smpune
2218 3185 2435 3254 minax]
2482 3184 2618 3256 legi-

1466 3256 1570 3310 bus
1624 3256 1695 3310 de
1752 3257 1915 3310 malis
1973 3257 2314 3310 carminibus
2372 3256 2620 3311 nondum

1466 3328 1805 3382 constitutis.
1846 3357 1911 3366 ——
1950 3328 2106 3382 dente
2167 3329 2235 3382 ef.
2260 3327 2439 3396 Epist.
2468 3327 2513 3398 1,
2538 3329 2620 3394 18,

1465 3401 1554 3452 82.
1594 3429 1659 3438 --
1700 3400 1838 3454 malo
1872 3400 2111 3454 camnine
2182 3399 2295 3453 Sat.
2336 3398 2407 3464 ΙΙ,
2446 3401 2495 3462 1,
2531 3401 2618 3453 82.

1463 3499 1536 3510 -·
1576 3470 1833 3540 describi]
1868 3474 2383 3541 χαρακτηρίζεσθαι.
2422 3469 2537 3524 Sat.
2576 3471 2619 3537 Ι,

1463 3545 1515 3609 4,
1578 3541 1625 3596 3.
1685 3569 1753 3582 -
1808 3549 2012 3596 vertere
2068 3541 2305 3611 modum]
2366 3542 2495 3595 vide
2550 3542 2621 3596 ad

1467 3615 1651 3668 Carm.
1678 3613 1778 3679 ΠΙ,
1814 3615 1902 3682 80,
1946 3615 2025 3667 14.
2068 3643 2133 3652 --
2169 3612 2363 3682 fustis]
2404 3613 2619 3666 intelle-

1464 3685 1706 3756 gendum
1755 3685 1822 3739 de
1870 3685 2146 3754 supplicio
2205 3685 2500 3751 fustuari0‚
2556 3690 2621 3738 ut

1464 3757 1588 3810 Liv.
1614 3756 1680 3823 V,
1713 3755 1745 3806 6
1770 3760 1911 3810 extr.
1956 3757 2069 3810 Cfr.
2096 3756 2213 3810 Sat.
2252 3756 2323 3822 ΙΙ,
2366 3760 2411 3817 1,
2449 3757 2519 3808 82
2538 3773 2619 3826 sq.

1465 3829 1577 3883 Cic.
1616 3828 1777 3882 Tusc.
1816 3827 1909 3888 lv,
1953 3829 2001 3880 2.
2045 3859 2110 3868 -
2152 3827 2382 3882 Graecia
2430 3827 2619 3896 capta]

1465 3899 1628 3954 Ovid.
1666 3899 1816 3953 Fast.
1856 3900 1955 3967 111,
2000 3902 2129 3953 101:
2171 3899 2469 3968 „Nondum
2506 3903 2619 3952 tra-

1464 3971 1689 4026 diderat
1719 3971 1891 4025 victas
1926 3971 2236 4025 victoribus
2276 3975 2423 4024 artes
2450 3970 2619 4024 Grae-

1464 4044 1567 4109 cia,
1615 4043 1933 4108 facundum,
1992 4044 2088 4096 sed
2136 4043 2283 4096 male
2329 4042 2478 4095 forte
2526 4059 2619 4111 ge-

1463 4115 1621 4167 nus.“
1704 4113 1931 4168 Porcius
1982 4114 2231 4168 Licinius
2280 4113 2429 4182 apud
2477 4113 2617 4168 Gell.

1463 4186 1639 4255 XVII,
1686 4187 1775 4252 21,
1822 4189 1919 4240 45:
2018 4185 2294 4253 „Poenico
2342 4183 2493 4239 bello
2538 4203 2619 4239 se-

1461 4258 1647 4312 cundo
1685 4257 1847 4311 Musa
1896 4262 2142 4326 pennato
2190 4257 2371 4328 gradu
2420 4257 2622 4311 Intulit

1463 4347 1522 4383 se
1560 4330 1885 4385 bellicosam
1928 4331 1991 4382 in
2028 4329 2248 4384 Romuli
2299 4333 2507 4397 qentem
2540 4330 2617 4394 fe-

1461 4403 1633 4455 ram.“
1684 4431 1751 4440 —
1802 4401 2017 4470 intulit]
2075 4401 2265 4454 eodem
2319 4400 2485 4454 modo
2536 4399 2619 4454 di-

1463 4478 1619 4527 ctum
1656 4491 1769 4542 quo
1806 4473 2069 4526 dicebant
2092 4489 2267 4539 arma,
2306 4472 2497 4526 bellum
2532 4472 2617 4525 in·

1460 4547 1622 4614 fers-e.
1663 4574 1729 4584 —
1770 4543 2087 4614 Saturnius]
2124 4543 2323 4598 Festus
2360 4561 2400 4598 s.
2438 4561 2492 4596 v.
2518 4542 2615 4598 Sa-

1463 4618 1715 4672 turnius:
1791 4615 2031 4684 „Versus
2068 4615 2461 4686 antiquissimi,
2499 4617 2619 4688 qui·
