3092 5059
532 215 657 281 530

1423 215 2036 284 EPISTULARUM

550 431 602 473 ss
637 400 1084 478 Immoritur
1135 404 1405 480 studiis
1460 417 1535 480 et
1587 430 1850 480 amore
1897 402 2222 480 senescit
2272 399 2632 477 habendi.

634 527 923 602 Verum
978 528 1114 604 ubi
1167 556 1347 606 oves
1400 531 1631 626 fui-te,
1687 530 1962 604 morbo
2013 528 2321 626 periere
2365 524 2726 625 capellae,

635 652 866 752 Spem
918 655 1235 730 mentita
1284 679 1524 752 seges,
1588 656 1724 730 bos
1776 669 1891 729 est
1943 667 2250 729 enectus
2294 651 2612 746 arande,

636 775 991 853 Offensus
1045 778 1344 853 damnis
1398 779 1652 854 media
1706 779 1806 855 de
1855 791 2083 854 nocte
2134 777 2520 853 caballum

634 901 933 1000 Arripit
982 905 1372 1005 iratusque
1432 905 1772 1006 Philippi
1821 904 2068 980 tendit
2119 903 2220 979 ad
2274 902 2525 979 aedes.

552 1063 603 1102 oo
640 1027 883 1120 Quem
926 1029 1151 1103 simul
1195 1031 1499 1127 aspexit
1544 1031 1897 1104 scabrum
1931 1030 2476 1127 intonsumque
2501 1026 2887 1124 Philippus,

636 1150 1008 1252 „Durus,“
1064 1156 1193 1250 ait,
1250 1155 1577 1251 ,‚Vultei‚
1634 1154 1865 1229 nimis
1915 1165 2396 1252 attentusque
2445 1152 2726 1228 videris

633 1280 819 1356 Esse
863 1274 1127 1354 mihi.“

1232 1279 1425 1376 „Pol
1476 1305 1602 1354 me
1653 1279 2040 1374 miserum,
2094 1291 2440 1377 patrone,
2489 1302 2792 1354 vocares

638 1404 721 1480 Si
771 1403 1087 1501 velles,“
1140 1405 1414 1506 inquit,
1473 1429 1790 1500 „verum
1847 1403 2037 1478 mihi
2089 1427 2378 1501 ponere
2427 1428 2732 1478 nomen.

639 1529 867 1625 Quod
921 1543 999 1606 te
1044 1557 1184 1631 per
1236 1529 1568 1607 Genium
1625 1529 2130 1629 dextramque
2181 1528 2524 1627 deosque
2577 1527 2868 1602 Penates

556 1691 605 1732 ss
644 1655 987 1733 Obsecro
1042 1669 1117 1730 et
1166 1657 1528 1751 obtestor,
1585 1656 1790 1732 vitae
1839 1679 1966 1730 me
2016 1653 2260 1730 redde
2309 1647 2632 1755 priori.“

641 1779 792 1872 Qui
844 1777 1079 1854 semel
1132 1780 1449 1878 aspexit,
1505 1793 1873 1878 quantum
1927 1778 2245 1854 dimissa
2293 1778 2550 1878 petitis

636 1905 1057 1998 Praestent,
1112 1917 1407 1980 mature
1458 1905 1724 1980 redeat
1775 1917 2226 2005 repetatque
2274 1905 2568 1980 relicta.

635 2029 900 2104 Metiri
950 2054 1031 2105 se
1084 2054 1468 2128 quemque
1522 2056 1660 2106 suo
1715 2030 2029 2106 modulo
2085 2057 2174 2105 ac
2223 2031 2426 2127 pede
2475 2055 2744 2106 verum
2791 2041 2894 2103 est

1637 2243 1836 2252 ————

1368 2378 1825 2463 Ems'rnm
1888 2378 2100 2466 VIII.

640 2541 866 2620 Celso
924 2543 1262 2642 gaudere
1316 2557 1393 2619 et
1444 2546 1640 2619 bene
1692 2571 1851 2619 rem
1909 2569 2178 2641 gerere
2235 2541 2726 2619 ‘Albinovano

638 2669 861 2744 Musa
914 2683 1185 2768 rogata
1236 2671 1463 2765 refer,
1520 2671 1781 2746 comiti
1833 2671 2287 2768 scribaeque
2339 2668 2694 2744 Neronis.

541 2935 675 2972 ιιιιιιι
711 2917 811 2980 IX,
848 2921 897 2983 3,
934 2921 1032 2986 ¹73;
1072 2919 1329 3003 „immori
1366 2920 1688 2990 legationif‘

544 3019 611 3028 —
636 2990 881 3058 senescit]
910 2991 1220 3053 macrescit,
1244 2987 1468 3055 τήκεται.
1506 2991 1596 3060 ΕΡ
1600 2991 1686 3046 ist.

543 3060 614 3126 11,
672 3062 722 3124 2,
778 3059 865 3115 82.
914 3091 978 3100 -
1022 3063 1190 3132 seyes]
1238 3063 1308 3118 cf.
1360 3009 1689 3120 Carm.p.111

546 3134 593 3196 1,
626 3134 711 3186 30.
756 3160 823 3171 -
869 3139 1087 3188 enectus
1130 3134 1362 3202 arando]
1420 3134 1564 3188 Prae
1608 3135 1691 3187 ni·

542 3203 655 3258 mio
712 3203 901 3258 labore
946 3205 1193 3260 concidit
1241 3206 1369 3275 bos3
1424 3207 1692 3260 nimirum

538 3274 720 3328 bonus
768 3275 1023 3330 Vulteius
1081 3277 1354 3332 urbanam
1408 3295 1564 3332 suam
1609 3295 1690 3331 se-

540 3346 840 3400 dulitatem
875 3345 951 3416 (v.
984 3349 1071 3402 65.
1108 3351 1197 3417 71)
1234 3367 1329 3402 rus
1366 3349 1537 3404 etiam
1563 3365 1692 3403 con-

540 3417 735 3472 tulisse
768 3418 1007 3479 videtur.
1044 3425 1109 3473 ut
1161 3437 1326 3489 quem
1362 3421 1479 3490 ipse
1516 3421 1690 3476 liben-

542 3493 631 3543 ter
700 3491 1007 3560 susciperet
1090 3510 1357 3563 magnum
1440 3493 1692 3548 laborem

542 3561 715 3615 etiam
760 3562 941 3617 bubus
996 3563 1325 3633 imponeret.
1399 3564 1692 3633 Imperitia

542 3633 721 3704 igitur
767 3633 878 3689 fuit
914 3651 1026 3704 qua
1065 3637 1332 3705 peccavit,
1370 3653 1481 3690 non
1518 3636 1694 3691 nimia

543 3703 942 3773 cupiditas.-—
979 3707 1266 3777 caballum]
1305 3707 1484 3776 Epist.
1521 3708 1564 3771 I,
1609 3709 1690 3767 14,

542 3777 754 3836 43.18.
802 3779 891 3832 36.
984 3777 1690 3840 Sat1659.-—am·

536 3847 651 3916 pit]
712 3847 834 3903 Hoc
893 3850 1127 3904 verbum
1179 3857 1238 3905 et
1298 3868 1439 3919 quae
1498 3851 1692 3905 addita

542 3925 673 3973 sunt
716 3919 897 3976 modia
940 3921 1007 3975 de
1059 3928 1229 3987 nocte,
1280 3939 1449 3990 quam
1504 3922 1691 3976 subito

542 3990 835 4045 fastidium
890 3994 1103 4061 ceperit
1145 3993 1430 4048 Vulteium
1481 3995 1554 4049 ad
1599 3993 1691 4048 de·

542 4066 939 4132 speratumque
966 4065 1261 4120 consilium
1298 4065 1575 4120 abiciendi
1615 4066 1692 4121 la·

542 4133 695 4188 boris
756 4134 1026 4205 adegerit,
1088 4154 1219 4206 egre
1280 4155 1311 4192 e
1372 4136 1692 4192 ostendunt.

542 4233 614 4246 --
646 4205 915 4275 scabrum]
966 4207 1179 4261 Indicia
1220 4155 1359 4263 {Tace
1402 4214 1535 4263 sunt
1579 4227 1693 4263 non

544 4277 789 4330 rusticae
858 4279 957 4332 sed
1040 4279 1307 4334 tristioris
1376 4281 1545 4335 vitae.
1624 4309 1690 4320 -

542 4347 741 4418 durus]
789 4348 914 4404 Huc
961 4368 1180 4419 quoque
1228 4351 1564 4407 trahendum
1601 4352 1694 4406 πί-

546 4419 667 4482 mis,
724 4436 857 4474 nam
912 4421 1056 4476 Plin.
1108 4422 1289 4491 Epist.
1351 4423 1441 4490 VI,
1489 4426 1578 4486 30,
1631 4425 1690 4476 4:

548 4487 941 4553 „Rustioorum
960 4494 1319 4561 praediorum
1335 4495 1692 4550 administra-

548 4557 628 4611 tio
674 4563 853 4628 poscit
896 4563 1100 4619 durum
1145 4567 1388 4634 aliquem
1434 4573 1490 4620 et
1534 4583 1692 4636 agre·

1783 2923 1942 2986 stem,
1975 2919 2066 2974 cui
2113 2935 2216 2974 nec
2261 2918 2421 2974 labor
2466 2918 2565 2974 ille

1783 3009 1918 3046 cura
1953 2991 2179 3045 sordida
2214 3007 2317 3046 nec
2352 2991 2536 3045 tristis
2573 2990 2807 3046 solitudo
2835 2985 2892 3040 vi-

1783 3060 2035 3117 deaturf‘
2083 3093 2144 3101 —
2183 3062 2408 3132 deosque
2433 3062 2683 3132 Ponates]
2723 3061 2823 3116 Sat.
2843 3058 2894 3114 11.

1783 3136 1994 3197 3,176.
2055 3133 2120 3187 In
2155 3133 2476 3188 obtestandi
2512 3132 2754 3188 formula
2785 3127 2894 3200 quod

1781 3206 2084 3260 relativum
2120 3211 2205 3260 est
2255 3203 2538 3260 infinitum
2575 3223 2680 3274 pro
2709 3207 2894 3284 propte

1927 3316 1942 3345 ,
1996 3281 2060 3330 ut
2115 3276 2456 3332 Graecorum
2512 3272 2545 3330 ὃ
2607 3293 2712 3346 pro
2770 3268 2892 3326 διότι.

1725 3369 1732 3384 ·
1782 3349 1952 3420 Verg.
2007 3351 2148 3403 Aen.
2201 3347 2284 3410 ΙΙ,
2349 3351 2482 3416 141;
2549 3363 2686 3402 cave
2740 3351 2892 3400 tamen

1787 3421 1980 3476 credas
2016 3387 2384 3489 supplendam
2425 3437 2546 3474 esse
2583 3420 2738 3473 illam
2769 3431 2892 3486 prae-

1783 3493 2135 3562 positionem.
2203 3519 2272 3531 ——
2333 3491 2506 3558 semel]
2577 3485 2891 3570 neglegenda

1783 3565 1890 3619 fuit
1936 3565 2276 3633 optimorum
2325 3563 2584 3617 codicum
2629 3560 2890 3640 auctorita

1785 3653 1897 3704 qua
1963 3635 2112 3704 quod
2174 3634 2576 3704 comprobatur
2625 3633 2782 3689 simul
2831 3631 2892 3682 in·

1781 3713 1972 3776 eptam
2009 3712 2068 3760 et
2109 3706 2256 3760 male
2306 3705 2613 3775 repetitum
2657 3710 2737 3760 est
2767 3719 2826 3756 ex
2851 3717 2889 3750 v-

1781 3781 1866 3833 90.
1938 3777 2046 3832 Sed
2094 3778 2550 3847 frequentissima
2595 3783 2682 3831 est
2727 3775 2888 3829 horum

1780 3850 2179 3906 vocabulorum
2207 3849 2475 3904 confusio.
2521 3849 2769 3904 Ceterum
2793 3843 2888 3898 vide

1781 3923 1854 3976 ad
1892 3921 2292 3990 Carm.1V,3,
2331 3924 2380 3976 1.

2103 3993 2231 4062 Epi
2245 3959 2384 4046 stul
2397 4010 2431 4047 a
2468 3993 2616 4048 VIII.

1856 4065 2044 4120 Celsus
2100 4063 2490 4120 Albinovanus
2538 4065 2738 4134 (Epist.
2775 4059 2812 4120 I,
2847 4058 2886 4121 3,

1787 4138 1875 4202 15)
1913 4155 1946 4191 a
1983 4136 2211 4191 Tiberio
2248 4135 2474 4192 Nerone
2523 4135 2882 4206 expeditionem

1783 4208 1844 4262 in
1880 4209 2208 4263 Armeniam
2247 4207 2490 4264 faciente
2535 4210 2596 4262 in
2647 4207 2882 4262 eohortem

1783 4286 2039 4349 receptus
2089 4286 2146 4334 et
2195 4278 2268 4335 ad
2315 4280 2638 4335 scribendas
2683 4287 2882 4333 areanu-

1783 4356 1849 4406 ut
1894 4352 2138 4418 videtur,
2188 4358 2246 4406 et
2289 4351 2570 4421 gravioris
2617 4341 2882 4432 arg-umenti

1784 4423 2004 4478 litteras
2061 4423 2345 4478 adhibitus
2399 4441 2470 4478 ex
2524 4422 2778 4478 Armenia
2817 4411 2880 4468 vel

1787 4511 1856 4548 ex
1927 4495 2129 4549 itinere
2203 4493 2505 4550 Horatium
2575 4491 2877 4550 salutaverat

1787 4565 2108 4635 Respondet
2141 4566 2410 4622 Horatius
2459 4567 2567 4622 hae
2599 4563 2813 4640 epistula
2837 4559 2876 4610 0²

2609 2917 2788 2990 gravis
2819 2931 2893 2969 nec
2986 2947 2987 2962 ι

2981 3831 2983 3852 ι

2981 3853 2983 3890 l

2981 3963 2983 4059 Ι
