3092 5059
346 215 472 278 256

1334 210 1797 280 CARMINUM

741 405 916 482 Non
968 406 1220 508 hydra
1261 418 1468 482 secto
1516 431 1844 504 corpore
1899 403 2195 480 firmior

749 533 977 608 Vinci
1029 531 1422 608 dolentem
1475 532 1719 607 crevit
1764 531 1848 605 in
1894 528 2343 624 Herculem,

847 659 1374 733 Monstrumve
1425 658 1878 732 summisere
1930 653 2209 732 Colchi

951 783 1202 858 Maius
1250 781 1765 858 Echioniaeve
1816 781 2152 857 Thebae.

667 965 718 1004 es
752 935 1044 1010 Merses
1090 932 1509 1031 profunde,
1564 931 1961 1032 pulchrior
2014 931 2311 1008 evenit:

753 1057 1104 1156 Luctere,
1161 1058 1404 1135 multa
1455 1071 1774 1158 proruet
1810 1059 2194 1156 integrum

864 1181 1060 1260 Cum
1117 1183 1350 1258 laude
1401 1183 1777 1258 victorem
1830 1195 2199 1280 geretque

954 1308 1264 1385 Proelia
1315 1309 1773 1406 coniugibus
1826 1305 2246 1406 loquenda.

751 1457 1226 1557 Karthagini
1270 1459 1426 1534 iam
1475 1484 1633 1533 non
1686 1483 1833 1556 ego
1884 1458 2193 1533 nuntios

673 1615 724 1654 το
761 1584 1060 1660 Mittam
1113 1586 1526 1684 superbos:
1578 1584 1880 1679 occidit,
1939 1583 2222 1659 occidit

857 1708 1048 1806 Spes
1103 1710 1349 1784 omnis
1399 1722 1476 1786 et
1525 1711 1841 1785 fortuna
1890 1712 2135 1786 nostri

959 1833 1310 1910 Nominis
1357 1833 1853 1910 Hasdrubale
1902 1835 2389 1931 interempto.

758 1983 888 2058 Nil
941 1983 1314 2063 Claudiae
1363 2011 1522 2060 non
1576 1985 1982 2084 perficiunt
2032 2009 2325 2079 manus,

756 2107 963 2200 Quas
1018 2123 1092 2184 et
1145 2109 1483 2206 benigno
1535 2109 1853 2183 numine
1902 2107 2256 2208 Iuppiter

679 2267 728 2308 τις
860 2235 1230 2312 Defendit
1282 2251 1356 2312 et
1409 2263 1641 2312 curae
1695 2260 2005 2333 sagaces

963 2361 1405 2459 Expediunt
1456 2387 1597 2460 per
1638 2377 1863 2437 acuta
1912 2361 2121 2438 belli.
2212 2467 2221 2476 .

363 2559 588 2630 damna]
628 2557 736 2612 cfr.
779 2575 922 2628 quae
956 2559 1339 2613 lamentantur
1371 2557 1512 2612 Kar-

365 2631 741 2704 thaginienses
805 2630 954 2701 apud
1020 2629 1248 2684 Livium
1302 2629 1484 2684 XXIX
1499 2666 1513 2691 ‚

367 2709 416 2759 3.
453 2734 517 2745 -
557 2719 688 2773 opes
723 2701 1094 2784 animumque]
1129 2718 1243 2784 non
1277 2703 1512 2756 animos-

365 2775 684 2902 ἕῖἥιὲἒιὲἰῗ.
707 2777 1154 2916 θέοὲἕωξίξῖἴὲ
1190 2779 1514 2914 ’ἓέἕὲἓὲ

366 2919 436 2974 cf.
475 2919 626 2973 Caes.
665 2917 728 2970 B.
768 2916 832 2972 G.
871 2915 994 2985 VII,
1033 2918 1120 2969 76.
1165 2915 1333 2986 Verg.
1372 2919 1512 2970 Aen.

364 2991 463 3058 IX,
501 2991 624 3045 717.
660 2991 782 3043 764.
855 2987 982 3042 Liv.
1015 2986 1108 3054 IV,
1153 2989 1232 3042 19.
1305 2987 1514 3057 XXIII,

372 3065 456 3118 17.
492 3061 626 3115 Hor.
668 3061 849 3114 Carm.
885 3059 982 3126 lv,
1021 3061 1074 3124 2,
1111 3060 1198 3113 22.
1225 3089 1292 3100 -—·
1317 3059 1514 3130 hydra]

365 3133 638 3188 Fabulam
701 3131 772 3187 de
833 3131 1011 3199 hydra
1073 3129 1328 3186 Lernaea
1389 3131 1516 3202 lege

367 3204 519 3274 apud
573 3202 738 3258 Ovid.
794 3203 929 3257 Met.
985 3201 1095 3270 IX,
1151 3204 1220 3256 69
1263 3220 1383 3273 sqq.
1446 3231 1512 3242 -

364 3277 512 3332 vinci
547 3272 828 3344 ἀοῑεηίοηι]
867 3273 964 3343 qui
1011 3273 1120 3326 nisi
1168 3291 1371 3346 magno
1418 3275 1513 3329 do-

368 3349 486 3402 lore
520 3364 634 3400 non
669 3345 936 3414 vincitur,
975 3345 1022 3398 is
1059 3345 1306 3400 intendit
1344 3346 1515 3401 etiam

367 3437 439 3474 ne
469 3419 730 3474 vincatur
772 3417 945 3486 vires3
992 3425 1340 3488 quapropter
1389 3435 1515 3472 sore

369 3491 519 3546 inter
552 3489 852 3544 Herculem
884 3493 942 3542 et
965 3487 1203 3556 hydram
1231 3494 1516 3544 certamen

368 3563 449 3617 sic
483 3559 846 3632 significatur.
869 3589 934 3600 —
968 3559 1204 3630 firmior]
1241 3561 1516 3631 coniunge

370 3651 496 3688 cum
531 3632 698 3688 erevit
733 3649 838 3702 pro
877 3629 1108 3694 firmius,
1145 3637 1212 3686 ut
1236 3651 1290 3687 v.
1311 3635 1379 3686 58
1403 3633 1515 3700 for·

367 3706 444 3758 tis
465 3703 708 3773 pertulit.
735 3731 799 3742 —-
827 3703 1159 3773 summisere]
1207 3704 1332 3759 Viri
1368 3705 1516 3758 enim

369 3777 456 3830 illi
493 3775 700 3830 armati
737 3791 768 3828 e
805 3780 961 3829 terra
995 3781 1404 3845 provenerunt;
1437 3777 1518 3830 sio

371 3848 538 3902 tellus
577 3845 728 3917 apud
759 3845 1050 3900 Lucanum
1091 3845 1188 3916 IV,
1225 3850 1327 3902 411
1371 3865 1516 3902 sum·

371 3921 552 3973 mittit
586 3918 796 3988 pabula
830 3917 1121 3987 pascendis
1157 3919 1334 3989 equis,
1365 3918 1517 3988 apud

371 3991 699 4046 Lucretium
725 3990 770 4058 1,
796 3991 830 4044 8
857 3989 1052 4044 eadem
1086 3992 1390 4046 summittit
1419 3990 1516 4044 flo-

371 4081 478 4119 res.
503 4091 572 4102 —
597 4061 842 4115 Fabulss
862 4061 1057 4116 Cadmi
1093 4067 1152 4116 et
1185 4063 1397 4118 Iasonis
1435 4062 1517 4116 in-

372 4135 561 4262 Xssnviif
585 4131 1520 4274 {Ei‘ssssgi‘ffl'rmwlffssffldssssssffi

371 4277 675 4334 Echioniae
709 4293 780 4330 ex
814 4275 1008 4330 eodem
1041 4277 1164 4333 loco
1197 4278 1358 4333 Ovid.
1381 4277 1521 4332 Met.

373 4349 472 4412 111,
515 4351 618 4403 126
653 4348 1024 4419 intellegitur.

447 4421 512 4476 V.
548 4423 637 4476 65.
707 4419 927 4487 merses]
1000 4421 1086 4476 De
1145 4421 1253 4476 hoc
1315 4439 1522 4492 genere

377 4493 808 4548 constructionis
856 4490 987 4546 vide
1034 4492 1214 4562 Epist.
1260 4492 1304 4562 1,
1343 4495 1395 4561 6,
1433 4496 1522 4548 31.

375 4565 420 4637 1,
465 4567 546 4634 10,
583 4565 667 4622 24.
707 4565 906 4620 Altera
953 4563 1118 4619 lectio
1153 4581 1356 4621 mersus
1391 4582 1518 4634 pro·

1616 2561 1745 2628 pter
1802 2557 2241 2627 parallelismum
2319 2557 2603 2613 reicienda
2661 2561 2765 2612 est.

1616 2629 1701 2684 De
1744 2647 1807 2684 re
1844 2647 2111 2698 compara
2146 2629 2269 2684 Liv.
2304 2627 2533 2695 XXVII,
2572 2631 2657 2682 14.
2696 2659 2764 2671 --

1615 2701 1813 2769 evenit]
1852 2719 1996 2756 nove
2031 2719 2135 2772 pro
2171 2701 2407 2770 emeryit.
2438 2700 2529 2756 Sic
2561 2701 2765 2770 optimi

1616 2773 1848 2827 codices.
1899 2773 2157 2827 Alterum
2195 2773 2337 2828 exiet
2371 2772 2614 2827 hominis
2648 2789 2767 2827 esse

1616 2844 1861 2913 videtur,
1887 2845 1984 2913 qui
2011 2844 2267 2899 futurum
2292 2849 2512 2914 tempus
2532 2849 2767 2915 propter

1613 2921 1837 2984 proruet
1886 2917 2258 2971 necessarium
2306 2916 2572 2984 haberet3
2626 2933 2769 2985 quae

1618 2988 1793 3042 nimia
1830 2993 1915 3041 est
1948 2988 2265 3058 diligentia.
2302 2987 2605 3042 Praeterea
2627 2989 2771 3042 exiet

1616 3059 1903 3128 antiquior
1938 3065 2023 3114 est
2060 3061 2243 3114 forma
2279 3076 2314 3114 a
2343 3059 2505 3114 bonis
2530 3058 2767 3128 scripto·

1616 3130 1772 3184 ribus
1823 3147 1937 3185 non
2008 3138 2295 3200 usurpata.
2372 3131 2639 3185 Lehrsius
2696 3147 2766 3185 ex

1618 3201 1759 3256 coni.
1822 3203 2027 3257 eminet.
2100 3202 2250 3257 Illud
2304 3208 2493 3258 autem
2553 3203 2769 3258 evenire

1566 3309 1579 3320 ·
1616 3273 1849 3343 propria
1906 3275 2135 3330 notione
2193 3291 2324 3328 raro
2400 3273 2626 3344 quidem
2692 3274 2770 3329 le-

1616 3345 1788 3416 gitur,
1826 3345 1924 3400 sed
1972 3363 2235 3416 compara
2291 3346 2505 3400 Colum.
2541 3344 2637 3411 IV,
2677 3347 2765 3416 82,

1618 3419 1677 3471 2:
1755 3415 1937 3486 „Tota
1988 3417 2201 3472 arundo
2248 3417 2424 3472 serius
2476 3417 2769 3488 praedicto

1616 3495 1871 3559 tempore
1906 3491 2148 3544 evenit.“
2177 3519 2243 3529 —
2276 3489 2625 3560 coniugibus]
2660 3489 2772 3544 Ro-

1616 3577 1927 3629 manorum,
1948 3579 2060 3615 non
2085 3561 2660 3632 Karthaginiensium.
2703 3589 2769 3600 —

1617 3633 1845 3686 nuntios
1864 3633 2137 3701 superbos]
2159 3637 2225 3686 ut
2248 3638 2377 3702 post
2397 3632 2611 3688 cladem
2632 3633 2773 3687 Can·

1616 3703 2245 3830 lssnssfffiffiffiss‘}
2278 3703 2772 3830 ffssffxssffl’

1622 3848 1706 3899 12.
1761 3877 1825 3888 -
1886 3847 2154 3903 ozanam
2200 3793 2419 3916 ηιῗηω]
2468 3849 2538 3902 of.
2588 3815 2774 3902 earm’.

1618 3917 1692 3986 11,
1736 3920 1816 3980 12,
1853 3922 1903 3974 6.
1957 3919 2059 3987 ΙΙΙ,
2101 3921 2155 3987 3,
2190 3921 2278 3972 28.
2348 3918 2447 3982 111,
2487 3923 2540 3988 4,
2578 3921 2663 3974 72.
2703 3947 2771 3958 --

1612 3989 1929 4061 perficiunt]
1963 3991 2055 4046 Sic
2088 3995 2337 4061 praestat
2374 3993 2617 4046 scribere
2644 4007 2771 4046 cum

1621 4061 1905 4116 nonnullis
1936 4062 2113 4128 codd„
2159 4064 2307 4116 inter
2342 4081 2481 4132 quos
2518 4064 2769 4118 omnium

1621 4134 2039 4202 antiquissimus
2080 4134 2277 4190 Bland.
2314 4133 2459 4190 Nam
2494 4135 2603 4190 hoo
2637 4153 2770 4205 quo-

1622 4222 1731 4275 que
1800 4206 2201 4275 praedictionis
2274 4207 2513 4277 speeiem
2588 4208 2775 4271 habet,

1620 4279 1955 4346 praesertim
1979 4279 2039 4332 in
2063 4296 2159 4334 ore
2184 4279 2535 4348 Hannibalis,
2568 4285 2635 4334 ut
2657 4297 2771 4334 non

1623 4365 1761 4418 opus
1818 4349 1895 4403 sit
1952 4351 2133 4405 altera
2184 4352 2423 4406 lectione
2469 4351 2773 4420 perficient,

1623 4437 1789 4491 quam
1827 4421 2085 4476 Kellerus
2122 4423 2405 4478 immerito
2430 4423 2599 4477 etiam
2624 4439 2777 4476 nunc

1622 4493 1923 4563 praetulit3
1973 4493 2269 4561 perficiunt
2304 4493 2591 4563 Eckstein‚
2626 4493 2772 4547 Min·

1619 4565 1719 4633 ler,
1756 4565 1976 4620 Schiitz.
2002 4595 2069 4604 —-
2096 4571 2261 4620 acuta
2294 4565 2440 4635 bena]
2480 4564 2551 4620 cf.
2587 4565 2771 4620 Carm.
