3092 5059
1015 238 1176 305 LIB.
1221 239 1340 305 ΠΙ.
1386 238 1637 306 ΟΑΒΜ.
1682 240 1800 306 ΙΙΙ.

2490 236 2605 303 171

719 420 891 496 Non
938 422 1194 498 vultus
1244 422 1595 497 instantis
1639 424 1948 522 tyranni

819 546 1082 623 Mente
1135 548 1382 646 quatit
1431 547 1682 623 solida
1726 571 1977 646 neque
2020 544 2321 643 Auster,

565 726 590 766 5
625 694 796 770 Dux
849 696 1174 796 inquieti
1225 697 1579 773 turbidus
1632 696 1998 793 Hadriae,

619 820 691 895 N
693 845 780 895 ec
823 820 1302 897 fulminantis
1358 847 1641 921 magna
1690 848 1960 898 manus
2012 820 2253 917 Iovis;

722 942 808 1020 Si
860 946 1151 1021 fractus
1205 946 1571 1022 illabatur
1622 947 1853 1042 orbis,

820 1068 1310 1168 Impavidum
1364 1072 1645 1149 ferient
1694 1073 1983 1149 ruinae.

620 1220 791 1295 Hac
841 1233 1003 1296 arte
1042 1222 1322 1297 Pollux
1374 1236 1451 1298 et
1503 1248 1747 1319 vagus
1799 1223 2170 1299 Hercules

539 1381 590 1418 ιο
623 1345 898 1420 Enisus
950 1372 1166 1422 arces
1221 1348 1472 1445 attigit
1521 1354 1811 1444 igneae,
1971 1326 1977 1332 ⁹

721 1470 932 1562 Quos
978 1472 1178 1548 inter
1222 1471 1623 1570 Augustus
1676 1473 2127 1548 recumbens

820 1597 1219 1695 Purpureo
1273 1598 1484 1674 bibet
1534 1624 1669 1675 ore
1723 1613 2009 1673 nectar.

221 1794 1252 1935 ἓιῗέῗζέἓῗέἒὲᾝῖωῗὶἑῖῗθ
1271 1814 1370 1921 ἶιῗ

911 1906 923 1920 ·
1357 1908 1372 1935 2

225 1940 358 1991 252:
421 1938 594 2006 „Sive
653 1939 914 2007 voluptas
975 1943 1059 1992 est
1115 1938 1233 1993 sive
1288 1943 1373 1993 est

225 2012 540 2064 contrarius
580 2010 800 2064 ardor.“
831 2040 895 2049 -
925 2009 1250 2079 iubentium]
1285 2010 1374 2063 Iu-

225 2081 318 2135 bet
349 2083 616 2152 populus,
657 2084 842 2135 censet
879 2085 1117 2135 senatus.
1165 2080 1373 2135 Notan-

223 2153 318 2205 dus
355 2160 440 2208 est
491 2153 723 2207 additus
761 2152 1110 2207 accusativus
1146 2153 1373 2207 obiecti.

226 2224 289 2277 cf.
326 2222 447 2279 Sat.
486 2225 562 2293 ΙΙ,
602 2226 654 2289 3,
696 2227 814 2277 141.
853 2223 926 2290 ΙΙ,
963 2226 1012 2285 5,
1057 2226 1144 2277 70.
1191 2224 1373 2292 Epist.

225 2295 292 2363 11,
325 2298 378 2362 2,
419 2298 506 2349 63.
549 2295 682 2350 Sall.
708 2296 828 2365 lug.
856 2297 944 2362 84,
973 2298 1017 2348 1.
1059 2325 1124 2334 --
1161 2296 1374 2349 instan-

223 2367 314 2436 tis]
352 2366 459 2435 Qui
499 2368 576 2422 ab
613 2368 794 2421 altero
831 2384 1116 2435 nunquam
1141 2366 1371 2436 recedit,

225 2438 336 2493 sive
367 2444 433 2493 ut
465 2440 590 2507 ipse
623 2438 790 2493 alteri
827 2439 1090 2491 iniuriam
1126 2438 1372 2507 aliquam

225 2509 310 2563 vel
345 2512 560 2565 malum
602 2510 828 2573 inferat,
875 2509 993 2563 sive
1030 2514 1095 2563 ut
1129 2510 1368 2563 alterum

225 2582 290 2635 ad
326 2581 636 2664 ingratum
657 2581 883 2649 aliquod
921 2598 1058 2650 opus
1083 2580 1372 2649 perficien-

229 2651 354 2705 dum
390 2658 580 2723 cogat,
620 2653 669 2707 is
705 2653 916 2706 instare
953 2652 1122 2706 alteri
1147 2653 1370 2719 dicitur,

227 2728 288 2777 ut
329 2723 442 2779 Sat.
491 2725 539 2793 I,
583 2727 631 2785 1,
672 2725 790 2777 115.
863 2724 1042 2793 Epist.
1098 2724 1146 2790 I,
1183 2726 1235 2791 2,
1275 2725 1373 2791 713

227 2794 474 2850 absolute
522 2762 631 2849 'hic
680 2796 910 2865 ponitur
965 2799 1022 2849 et
1084 2795 1263 2849 Carm-
1301 2795 1372 2862 ΙΙ,

233 2868 306 2933 14,
342 2870 392 2920 3.
431 2896 498 2906 --
539 2872 715 2923 mente
751 2866 932 2935 quatit
981 2865 1182 2935 solida]
1223 2866 1374 2920 Haec

231 2954 441 3007 quoque
465 2939 774 2993 verborum
812 2938 1128 2992 coniunctio
1154 2937 1374 3005 poetica

229 3014 280 3061 et
311 3010 583 3065 audacior
620 3014 705 3065 est
740 3026 844 3078 pro
881 3014 1108 3063 mentem
1141 3008 1372 3063 solidam

229 3079 461 3135 alicuius
524 3086 761 3149 quate-e.
853 3080 1124 3134 Ablativo
1183 3084 1398 3150 autem,

229 3156 386 3218 poeta
422 3170 548 3207 eam
588 3152 722 3206 iusti
759 3156 818 3205 et
853 3153 1158 3206 constantis
1196 3151 1372 3205 homi-

231 3221 310 3275 nis
382 3230 610 3293 partem
681 3224 994 3277 accuratius
1078 3222 1373 3293 significat,

233 3310 334 3360 qua
369 3295 464 3349 ille
509 3296 728 3349 illatam
766 3295 881 3349 vim
923 3294 1110 3349 sentit.
1184 3292 1375 3348 Solida

231 3381 373 3419 mens
409 3366 724 3435 opponitur
763 3365 922 3434 quasi
966 3365 1231 3434 liquidae,
1269 3364 1374 3418 flu-

236 3439 442 3491 ctuanti
477 3438 658 3492 menti
696 3438 830 3503 eius,
872 3436 970 3505 qui
1007 3454 1134 3491 cum
1163 3440 1374 3490 certam

235 3507 574 3564 voluntatem
611 3526 726 3561 non
761 3513 1044 3577 sequatur,
1091 3507 1242 3561 omni
1283 3525 1373 3561 ex-

235 3581 418 3635 ternae
480 3580 753 3649 potestati
816 3580 1088 3633 obnoxius
1145 3583 1244 3632 est.
1305 3606 1376 3618 -

235 3648 363 3719 dux]
415 3652 486 3706 cf.
535 3652 720 3705 Carm-
765 3652 900 3717 1‚3,
945 3654 1024 3703 15.
1075 3680 1142 3689 —-
1187 3650 1374 3717 fulmi-

237 3722 434 3801 nantis]
475 3724 658 3778 Semel
694 3722 846 3791 apud
882 3721 1212 3789 Horatium3
1247 3738 1375 3791 poe-

237 3790 400 3846 ticum
434 3795 772 3849 vocabulum
817 3812 850 3846 a
895 3793 1198 3847 acrioribus
1247 3810 1372 3861 pro-

235 3878 318 3917 sae
352 3866 624 3920 orationis
663 3864 1029 3934 scriptoribus
1066 3870 1373 3933 receptum

238 3962 298 3971 -—·
335 3934 436 3991 hac
473 3938 615 4005 arte]
653 3936 710 3989 in
744 3954 942 4006 prosa:
989 3936 1093 3990 hac
1127 3936 1238 4001 via,
1272 3935 1378 3990 hac

237 4006 463 4075 ratione,
501 4026 820 4077 quanquam
859 4008 1008 4077 apud
1031 4006 1208 4061 Tacit.
1222 3976 1372 4059 ’Anu

237 4074 278 4141 Ι,
312 4077 378 4131 28
445 4080 732 4135 similiter:
794 4080 1060 4146 „Accitur
1121 4078 1374 4133 centurio

238 4145 474 4203 Clemens
500 4156 556 4205 et
592 4153 640 4205 si
677 4151 774 4205 alii
794 4120 958 4205 bonis
983 4150 1197 4205 arttbus
1222 4150 1376 4219 grati

241 4216 296 4269 in
339 4222 589 4291 vulgusf‘
661 4222 732 4277 cf.
772 4221 888 4277 Sat.
924 4222 998 4290 11,
1035 4224 1086 4289 5,
1124 4224 1178 4287 3;
1235 4220 1373 4275 levis

241 4292 498 4369 quaedam
559 4294 616 4347 in
682 4294 787 4348 hac
845 4312 976 4348 voce
1040 4262 1372 4362 significatio

243 4357 408 4416 inesse
443 4366 668 4420 videtur
703 4364 947 4419 Graecae
991 4362 1196 4433 ἀρετῆς.
1269 4364 1374 4417 Est

243 4432 381 4485 enim
419 4438 750 4504 constantia,
786 4436 984 4491 virtus.
1058 4436 1168 4490 Suo
1217 4452 1373 4489 more

245 4499 490 4561 Horatius
547 4526 581 4563 a
640 4508 887 4577 generali
942 4506 1218 4563 sententia
1271 4524 1373 4575 per

244 4574 476 4641 mythice
519 4581 772 4649 exempla
814 4580 885 4633 ad
921 4596 1078 4635 suam
1129 4596 1249 4633 rem
1293 4578 1368 4633 le·

1465 1795 1619 1849 niter
1656 1795 2033 1866 progreditur.
2092 1795 2159 1848 In
2196 1794 2397 1863 quibus
2432 1812 2614 1849 exem-

1466 1868 1577 1937 plis
1623 1868 2003 1922 memorabilis
2052 1871 2136 1921 est
2172 1866 2445 1936 quaedam
2486 1884 2615 1935 poe-

1466 1943 1559 1992 tae
1614 1939 1952 2007 constantia3
2010 1938 2205 1993 eadem
2258 1938 2406 1992 enim
2460 1956 2614 2007 repe-

1467 2011 1577 2065 ries
1617 2010 1797 2065 Carm.
1836 2010 1931 2073 IV,
1978 2012 2013 2064 8
2050 2014 2192 2065 extr.
2231 2013 2289 2063 et
2322 2009 2503 2078 Epist.
2540 2010 2611 2075 Π,

1475 2085 1520 2149 1,
1560 2084 1608 2134 5.
1658 2112 1725 2121 --
1777 2082 1978 2150 enisus]
2014 2081 2213 2135 melius
2254 2098 2417 2149 quam
2466 2080 2617 2149 quod

1469 2153 1642 2207 etiam
1678 2158 1763 2207 est
1801 2154 1859 2206 in
1902 2153 2061 2207 codd.
2104 2153 2357 2220 innisus3
2404 2153 2501 2221 qui
2538 2153 2614 2206 al-

1469 2224 1617 2278 tiora
1673 2230 1892 2293 petunt,
1948 2226 2255 2279 enituntur.
2331 2222 2400 2277 cf.
2450 2223 2615 2293 Verg.

1468 2294 1668 2366 Georg.
1698 2296 1769 2364 ΙΙ,
1795 2298 1917 2350 360.
1949 2325 2013 2334 -
2054 2295 2198 2365 Quos
2236 2295 2403 2363 inter]
2439 2294 2611 2348 Voca-

1466 2367 1728 2421 bulorum
1766 2368 2008 2421 reversio
2038 2366 2342 2436 praepositi
2376 2367 2617 2420 nominis

1467 2440 1756 2492 notionem
1790 2444 1847 2493 et
1882 2438 2219 2508 gravitatem
2247 2442 2432 2507 auget,
2456 2454 2615 2506 prae-

1466 2510 1733 2579 positioni
1772 2527 1914 2578 quae
1950 2509 2350 2579 coniungendis
2377 2509 2614 2563 notioni-

1467 2581 1572 2635 bus
1610 2582 1915 2636 inserviens
1952 2582 2073 2650 ipsa
2105 2581 2333 2635 notione
2359 2586 2513 2635 caret
2534 2581 2616 2633 ni-

1468 2652 1639 2706 miam
1678 2654 1793 2705 vim
1830 2652 2097 2720 detrahit,
2136 2652 2447 2706 orationem
2490 2668 2615 2706 con-

1467 2724 1773 2778 cinniorem
1781 2724 2199 2794 gratioremque
2213 2723 2416 2791 reddit,
2427 2723 2619 2791 rhyth-

1465 2813 1621 2849 mum
1662 2813 1925 2850 versuum
1964 2796 2210 2849 adiuvat.
2250 2794 2319 2849 cf.
2354 2794 2539 2864 Epod.
2564 2797 2616 2863 2,

1467 2869 1555 2920 38.
1619 2869 1669 2933 7,
1710 2869 1759 2920 3.
1813 2869 1895 2930 12,
1932 2869 2019 2920 23.
2077 2868 2158 2934 16,
2196 2868 2282 2919 40.
2330 2865 2445 2919 Sat.
2482 2865 2527 2934 I,
2568 2869 2616 2927 1,

1469 2940 1556 2992 47.
1602 2938 1646 3005 Ι,
1685 2940 1735 2992 3.
1773 2940 1857 2992 53.
1896 2938 1980 2991 60.
2020 2939 2105 2991 68.
2146 2940 2265 2991 100.
2323 2937 2504 3007 Epist.
2542 2937 2614 3003 Π,

1471 3010 1518 3076 1,
1557 3010 1646 3061 43.
1686 3038 1751 3048 —
1789 3010 2093 3064 recumbens
2154 3009 2223 3063 cf.
2260 3009 2441 3077 Epist.
2478 3009 2525 3077 1,
2566 3012 2616 3077 5,

1473 3085 1517 3133 1.
1558 3110 1624 3120 -
1670 3080 1956 3151 Purpureo
1991 3096 2083 3135 ore
2163 3081 2289 3134 vide
2326 3080 2399 3134 ad
2437 3080 2616 3133 Carm.

1467 3152 1561 3215 IV,
1600 3154 1647 3218 1,
1689 3153 1772 3205 10.
1812 3182 1879 3191 ——
1927 3151 2089 3220 bibet]
2129 3151 2219 3206 Sic
2254 3152 2455 3221 scripsi
2492 3168 2618 3205 cum

1467 3222 1816 3292 Peerlkamp.
1866 3224 2071 3277 Ritter.
2120 3223 2326 3277 Keller.
2366 3222 2616 3276 Gerlach.

1466 3295 1690 3349 Miiller.
1713 3295 1930 3349 Schiitz.
1956 3312 2023 3347 ex
2049 3294 2242 3349 multis
2276 3294 2617 3363 optimisque

1469 3366 1649 3433 codd„
1693 3384 1765 3420 ne
1810 3367 2003 3431 honor,
2053 3366 2149 3434 qui
2193 3369 2417 3419 mortuo
2454 3366 2616 3419 debe·

1467 3442 1644 3504 retur,
1698 3438 1828 3492 vivo
1880 3438 1990 3491 iam
2044 3438 2303 3505 daretur3
2361 3437 2421 3491 id
2469 3436 2619 3505 quod

1467 3507 1645 3575 fieret,
1702 3510 1749 3563 si
1808 3526 1933 3562 cum
1987 3507 2111 3561 aliis
2158 3509 2334 3575 codd.,
2390 3508 2619 3577 Orellio,

1469 3579 1677 3648 Haupt.
1705 3580 1945 3634 Meinek.
1968 3579 2293 3634 Ecksteinio
2324 3579 2461 3635 bibit
2488 3580 2619 3636 scri·

1468 3652 1714 3705 beretur.
1790 3651 1859 3705 cf.
1908 3651 2086 3705 Tacit.
2131 3654 2277 3705 Ann.
2324 3651 2618 3711 XV1,47.

1472 3722 1689 3790 „Deum
1726 3722 1905 3775 honor
1940 3723 2185 3806 principi
2224 3740 2338 3777 non
2364 3727 2495 3777 ante
2523 3723 2618 3777 ha-

1467 3762 1652 3861 betur,
1714 3811 1879 3893 quam
1937 3811 2103 3863 agere
2166 3794 2315 3848 inter
2371 3794 2619 3849 homines

1469 3865 1750 3919 desierit.“
1789 3865 1933 3918 Ρ11ιι.
1968 3866 2035 3919 N.
2066 3864 2137 3919 H.
2163 3865 2285 3931 VII,
2314 3868 2407 3919 45:
2448 3866 2618 3932 „deus

1471 3937 1566 3991 ille
1593 3936 1927 4006 (Augustus)
1955 3938 2278 4005 caelumque
2311 3906 2496 3991 nescio
2525 3937 2619 3991 ad-

1468 4012 1630 4076 eptus
1668 4025 1753 4061 ma
1798 4009 1843 4061 is
1884 4026 1955 4062 an
1987 4008 2273 4061 meritus.“
2308 4008 2433 4061 Tac.
2473 4010 2619 4061 Ann.

1467 4078 1561 4139 IV,
1581 4081 1679 4132 38:
1719 4119 1756 4146 ‚,
1807 4080 2014 4149 ptimos
2052 4079 2258 4149 quippe
2294 4079 2619 4133 mortalium

1467 4151 1740 4205 altissima
1786 4167 2003 4219 cupere.
2078 4150 2169 4205 Sic
2213 4150 2513 4204 Herculem
2559 4154 2617 4205 et

1465 4221 1735 4275 Liberum
1796 4222 1946 4290 apud
2004 4221 2257 4280 Graecos.
2321 4219 2617 4288 Quirinum

1470 4293 1620 4361 apud
1645 4310 1743 4346 nos
1767 4293 1933 4347 deum
1958 4310 2189 4347 numero
2220 4292 2466 4346 additos:
2506 4310 2617 4347 me·

1467 4365 1575 4417 lius
1611 4365 1945 4448 Augustum,
1984 4365 2081 4432 qui
2120 4363 2483 4432 speraveritf‘
2539 4364 2617 4419 Et

1465 4437 1753 4505 Augustus
1791 4436 1909 4505 ipse
1948 4436 2017 4495 ad
2055 4436 2345 4489 Tiberium
2392 4436 2617 4505 scripsit

1466 4505 1709 4572 (Sueten.
1734 4510 1882 4577 Aug.
1917 4506 2037 4576 71).
2082 4506 2429 4575 „benignitas
2468 4508 2617 4562 enim

1464 4596 1589 4633 mea
1636 4595 1727 4633 me
1773 4580 1844 4633 ad
1899 4578 2193 4634 caelestem
2240 4577 2481 4649 gloriam
2536 4580 2614 4634 ef-
