3092 5059
1135 245 1296 312 LIB.
1339 243 1390 312 1.
1439 242 1629 312 SAT.
1674 245 1759 312 X.

2528 243 2653 310 415

350 429 588 507 Plura
639 431 955 531 quidem
1005 433 1352 510 tollenda
1382 431 1935 532 relinquendis.
2038 429 2237 532 Age,
2292 457 2601 532 quaeso,

353 555 468 630 Tu
522 556 714 632 nihil
769 558 852 633 in
904 584 1188 658 magno
1241 558 1512 634 doctus
1564 556 2063 655 reprehendis
2119 557 2517 634 Homero?

350 679 477 756 Nil
535 682 774 757 comis
823 684 1102 781 tragici
1153 695 1396 758 mutat
1448 682 1791 758 Lucilius
1842 683 2067 758 Atti?

349 806 524 883 Non
569 806 774 884 ridet
824 833 1085 884 versus
1135 808 1335 883 Enni
1386 809 1765 906 gravitate
1814 806 2177 904 minores,

266 964 317 1006 us
354 930 550 1009 Cum
606 931 704 1008 de
757 959 838 1008 se
888 932 1236 1033 loquitur
1287 959 1443 1009 non
1497 946 1581 1008 ut
1631 933 1925 1008 maiore
1974 933 2409 1033 reprensis?

355 1055 563 1148 Quid
621 1070 824 1134 vetat
877 1072 955 1133 et
1004 1070 1306 1134 nosmet
1354 1057 1607 1133 Lucili
1658 1059 1942 1157 scripta
1990 1058 2334 1156 legentes

355 1180 772 1276 Quaerere,
820 1209 1003 1258 num
1059 1182 1290 1280 illius,
1347 1209 1531 1258 num
1586 1209 1847 1260 rerum
1900 1182 2096 1260 dura
2143 1186 2448 1283 negarit

359 1306 798 1384 Versiculos
851 1322 1122 1386 natura
1167 1309 1420 1406 -magis
1467 1310 1715 1384 factos
1759 1321 1836 1385 et
1878 1322 2145 1386 euntes

355 1432 670 1507 Mollius
721 1459 810 1508 ac
857 1434 922 1508 si
975 1434 1146 1532 quis
1196 1432 1524 1532 pedibus
1578 1433 1763 1532 quid
1818 1433 2179 1510 claudere
2230 1436 2453 1533 senis,

263 1590 319 1630 ω
353 1555 532 1631 Hoc
575 1569 870 1632 tantum
917 1570 1338 1654 contentus,
1392 1569 1597 1633 amet
1646 1558 2041 1655 scripsisse
2094 1558 2462 1636 ducentos

353 1679 558 1758 Ante
611 1682 868 1758 cibum
914 1708 1202 1779 versus,
1257 1681 1581 1758 totidem
1636 1684 2001 1758 cenatus?
2052 1683 2357 1760 Etrusci

355 1806 602 1899 Quale
654 1808 802 1882 fuit
854 1805 1072 1883 Cassi
1121 1806 1398 1908 rapido
1451 1807 1875 1882 ferventius
1925 1809 2138 1883 amni

353 1932 788 2032 Ingenium,
844 1933 1091 2029 capsis
1148 1957 1375 2033 quem
1431 1934 1647 2009 fama
1696 1945 1811 2010 est
1860 1958 2027 2010 esse
2077 1933 2455 2033 librisque

351 2057 817 2134 Ambustum
865 2058 1222 2158 propriis.

1327 2057 1597 2135 Fuerit
1648 2055 2010 2155 Lucilius,
2064 2060 2404 2159 inquam,

266 2218 320 2258 es
358 2183 618 2262 Comis
674 2199 750 2261 et
789 2185 1155 2282 urbanus,
1208 2187 1448 2263 fuerit
1497 2186 1836 2262 limatior
1880 2185 2089 2262 idem

247 2404 320 2415 —
359 2373 684 2446 Mamm]
736 2376 806 2432 cf.
844 2377 918 2432 ad
957 2377 1136 2432 Carm.
1173 2377 1274 2445 111,
1315 2378 1406 2446 24,

244 2448 336 2501 55.
402 2445 518 2501 Sat.
555 2447 600 2516 1,
631 2450 682 2517 3,
719 2451 806 2503 32.
857 2478 923 2488 —
971 2448 1206 2504 tollenda
1267 2449 1405 2504 reci-

243 2517 448 2573 denda.
497 2517 566 2574 cf.
603 2518 717 2574 Sat.
755 2520 797 2589 Ι,
834 2523 886 2591 4,
930 2524 1010 2574 11.
1066 2549 1133 2558 —
1292 2521 1406 2592 tus]

243 2589 462 2645 ironice
493 2590 755 2660 positum.
795 2620 861 2630 —
897 2591 1086 2661 comis]
1123 2591 1406 2661 Lucilius;

243 2661 354 2717 cfr.
391 2681 444 2715 v.
485 2665 571 2718 65.
612 2692 684 2703 —
719 2665 871 2734 Atta]
907 2664 972 2718 1..
1010 2664 1203 2718 Attius
1239 2669 1407 2718 natus

243 2751 300 2788 a.
338 2751 392 2786 u.
431 2751 478 2788 c.
517 2736 641 2804 584,
673 2735 1094 2806 tragoediarum
1126 2736 1405 2790 nobilissi-

242 2821 374 2859 mus
432 2807 692 2876 scriptor.
803 2808 986 2878 Epist.
1061 2807 1144 2876 11,
1205 2812 1262 2876 l,
1319 2809 1405 2862 66.

243 2875 338 2930 De
372 2875 558 2933 Ennio
593 2878 726 2933 vide
762 2879 835 2933 ad
873 2880 1052 2934 Carm.
1089 2879 1184 2950 IV,
1223 2882 1274 2946 8,
1315 2880 1402 2934 20.

246 2977 320 2990 -
388 2949 658 3017 munitate
726 2951 980 3021 minores]
1057 2950 1218 3005 Enni
1289 2946 1404 3004 ἀπὸ

243 3019 436 3074 κοινοῦ
492 3021 768 3090 positum3
821 3021 972 3077 ridet
1015 3023 1166 3077 enim
1210 3037 1404 3076 versus

241 3091 452 3160 Ennii,
503 3093 600 3160 qui
643 3093 888 3150 minores
933 3095 970 3149 i.
1008 3111 1055 3148 e.
1104 3093 1404 3149 debiliores

242 3169 382 3219 sunt
435 3179 605 3232 quam
651 3163 826 3220 Ennii
880 3167 1130 3236 gravitas
1177 3166 1406 3220 videtur

242 3235 554 3305 postulare.
601 3263 672 3276 —
716 3237 922 3292 maiore
955 3237 1254 3308 repressis]
1291 3237 1403 3290 Lu·

243 3305 412 3362 cilius
471 3307 580 3362 etsi
623 3308 686 3362 in
719 3307 884 3362 Attio
933 3314 990 3363 et
1026 3307 1209 3363 Ennio
1262 3325 1404 3378 quae

242 3377 360 3432 sibi
419 3395 534 3432 non
591 3379 884 3449 placerent
940 3379 1406 3449 reprehendebat,

242 3455 442 3505 tamen
483 3467 542 3506 se
587 3451 938 3522 reprehensis
975 3451 1245 3507 maiorem
1291 3470 1406 3507 non

242 3521 620 3594 gloriabatur.
658 3523 816 3578 Idem
851 3524 872 3577 i
919 3525 1032 3578 'tur
1067 3523 1139 3578 de
1173 3541 1232 3578 se
1271 3540 1403 3593 quo·

245 3611 362 3664 que
381 3593 743 3649 iudicandum
765 3595 850 3650 ait
928 3595 1158 3650 oratius.
1185 3623 1248 3634 -
1271 3611 1405 3650 num

243 3664 427 3735 illius]
462 3666 586 3721 Hoc
630 3668 940 3737 quaeritur,
975 3671 1168 3721 utrum
1205 3667 1404 3722 carmi·

243 3735 338 3791 nis
375 3753 448 3790 an
486 3737 693 3792 Lucilii
735 3743 940 3794 natura
975 3738 1192 3794 factum
1229 3739 1304 3793 sit
1339 3741 1406 3792 ut

243 3808 556 3863 versiculos
591 3813 708 3863 tam
749 3809 918 3866 duros
957 3827 1272 3880 parumque
1305 3826 1404 3878 po·

245 3879 382 3934 litos
434 3878 650 3935 fecerit.
739 3881 896 3937 Inter
933 3899 994 3937 se
1041 3886 1406 3952 opponuntur

246 3951 397 4006 duae
430 3952 742 4020 particulae
779 3969 943 4022 ωιτη,
999 3971 1180 4024 neque
1230 3953 1289 4008 in
1334 3953 1404 4007 iis

247 4023 551 4148 qai-equam.
585 4024 746 4150 m
761 4024 1320 4151 netgistionisbutpgte
1343 4025 1404 4078 in

245 4111 591 4293 ἓῑιῷῗὲωῗ
613 4113 1168 4293 ᾱῑωέξὲὴῖῗὲωωω·
1107 4115 1208 4294 ζ’
1217 4113 1404 4223 ΜΘ
1333 4113 1404 4150 ¹²⁰

247 4253 332 4292 mo
372 4253 462 4292 ms
487 4253 650 4307 quam
671 4255 815 4305 sucos,
875 4257 980 4294 ane
1163 4257 1220 4294 m
1239 4255 1404 4308 quam

247 4323 376 4364 suos
407 4309 582 4363 simili
637 4310 860 4365 ratione
909 4257 1174 4366 diligati-vit
1209 4328 1272 4365 ac
1309 4310 1402 4366 de-

249 4380 496 4506 gaxis
513 4381 874 4508 ‘'12253‘1033
897 4381 1058 4508 Ὦ,
1095 4382 1404 4508 {aaut}

251 4527 490 4591 tantum,
523 4524 733 4594 quippe
768 4493 912 4595 qua'e
957 4523 1212 4596 proxime
1243 4541 1404 4593 prae·

252 4591 544 4650 cedentem
578 4597 918 4653 sententiam
951 4599 1232 4666 repetant,
1267 4613 1402 4665 quo·

1497 2376 1797 2433 dammodo
1833 2376 2119 2432 abundare
2142 2384 2201 2430 et
2221 2375 2374 2430 infin.
2400 2374 2652 2432 claudere

1497 2449 1571 2503 ab
1606 2449 1719 2503 adi.
1756 2453 2037 2505 contentus
2071 2464 2397 2517 suspensum
2430 2463 2548 2502 esse
2571 2448 2652 2501 in·

1498 2520 1801 2576 tellexeris.
1845 2520 2023 2576 Simul
2060 2537 2193 2574 vero
2230 2519 2405 2588 vides,
2442 2524 2652 2588 quanta

1497 2590 1585 2645 bis
1635 2591 1843 2647 additis
1889 2591 2119 2648 accedat
2161 2591 2247 2647 vis
2282 2591 2467 2646 verbis
2502 2590 2651 2658 peru-

1497 2663 1599 2718 bas
1648 2662 1784 2732 quid
1842 2663 2089 2720 claudere
2146 2663 2315 2731 sem's3
2364 2681 2495 2717 nam
2543 2662 2651 2717 hoc

1500 2734 1728 2804 quidem
1780 2735 2077 2790 minimum
2126 2739 2211 2789 est
2294 2734 2409 2790 uod
2455 2751 2653 2790 curare

1497 2806 1703 2861 debeat
1785 2811 1929 2862 oeta.
1986 2835 2052 2847 —
2112 2821 2181 2861 ac
2214 2820 2265 2860 ει
2322 2807 2359 2860 i.
2398 2823 2445 2860 e.
2485 2823 2653 2875 quam

1497 2879 1564 2933 si.
1620 2877 1690 2934 cf.
1769 2883 1844 2933 at.
1882 2878 1929 2946 Ι,
1965 2881 2019 2946 2,
2052 2879 2144 2932 21.

1573 2949 1639 3004 V.
1668 2951 1755 3004 61.
1794 2950 2027 3005 Etrusci
2049 2947 2233 3018 Cassi]
2258 2948 2525 3003 Diversus
2560 2948 2655 3004 hic

1497 3039 1532 3076 a
1579 3021 1767 3076 Cassio
1812 3021 2117 3076 Parmensi.
2208 3019 2391 3090 Epist.
2428 3019 2473 3089 Ι,
2509 3022 2564 3088 4,
2602 3022 2651 3075 B.

1496 3093 1605 3148 Hic
1646 3094 1830 3177 igitur
1872 3093 2143 3148 Etruscus
2186 3092 2469 3161 permulta
2517 3091 2651 3146 scri-

1495 3166 1629 3234 psit,
1664 3169 1750 3219 1ta
1784 3169 1851 3218 ut
1882 3163 2243 3220 festinatione
2278 3180 2455 3233 prope
2492 3163 2650 3219 arde-

1497 3241 1695 3290 sceret.
1780 3236 1901 3292 Iam
1950 3253 2075 3292 cum
2119 3235 2306 3290 nescio
2357 3251 2469 3305 quo
2520 3253 2653 3290 casu

1496 3326 1555 3363 m
1670 3323 1703 3361 a
1747 3307 1865 3363 eius
1913 3308 2187 3363 librorum
2232 3310 2293 3361 et
2327 3307 2653 3362 chartarum

1495 3397 1595 3434 mu
1616 3379 1805 3434 titudo
1856 3379 2095 3434 flammis
2145 3379 2542 3448 corriperetur,
2585 3384 2655 3434 ut

1495 3452 1619 3521 ipse
1662 3451 1911 3520 undique
1953 3450 2115 3505 libris
2150 3455 2209 3504 et
2253 3450 2386 3520 igne
2420 3450 2655 3505 circum·

1497 3528 1700 3578 ventus
1734 3523 1912 3578 vitam
1956 3539 2123 3592 aegre
2170 3525 2436 3588 servaret,
2482 3523 2653 3576 male·

1496 3595 1613 3649 voli
1672 3594 1903 3663 quidam
1971 3594 2246 3648 derisores
2309 3593 2497 3663 ipsum
2550 3610 2651 3648 suo

1497 3665 1725 3720 fervore
1762 3665 1936 3720 libros
1972 3665 2283 3720 incendisse
2306 3664 2523 3719 urbane
2556 3663 2653 3718 ad·

1494 3733 1813 3792 firmabant.
1897 3735 1955 3790 Si
2006 3736 2299 3806 pauciores
2340 3735 2463 3790 eius
2516 3735 2653 3790 fuis-

1497 3813 1623 3863 sent
1666 3808 1815 3877 libri,
1862 3808 2007 3862 nihil
2050 3807 2183 3862 inde
2237 3808 2449 3862 factum
2506 3811 2651 3861 esset

1496 3879 1753 3948 periculi.
1822 3877 1969 3934 Eam
2005 3884 2145 3949 puto
2182 3895 2300 3934 esse
2331 3879 2539 3946 famam
2580 3877 2651 3932 de

1498 3951 1687 4006 Cassio
1722 3951 2093 4036 divulgatam,
2146 3968 2257 4036 qua
2304 3953 2514 4005 certam
2550 3951 2651 4004 ali·

1495 4041 1667 4149 {³13¹ss}
1699 4021 2501 4164 .'5t”3m⁸¹{3¹.31⁰⁸§¹0122¹1'5.2‘13¹3
2534 4025 2651 4148 5:22

1495 4166 1641 4220 dunt
1656 4205 1671 4234 ,
1710 4165 1898 4220 Cassio
1944 4169 2169 4220 mortuo
2214 4165 2525 4219 decrevisse
2568 4181 2651 4220 se·

1495 4241 1719 4305 natum,
1756 4242 1822 4290 ut
1857 4237 1991 4291 libri
2028 4253 2153 4291 cum
2200 4235 2469 4290 cadavere
2504 4253 2650 4290 com·

1494 4309 1861 4376 bui-crentur,
1920 4307 2218 4363 ridiculum
2267 4312 2351 4361 est
2400 4308 2650 4379 ipsorum

1496 4397 1566 4435 ex
1602 4379 1713 4436 hoc
1737 4381 1860 4435 loco
1886 4384 2275 4435 commentum.
2326 4379 2653 4436 Ambus-itm·

1496 4453 1595 4522 qui
1630 4451 1871 4508 flammis
1906 4451 2156 4521 undique
2179 4451 2396 4506 cinctus
2431 4450 2652 4520 uritur;

1494 4541 1681 4594 neque
1716 4529 1804 4580 est
1838 4523 2216 4580 necessarium
2249 4540 2379 4578 eum
2412 4523 2545 4594 igne
2578 4523 2651 4578 si·

1495 4597 1617 4651 mul
1652 4596 1855 4666 perire,
1890 4595 1963 4651 cf.
2002 4595 2115 4652 Cic.
2133 4595 2257 4651 Mil.
2282 4597 2334 4662 5,
2358 4596 2423 4650 12
2444 4611 2511 4652 ac
2532 4613 2649 4656 sae·
