3092 5059
1095 1042 1186 1149 Q.
1259 1042 1704 1129 HORA'PII
1766 1039 2151 1127 FLAccl

605 1224 1401 1338 CARMEN
1493 1222 2616 1335 SAECULARE

990 1428 1111 1495 AD
1154 1427 1659 1496 APOLLINEM
1702 1427 1817 1493 ΕΤ
1862 1426 2220 1493 DIANAM.

1509 1616 1709 1627 ——-——

807 1752 1124 1829 Phoebe
1173 1752 1701 1851 silvarumque
1752 1762 2024 1849 potens
2074 1749 2343 1844 Diana,

809 1875 1193 1951 Lucidum
1246 1876 1441 1951 caeli
1489 1875 1747 1970 decus,
1802 1900 1846 1949 o
1903 1874 2211 1950 colendi

635 2083 918 2138 Carmen
953 2084 1326 2139 saeculare.

482 2222 804 2304 „Augustus
859 2220 1019 2277 ludos
1067 2224 1378 2277 saeculares
1423 2222 1565 2277 cele-

410 2292 601 2348 bravit
639 2310 687 2347 a.
711 2311 766 2347 ιι.
793 2310 840 2348 c.
867 2294 991 2361 737,
1032 2310 1153 2348 cum
1193 2295 1439 2363 primum
1470 2294 1565 2347 de·

410 2364 669 2419 connium
703 2365 764 2418 in
798 2364 947 2433 quod
997 2366 1418 2437 prorogandum
1455 2364 1565 2418 sibi

411 2454 444 2490 a
493 2441 692 2490 senatu
741 2435 1042 2505 imperium
1089 2442 1385 2491 curaverat
1421 2454 1470 2491 a.
1509 2454 1565 2491 ιι.

411 2526 458 2562 c.
495 2510 526 2560 7
531 2509 619 2575 27
669 2508 1054 2576 praeterisset.
1119 2526 1230 2577 qua
1273 2509 1565 2563 occasione

409 2579 601 2633 oblata
634 2580 844 2648 partim
880 2580 1247 2664 praeclarum
1277 2579 1565 2635 felicitatis

411 2650 634 2719 imperii
677 2648 916 2704 Romani
963 2668 1020 2705 se
1069 2653 1324 2721 principe
1368 2668 1565 2705 monu-

410 2726 662 2775 mentum
700 2722 938 2791 posteris
975 2740 1305 2792 proponere,
1355 2722 1565 2793 partim

410 2792 681 2848 Romanis
711 2794 892 2863 legem
929 2810 1087 2848 suam
1124 2795 1196 2849 de
1230 2794 1565 2849 maritandis

317 2896 321 2901 ,
411 2864 702 2919 ordinibus
749 2865 950 2919 sensim
1006 2867 1394 2921 commendare
1449 2869 1565 2918 stu-

412 2936 553 2990 duit.
591 2934 746 2989 Finis
785 2937 962 3007 igitur
1002 2937 1166 2991 huius
1194 2937 1565 2993 caerimoniae

411 3008 640 3063 omnino
705 3012 827 3061 erat
889 3002 1318 3068 πολιτικώτατος.
1407 3008 1564 3062 Com-

411 3084 576 3162 pacto
625 3084 814 3133 autem
867 3096 987 3133 rem
1033 3098 1159 3135 cum
1211 3079 1565 3163 Quindecim-

410 3151 550 3205 viris
598 3151 770 3205 sacris
815 3150 1090 3205 faciundis
1141 3152 1223 3206 ita
1269 3152 1446 3223 egisse
1483 3151 1565 3203 vi-

412 3221 594 3290 detur,
631 3227 698 3276 ut
734 3222 795 3275 hi
839 3239 943 3291 pro
989 3224 1107 3277 eius
1154 3224 1445 3277 voluntate
1482 3222 1566 3276 di-

413 3295 492 3348 cis
539 3310 702 3349 causa
752 3293 1018 3348 consultis
1073 3295 1232 3349 libris
1279 3294 1569 3363 Sibyllinis

413 3370 472 3419 et
507 3365 830 3434 compositis
867 3364 1106 3421 fortasse
1143 3367 1297 3419 illis
1281 3368 1416 3436 ipsis
1442 3383 1565 3420 ver-

413 3437 584 3505 sibus,
622 3454 760 3505 quos
797 3443 1092 3492 servarunt
1120 3436 1372 3508 Phlegon
1408 3436 1566 3491 Tral-

413 3508 598 3563 lianus
661 3514 720 3563 et
773 3508 1052 3577 Zosimus,
1113 3510 1566 3579 pronuntiarent,

415 3580 643 3634 ultimos
690 3580 849 3633 ludos
897 3580 1208 3635 saeculares
1257 3581 1566 3635 celebratos

415 3668 532 3707 esse
569 3669 618 3706 a.
657 3668 710 3705 u.
747 3668 795 3705 c.
833 3652 956 3721 628,
1001 3670 1110 3721 quo
1159 3652 1396 3707 fortasse
1446 3653 1567 3722 pia-

416 3723 603 3778 culum
640 3728 698 3777 et
741 3722 982 3776 lustrum
1019 3724 1248 3793 aliquod
1301 3724 1568 3778 sollemne

415 3793 610 3865 populi
637 3794 878 3849 Romani
913 3794 1128 3850 factum
1165 3801 1306 3862 erat,
1343 3812 1469 3849 cum
1505 3812 1568 3849 re

414 3884 550 3922 vera
583 3867 838 3936 proxime
869 3867 1182 3936 superiores
1219 3867 1358 3921 editi
1383 3870 1569 3921 essent

417 3956 466 3993 a.
503 3955 559 3991 ιι.
597 3956 641 3993 c.
669 3939 772 3992 605
810 3937 899 3992 vel
939 3940 1061 4006 608,
1099 3938 1458 4008 sequentibus
1495 3938 1567 4005 (a.

417 4028 473 4065 u.
513 4028 560 4064 c.
602 4011 707 4062 705
743 4007 836 4063 vel
874 4010 1002 4077 708)
1039 4027 1141 4080 per
1179 4010 1455 4065 bellorum
1493 4009 1567 4063 ci-

415 4082 615 4136 vilium
653 4080 848 4135 turbas
886 4081 1241 4137 intermissis:
1287 4082 1569 4163 saeculum

417 4158 604 4208 autem
655 4150 810 4206 finiri
858 4153 1019 4206 annis
1058 4153 1168 4221 CX,
1224 4171 1336 4222 qua
1393 4152 1450 4205 in
1507 4169 1569 4206 re

415 4225 716 4281 Etruscam
764 4223 1080 4279 doctrinam
1121 4225 1297 4279 secuti
1333 4241 1448 4278 esse
1485 4224 1567 4278 vi-

417 4296 640 4363 dentur,
695 4312 822 4350 cum
869 4297 1210 4351 consuetudo
1255 4296 1459 4350 Latina
1517 4312 1567 4349 v.

418 4368 687 4423 saeculum
739 4384 843 4437 pro
903 4369 1149 4422 centenis
1205 4368 1363 4422 annis
1409 4384 1567 4421 usur-

419 4444 594 4508 paret.
602 4438 630 4466 “
680 4436 935 4493 Orellius.
985 4440 1228 4511 Augusti
1263 4441 1416 4493 iussu
1455 4438 1567 4493 Ho-

419 4510 598 4563 ratius
643 4509 750 4563 hoc
796 4526 1020 4565 carmen
1075 4511 1221 4566 ludis
1269 4510 1568 4567 saeculari·

421 4580 523 4634 bus
567 4579 676 4634 rite
711 4581 1021 4637 canendum
1069 4584 1396 4654 composuit.
1470 4582 1566 4637 Ce-

1654 2081 2023 2136 lebrabantur
2058 2081 2179 2135 ludi
2212 2080 2397 2135 tribus
2428 2079 2687 2135 noctibus
2722 2083 2813 2133 to-

1654 2153 1941 2223 tidemque
1978 2154 2175 2207 diebus
2220 2153 2532 2220 continuis,
2580 2151 2814 2220 incipie-

1654 2226 1795 2279 bant
1830 2225 1933 2285 sub
1968 2242 2279 2308 vesperam,
2302 2220 2420 2284 Νὺξ
2456 2192 2610 2309 ἦν’ίκα
2643 2228 2816 2307 γαῖαν

1655 2297 1885 2369 ἐπέλθῃ,
1916 2292 2065 2351 ‘Hei‘
2046 2316 2127 2349 ου
2160 2291 2473 2367 κρύψαντας
2514 2291 2612 2347 ἑὸν
2646 2312 2809 2364 φαος,

1656 2374 1721 2422 ut
1776 2375 1859 2422 est
1914 2368 1975 2421 in
2035 2368 2287 2422 versibus
2344 2366 2649 2435 Sibyllinis.
2722 2365 2815 2419 Ek

1658 2440 1743 2507 iis,
1786 2456 1929 2508 quae
1966 2440 2118 2511 apud
2144 2439 2428 2493 Zosimum
2465 2437 2611 2492 Hist.
2648 2436 2815 2491 Rom.

1656 2510 1729 2577 11,
1768 2515 1801 2565 5
1838 2511 2127 2597 leguntur:
2189 2509 2450 2599 ηΗμέρᾳ
2470 2510 2533 2563 δὲ
2570 2514 2661 2577 ml
2752 2509 2817 2563 ἐν

1656 2583 1731 2651 τῷ
1761 2580 1897 2635 κατὰ
1922 2580 1983 2636 τὸ
2010 2577 2293 2637 Παλάτιον
2316 2576 2657 2640 Ἀπόλλωνος
2706 2580 2813 2667 ερῷ

1657 2659 1768 2723 τρὶς
1834 2654 1995 2709 ἐννέα
2060 2656 2257 2713 παῖδες
2314 2654 2609 2735 ἐπιφανεῖς
2670 2648 2813 2739 μετὰ

1658 2730 1959 2794 παρθένων
2004 2721 2295 2792 τοσούτων,
2350 2727 2403 2777 οἳ
2450 2720 2651 2782 πάντες
2706 2719 2812 2793 ἆμ-

1660 2800 1931 2865 φιθαλεῖς,
2006 2793 2146 2866 ὅπερ
2223 2798 2427 2880 ἐστίν,
2462 2791 2815 2883 ἀμφοτέρους

1657 2866 1780 2927 τοὺς
1814 2874 1996 2937 γονεῖς
2026 2871 2246 2951 ἔχοντες
2269 2862 2574 2954 περιόντας,
2612 2862 2815 2937 ὗανους

1657 2933 1853 3009 ᾅδουσι
1897 2941 1960 3012 τῇ
2003 2958 2060 2993 τε
2094 2936 2362 3005 Ελλήνων
2407 2943 2498 2991 καὶ
2532 2916 2815 3025 Ῥωμαίων

1656 3012 1820 3099 φωνῇ
1879 3016 1971 3063 καὶ
2027 3012 2280 3070 παιᾶιας.
2340 3010 2413 3063 δι’
2470 2994 2550 3063 ὧν
2596 3012 2655 3061 αἱ
2702 3006 2811 3061 ὑπὸ

1656 3081 1940 3153 Ῥωιιαίοις
1996 3077 2253 3146 σώζονται
2305 3077 2508 3145 πόλεις,
2518 3081 2546 3109 “
2602 3080 2814 3136 διεῖπεν

1659 3154 1869 3237 (progr.
1932 3154 2103 3208 schol.
2162 3155 2392 3208 Crucen.
2457 3152 2617 3221 1842)
2684 3168 2813 3206 con-

1658 3226 1811 3279 cludi
1847 3244 2008 3295 posse
2040 3226 2351 3281 arbitratus
2378 3228 2479 3293 est,
2514 3223 2687 3278 tertio
2720 3223 2813 3277 die

1659 3298 1717 3350 in
1743 3297 2003 3352 Palatino
2027 3298 2306 3367 Apollinis
2344 3296 2555 3364 templo
2588 3312 2813 3349 carmen

1660 3370 1941 3423 saeculare
1979 3370 2275 3423 recitatum
2314 3385 2449 3422 esse.
2492 3365 2811 3421 Dubitatio-

1658 3456 1788 3493 nem
1838 3441 2017 3495 movit
2064 3440 2359 3507 Dicentur,
2420 3456 2523 3493 nec
2576 3436 2811 3493 iniuria.

1658 3528 1788 3565 nam
1826 3512 1976 3565 idem
2016 3511 2270 3566 Zosimus
2311 3512 2381 3566 de
2407 3512 2601 3596 prima
2650 3514 2815 3563 nocte

1660 3584 1742 3637 sic
1776 3584 2025 3652 scripsit.
2068 3584 2161 3655 „15
2200 3583 2261 3636 δὲ
2302 3577 2509 3671 πρώτῃ
2523 3582 2635 3635 τῶν
2676 3586 2813 3633 θεω-

1658 3656 1793 3723 ριῶν
1830 3659 1977 3707 νυκτὶ
2015 3655 2270 3741 δευτέρας
2306 3650 2449 3724 ὥρας
2484 3652 2514 3706 ὁ
2552 3645 2812 3719 αὐτοκρά-

1657 3744 1767 3794 τωρ
1832 3727 1925 3779 ἐπὶ
1996 3744 2095 3791 την
2156 3733 2339 3797 οχθην
2408 3725 2502 3778 τοῦ
2560 3722 2816 3794 ποταμοῦ

1660 3797 1824 3866 τοιῶν
1852 3802 2427 3881 παρασκευασθέντων
2450 3795 2659 3867 βωμῶν
2674 3800 2817 3881 τρεῖς

1658 3863 1827 4027 {3:52⁶
1864 3865 2006 3994 ἵζ’
2012 3862 2817 4029 τῖἔὲᾍῶῗζιῖεῗὲἓῖἱὲξῖς

1659 4009 1949 4066 ὁλοκαυτοῖ
2010 4010 2075 4065 τὰ
2138 4007 2377 4083 θύματα.
2468 4017 2813 4064 Κατασκευα-

1664 4090 1894 4149 eostam·
1954 4084 2013 4137 δὲ
2080 4085 2281 4149 σκηνῆς
2353 4083 2512 4147 δίκην
2580 4076 2815 4169 θεάτρου

1700 4156 1822 4208 ὦτα
1858 4150 2150 4209 ἀνάπτεται
2192 4160 2281 4207 καὶ
2318 4152 2464 4222 πυρὰ
2490 4147 2632 4205 xoel’
2606 4172 2685 4223 υμ
2700 4170 2816 4211 νος

1661 4228 1901 4295 ᾳδεται
1984 4230 2234 4280 νεωστὶ
2312 4228 2815 4311 πεποιημένος,

1664 4303 1889 4367 θεωρίαι.
1925 4314 1979 4350 τε
2005 4300 2347 4369 ἱεροπρεπεῖς
2379 4290 2815 4366 ayovrm.“1am

1664 4388 1789 4426 cum
1826 4370 2198 4425 certissimum
2236 4369 2515 4436 videatur,
2552 4368 2659 4423 hoc
2698 4384 2813 4421 sae-

1664 4442 1852 4495 culare
1902 4458 2125 4495 carmen
2176 4441 2399 4495 Horatii
2456 4457 2586 4494 eum
2632 4439 2817 4507 ipsum

1660 4508 1841 4583 ὕμνον
1884 4516 2081 4566 νεωστὶ
2130 4516 2513 4584 πεποιημένον
2560 4527 2677 4565 esse
2722 4526 2817 4564 ne·

1663 4601 1771 4651 que
1836 4589 2129 4653 praeterea
2188 4586 2301 4639 alia
2358 4584 2607 4639 carmina
2672 4598 2817 4636 nove
