3092 5059
477 229 598 299 164

1395 284 1400 291 .
1442 232 1898 303 CARMINUM

970 418 1263 497 Audita
1311 421 1706 498 Musarum
1758 421 2116 499 sacerdos

1069 546 1519 645 Virginibus
1573 547 1985 646 puerisque
2039 558 2284 622 cante.

813 730 838 769 5
873 698 1170 795 Regum
1223 696 1738 772 timendorum
1794 698 1873 772 in
1927 697 2283 797 proprios
2336 721 2633 795 greges,

867 823 1114 920 Reges
1167 823 1246 897 in
1291 824 1499 920 ipsos
1556 824 1965 920 imperium
2020 835 2135 897 est
2182 821 2391 897 Iovis

971 946 1181 1025 Clari
1226 946 1614 1045 Giganteo
1669 947 2086 1048 triumph0‚

1071 1070 1370 1149 Cuncta
1425 1071 1833 1170 supercilio
1888 1073 2289 1162 moventis.

871 1222 1005 1297 Est
1052 1238 1138 1298 ut
1190 1225 1357 1299 viro
1411 1223 1531 1299 vir
1582 1223 1812 1299 latius
1864 1223 2171 1299 ordinet

791 1383 838 1419 ιο
877 1346 1216 1422 Arbusta
1266 1348 1520 1444 sulcis,
1575 1348 1702 1423 hic
1756 1348 2204 1447 generosior

969 1471 1403 1547 Descendat
1453 1474 1534 1546 in
1579 1498 1935 1570 campum
1986 1472 2291 1573 petitor,

1069 1595 1416 1670 Moribus
1469 1596 1597 1671 hic
1653 1596 2077 1694 meliorque
2124 1594 2332 1669 fama

874 1745 1330 1841 Contendat‚
1385 1745 1501 1819 illi
1551 1747 1777 1823 turba
1834 1746 2226 1821 clientium

871 1869 988 1946 Sit
1036 1870 1318 1946 maior:
1374 1895 1623 1970 aequa
1675 1872 1850 1967 lege
1898 1870 2327 1947 Necessitas

693 2035 702 2043 ·
781 2006 840 2065 ἰε
974 1994 1308 2071 Sortitur
1363 1996 1705 2093 insignes
1750 2008 1825 2071 et
1873 1994 2105 2091 imos3

1074 2118 1325 2197 Omne
1377 2146 1618 2219 capax
1667 2132 1927 2196 movet
1974 2145 2170 2195 urna
2218 2144 2524 2195 nomen.

871 2270 1285 2346 Destrictus
1340 2271 1537 2347 ensis
1593 2270 1715 2346 cui
1766 2296 1997 2371 super
2048 2266 2288 2367 impia

473 2433 798 2489 continuum
835 2433 1096 2488 timorem
1132 2451 1198 2489 ac
1234 2438 1464 2488 metum.
1513 2434 1618 2489 Fe-

473 2505 554 2559 lix
576 2506 752 2576 igitur
775 2505 822 2558 is
848 2505 999 2560 solus
1025 2509 1127 2572 est,
1165 2505 1264 2574 qui
1290 2523 1456 2574 quam
1481 2506 1621 2561 haec

473 2576 584 2630 sint
621 2593 756 2631 vera
803 2576 911 2629 sibi
946 2578 1225 2645 persuasit
1270 2576 1506 2646 ideoque
1551 2578 1621 2631 iis

473 2647 640 2702 rebus
677 2664 820 2716 quae
853 2648 1242 2703 benevolentia
1267 2648 1498 2703 deorum
1531 2666 1621 2703 ac·

473 2719 622 2788 cepit
660 2724 953 2774 contentus
989 2736 1102 2772 non
1139 2720 1361 2788 quaerit
1386 2737 1618 2791 magnas

473 2808 605 2859 opes
641 2808 945 2859 earumque
982 2791 1283 2846 molestias.
1325 2822 1390 2829 —
1432 2794 1619 2861 Argu·

473 2868 720 2917 mentum
769 2862 1030 2917 carminis
1077 2862 1227 2918 clare
1268 2864 1620 2933 propositum

473 2939 558 2988 est
595 2934 654 2987 in
695 2934 932 3002 septima
968 2934 1234 3003 stropha3
1271 2952 1383 3003 qua
1421 2952 1483 2989 re
1522 2952 1620 2989 no-

473 3022 607 3058 vum
651 3006 822 3059 etiam
871 3004 1175 3074 praebetur
1221 3006 1619 3062 documentum

473 3077 798 3142 sententiae,
810 3093 921 3143 qua
934 3076 1174 3145 primam
1191 3078 1475 3145 stropham
1494 3096 1620 3133 cum

473 3164 568 3202 sex
613 3147 953 3202 carminibus
1002 3148 1446 3218 coniungendam
1501 3167 1621 3203 esse

473 3236 641 3287 supra
696 3218 955 3273 diximus,
1028 3218 1264 3274 Resecta
1309 3220 1457 3273 enim
1514 3221 1621 3275 hac

472 3291 704 3359 stropha
755 3291 1012 3345 undecim
1071 3296 1288 3344 restant
1341 3291 1619 3360 carminis,

474 3378 710 3429 quarum
729 3379 870 3431 quae
896 3368 1287 3431 argumentum
1311 3362 1484 3416 habet
1506 3380 1633 3426 me·R

473 3432 567 3487 dia
603 3437 704 3487 est.
779 3432 940 3499 Quod
975 3450 1046 3485 ne
1087 3450 1217 3487 casu
1255 3433 1466 3488 factum
1504 3452 1618 3489 cre-

473 3504 589 3566 das,
651 3504 838 3574 cogita
899 3522 1066 3573 quam
1127 3522 1292 3573 saepe
1351 3504 1619 3559 Horatius

473 3592 603 3628 usus
652 3576 724 3629 sit
776 3575 884 3628 hoc
936 3577 1442 3644 componendorum
1497 3594 1618 3631 car·

473 3646 692 3699 minum
727 3645 983 3700 artificio.

545 3717 610 3770 V.
654 3719 698 3771 1.
754 3718 1054 3785 profanum
1106 3718 1323 3788 vulqus]
1387 3717 1617 3772 Profani

473 3793 603 3842 sunt
639 3805 750 3842 non
786 3789 998 3843 initia-ti
1036 3790 1234 3857 sacris3
1279 3791 1371 3844 hic
1407 3788 1617 3859 signifi·

475 3864 673 3914 cantur
717 3877 906 3914 omnes
965 3860 1062 3929 qui
1117 3864 1305 3929 spreta
1351 3878 1484 3915 vera
1535 3879 1617 3915 sa-

473 3932 686 4001 pientia
730 3931 938 3985 vilibus
985 3931 1198 3985 artibus
1245 3932 1422 3985 dediti
1471 3938 1615 3986 sunt.

474 4032 540 4042 -·-
592 4002 768 4069 favete
810 4001 1043 4071 linquis]
1101 4004 1190 4056 vel
1241 4004 1474 4057 tacendo
1529 4003 1620 4057 vel

472 4074 620 4129 bona
655 4073 829 4128 verba
868 4072 1121 4139 dicende,
1157 4090 1229 4127 ne
1265 4073 1400 4144 quid
1438 4074 1496 4127 in
1533 4093 1616 4129 sa-

473 4146 580 4200 cris
616 4144 886 4199 habendis
931 4144 1076 4199 male
1109 4142 1228 4199 fiat.
1302 4144 1509 4198 Tibull.
1547 4145 1618 4213 11,

474 4218 528 4284 2,
551 4218 585 4269 2
627 4217 912 4286 „quisquis
949 4216 1099 4283 ades,
1136 4217 1347 4287 lingua,
1385 4218 1474 4271 vir
1496 4235 1617 4271 mu·

473 4289 704 4356 lierque‚
746 4286 927 4342 fave.“
967 4287 1036 4341 cf.
1063 4287 1228 4359 Verg.
1265 4291 1405 4342 Aen.
1436 4288 1505 4355 V,
1531 4292 1619 4343 71.

472 4358 568 4421 VI,
594 4360 713 4411 258.
753 4388 816 4397 —
853 4358 1160 4427 viminibus
1191 4360 1499 4429 puerisque]
1537 4361 1619 4414 iu·

471 4430 689 4483 ventuti
709 4428 1010 4493 Romanae,
1038 4446 1180 4497 quae
1204 4448 1273 4483 ne
1297 4430 1357 4484 in
1387 4432 1621 4487 eandem

471 4500 792 4568 perniciem,
803 4501 862 4554 in
875 4518 1042 4569 quam
1061 4505 1249 4568 patres
1267 4500 1621 4567 decidissent,

473 4570 828 4625 delaberetur
848 4589 1014 4639 quam
1045 4572 1285 4625 maxime
1311 4574 1619 4627 cavendum

1716 2440 1856 2489 erat.
1876 2463 1943 2475 —
1968 2434 2173 2505 meyes]
2201 2432 2253 2488 R
2325 2450 2383 2487 es
2411 2431 2561 2487 enim
2582 2436 2718 2485 sunt
2746 2451 2872 2484 ποι-

1765 2510 1881 2564 sves·
1890 2507 2121 2559 λαῶν.--
2135 2506 2275 2561 clari
2350 2504 2559 2573 'qantoo
2572 2502 2873 2573 mummio]
2888 2524 2905 2535 =

1714 2525 1842 2632 §on
1858 2584 1942 2632 est
1958 2578 2123 2632 inane
2138 2576 2428 2647 epitheton
2440 2574 2679 2629 ornandi
2698 2590 2872 2629 eausa

1714 2650 2059 2719 appositum3
2116 2654 2200 2703 est
2248 2647 2438 2717 potius
2484 2646 2543 2699 in
2588 2645 2698 2700 hoc
2742 2645 2870 2701 1000

1715 2720 2123 2775 commendatio
2156 2720 2346 2788 aliqua
2380 2717 2731 2787 principatus
2750 2719 2871 2771 Au·

1714 2792 1881 2925 2²33
1903 2791 2289 2934 egisses
2317 2788 2873 2916 suffles

2106 2904 2122 2929 9

1716 2934 2051 2989 adversariis
2096 2940 2378 2989 terrarum
2426 2930 2727 3001 imperium
2780 2936 2869 2985 te-

1715 3012 1827 3060 net.
1902 3006 2063 3075 Quod
2124 3022 2301 3076 genus
2362 3002 2869 3059 commendationis

1714 3078 1934 3148 saepius
1972 3077 2123 3132 redit
2158 3078 2219 3131 in
2251 3076 2337 3129 his
2374 3092 2471 3129 sex
2502 3073 2867 3129 carminibus.

1716 3178 1781 3187 -
1837 3147 2149 3219 supercilio]
2208 3148 2279 3203 cf.
2327 3146 2491 3201 Hom.
2544 3145 2610 3199 11.
2650 3144 2696 3215 1,
2742 3146 2867 3199 528.

1715 3249 1783 3258 -
1845 3226 1925 3275 est
1983 3220 2063 3288 ut]
2122 3222 2273 3274 ἔστιν
2323 3213 2425 3286 ὅτι,
2482 3218 2633 3271 ἔστιν
2685 3212 2870 3285 ὅπως

1714 3292 1918 3347 accidit
1954 3296 2034 3345 ut.
2080 3290 2262 3360 Epist.
2299 3289 2344 3357 1,
2382 3290 2469 3357 12,
2502 3289 2553 3341 2.
2594 3317 2661 3329 —
2698 3288 2867 3343 arbu-

1712 3362 1825 3431 sta]
1863 3364 2103 3417 maxime
2137 3362 2345 3429 vineta,
2383 3359 2605 3415 etiamsi
2637 3358 2755 3413 alia
2774 3376 2865 3413 ar·

1713 3434 1910 3488 boreta
1962 3451 2073 3488 non
2130 3432 2525 3487 excluduntur.
2597 3430 2867 3485 Solebant

1714 3510 1901 3559 autem
1938 3506 2083 3559 vites
2116 3504 2229 3559 seri
2279 3504 2340 3557 in
2375 3503 2765 3572 quincuncem,
2800 3506 2867 3555 ut

1714 3583 1865 3631 certo
1904 3576 2056 3631 inter
2086 3594 2145 3631 se
2168 3576 2368 3630 ordine
2400 3574 2738 3642 exciperent.
2776 3573 2865 3627 ln-

1713 3647 1783 3701 de
1828 3648 2103 3702 ordinare.
2156 3676 2229 3687 -—
2285 3644 2608 3717 qenerosior]
2656 3662 2867 3715 genere

1711 3717 1972 3773 nobilior.
2032 3748 2097 3757 —-
2154 3718 2421 3787 campum]
2471 3716 2765 3784 Martium,
2801 3720 2867 3771 ut

1714 3790 1893 3843 earm.
1946 3790 1990 3857 1,
2032 3792 2086 3857 8,
2124 3792 2174 3843 3.
2246 3790 2291 3854 Ι,
2326 3792 2379 3857 9,
2420 3790 2502 3842 18.
2574 3786 2689 3841 Sat.
2728 3787 2777 3853 Ι.
2819 3792 2867 3847 1.

1714 3862 1801 3913 91.
1836 3860 1909 3928 11,
1947 3863 2000 3929 6,
2036 3862 2121 3914 49.
2172 3860 2355 3930 Epist.
2390 3860 2437 3927 1,
2474 3863 2525 3927 7,
2562 3862 2648 3913 59.
2686 3858 2733 3919 L
2776 3862 2875 3927 11,

1716 3936 1767 3985 4.
1830 3935 1899 3985 A.
1935 3931 2000 3986 P.
2052 3933 2169 3987 162.
2243 3932 2523 3999 Quattuor
2570 3931 2867 3985 hominum

1712 4020 1918 4073 genera
1942 4004 2321 4071 nominantur,
2353 4003 2597 4071 primum
2623 4002 2725 4069 qui
2747 4018 2865 4056 ma·

1712 4092 1823 4145 gna
1877 4074 2086 4129 habent
2138 4074 2455 4135 latifundia,
2511 4073 2717 4129 deinde
2764 4073 2867 4141 qui

1714 4146 1995 4200 excellunt
2029 4147 2248 4216 generis
2273 4145 2589 4213 nobilitate,
2614 4150 2735 4199 tum
2763 4145 2869 4213 qui

1712 4217 1964 4271 homines
2020 4218 2153 4272 novi
2208 4218 2321 4271 suis
2376 4218 2590 4271 meritis
2648 4232 2869 4285 suaque

1712 4288 1863 4343 fama
1908 4288 2188 4355 nituntur,
2236 4288 2476 4357 denique
2522 4288 2619 4357 qui
2671 4288 2866 4341 multi·

1712 4360 1909 4413 tudine
1935 4360 2226 4415 clientium
2250 4360 2490 4414 multum
2527 4360 2677 4415 inter
2715 4359 2867 4414 cives

1713 4432 2051 4487 auctoritate
2074 4432 2281 4487 valent.
2306 4460 2375 4471 —
2394 4428 2705 4501 meliorve}
2732 4429 2867 4485 vide

1712 4502 1785 4557 ad
1833 4503 2013 4558 Carm.
2052 4503 2125 4572 11,
2162 4506 2213 4573 7,
2250 4505 2335 4557 25.
2394 4531 2461 4543 —
2518 4502 2841 4559 Necessitas

1712 4574 1785 4627 cf.
1825 4574 2005 4629 Carm.
2039 4575 2085 4643 1,
2128 4577 2214 4644 35,
2255 4576 2337 4629 17.
2390 4604 2452 4613 -
2498 4572 2749 4643 sortitur]
2788 4590 2863 4629 c.
