3092 5059
937 258 1100 325 LIB.
1143 257 1193 323 Ι.
1239 256 1485 324 CARM.
1533 256 1685 322 XII.
1732 256 1916 321 XIII.

2498 252 2616 318 141

627 442 844 537 Quae
892 460 1258 545 poscente
1307 445 1553 543 magis
1606 442 1939 541 gaudeat
1988 440 2205 537 eripi,

825 570 1230 648 Interdum
1283 595 1559 669 rapere
1608 569 1985 666 occupet?
2098 662 2103 665 Ι

1096 889 1474 976 GARMEN
1536 888 1759 973 XIII.

629 1052 773 1130 Ille
825 1066 902 1129 et
951 1053 1251 1130 nefasto
1307 1066 1386 1129 te
1435 1052 1692 1149 posuit
1744 1050 1895 1148 die,

631 1177 1115 1277 Quicumque
1163 1177 1522 1275 primum,
1574 1189 1651 1253 et
1702 1173 2081 1273 sacrilega
2131 1201 2363 1252 manu

731 1302 1129 1397 Produxit,
1176 1303 1426 1398 arbos,
1480 1302 1562 1377 in
1613 1312 1980 1397 nepotum

831 1428 1258 1505 Perniciem
1311 1425 1973 1527 opprobriumque
2022 1425 2240 1525 pagi3

225 1626 451 1665 morum
489 1609 741 1667 codicum
787 1609 1124 1666 auctoritate
1167 1612 1226 1664 et
1257 1626 1380 1663 ora·

226 1682 404 1737 tionis
488 1681 862 1737 concinnitate
933 1680 1378 1748 commendatur3

227 1752 460 1808 Schiits.
491 1753 711 1808 Miiller.
750 1752 964 1808 Keller.
1001 1757 1245 1823 οοαιραί.

546 1866 874 1921 Carmen
908 1866 1065 1920 XIII.

299 1959 456 2016 Olim
503 1980 628 2017 cum
665 1961 932 2017 Horatius
979 1963 1039 2016 in
1089 1979 1226 2033 agro
1279 1978 1378 2016 suo

225 2033 445 2088 Sabino
469 2034 783 2089 ambularet
805 2035 898 2089 vel
931 2034 993 2088 in
1027 2042 1191 2104 prato
1225 2033 1376 2088 sede·

223 2111 342 2173 ret,
378 2105 614 2159 cadente
643 2106 846 2160 arbore
878 2123 1056 2175 paene
1085 2122 1378 2175 oppressus

223 2183 335 2232 est.
373 2176 496 2243 Qua
519 2178 730 2247 pietate
755 2182 893 2242 erat,
930 2178 990 2231 in
1028 2178 1134 2237 hac
1167 2194 1230 2231 re
1265 2193 1380 2230 non

225 2250 508 2304 incertum
539 2265 724 2303 casum
759 2249 856 2304 sed
880 2248 1128 2303 divinam
1155 2265 1377 2302 manum

221 2320 409 2388 vidit;
437 2337 610 2389 quare
629 2320 768 2389 quid
785 2326 922 2375 tunc
941 2320 1199 2374 sensisset
1218 2336 1378 2389 prae-

223 2393 390 2447 claro
423 2392 532 2446 hoc
565 2392 812 2446 carmine
846 2391 1164 2461 explicavit.
1225 2390 1378 2444 Sum-

221 2481 328 2517 ma
380 2462 644 2518 carminis
689 2464 969 2517 sententia
1015 2463 1266 2517 cernitur
1319 2462 1378 2515 in

225 2534 586 2605 praestantia
619 2535 819 2603 poesis,
847 2552 1006 2603 quae,
1039 2551 1166 2589 cum
1203 2532 1378 2587 homi-

225 2607 398 2661 nibus
453 2606 712 2660 omnibus
763 2606 980 2660 incerta
1025 2606 1142 2660 fata
1197 2605 1376 2659 immi·

225 2682 424 2739 neunt.
461 2676 520 2731 id
555 2682 744 2732 tamen
769 2678 940 2733 habet
967 2677 1380 2739 consolationis,

225 2754 298 2803 nt
334 2750 436 2819 qui
474 2766 596 2804 eam
633 2746 821 2804 colant
855 2750 1024 2804 etiam
1063 2748 1215 2817 apud
1239 2748 1378 2803 infe-

227 2838 325 2875 ros
359 2837 572 2891 magna
607 2838 666 2875 se
703 2820 986 2875 fructuros
1021 2820 1185 2876 laude
1207 2825 1265 2875 et
1287 2836 1378 2874 ve·

226 2892 529 2947 neratione
587 2892 782 2946 sciant.
876 2891 1036 2959 Quod
1101 2892 1379 2961 quomodo

229 2964 296 3018 in
329 2964 474 3018 duas
509 2968 699 3032 partes
739 2963 1042 3023 dividatur,
1083 2964 1264 3033 vides3
1301 2963 1380 3018 al·

228 3040 418 3089 teram
451 3035 523 3089 de
559 3035 735 3089 caecis
771 3035 1001 3089 humani
1036 3036 1254 3105 generis
1299 3034 1380 3089 fa·

229 3108 312 3160 tis
347 3107 418 3161 ab
459 3106 624 3161 initio
661 3124 836 3176 usque
870 3106 943 3160 ad
978 3106 1220 3161 medium
1260 3123 1380 3161 ver-

229 3194 358 3231 sum
391 3178 470 3243 (v.
489 3177 587 3246 20)
623 3178 858 3232 alteram
894 3177 966 3231 de
1001 3178 1380 3232 consolatione

229 3249 492 3318 poeticae
520 3248 808 3303 facultatis
835 3268 868 3303 a
894 3248 1076 3304 medio
1107 3266 1282 3319 usque
1309 3248 1382 3303 ad

231 3320 498 3375 ultimum
527 3336 750 3375 versum
784 3320 1078 3390 descripsit
1096 3320 1380 3375 Horatius.

233 3390 550 3461 Utramque
570 3395 788 3461 partem
814 3409 884 3446 ex
913 3392 1250 3459 calamitate,
1272 3409 1382 3461 qua

231 3478 420 3532 paene
455 3468 540 3518 est
573 3480 883 3532 oppressus,
913 3468 980 3517 ut
1007 3480 1074 3517 ex
1103 3464 1381 3517 communi

233 3535 404 3603 quasi
438 3534 596 3589 fonte
633 3534 791 3588 ducit
829 3534 904 3597 (v.
949 3538 993 3588 1.
1035 3536 1144 3603 21).
1185 3564 1251 3574 —
1293 3535 1382 3589 Ex

234 3605 474 3674 reliquis
509 3606 666 3674 locis,
711 3605 912 3675 quibus
947 3607 1186 3675 periculi
1230 3606 1382 3660 illius

233 3678 456 3731 mentio
501 3676 584 3746 fit,
631 3679 767 3732 satis
815 3677 1184 3747 probabiliter
1219 3677 1384 3732 intel·

231 3748 360 3819 legi
381 3754 582 3818 potest,
619 3765 861 3819 quonam
893 3750 954 3805 id
989 3766 1134 3804 anno
1171 3748 1384 3804 factum

233 3818 519 3875 videatur.
593 3820 664 3875 cf.
700 3820 879 3875 Garm.
918 3821 990 3888 11,
1030 3823 1114 3874 17.
1193 3820 1294 3883 ΙΠ,
1331 3822 1383 3874 4.

233 3890 352 3957 111,
387 3894 437 3945 8.
505 3891 628 3947 Hoc
668 3894 817 3947 enim
861 3892 1108 3948 carmine
1164 3891 1288 3960 (ΠΙ,
1325 3892 1384 3961 8)

233 3962 453 4017 invitat
487 3962 860 4019 Maecenatem
895 3970 961 4019 ut
996 3964 1068 4017 ad
1101 3980 1160 4018 se
1196 3964 1386 4018 veniat

233 4033 516 4088 Kalendis
543 4034 778 4095 Martiis.
818 4052 926 4103 quo
965 4036 1086 4105 ipso
1122 4035 1214 4089 die
1253 4034 1384 4089 anni

233 4106 550 4173 superioris
586 4106 820 4161 cadente
854 4106 1054 4161 arbore
1081 4124 1257 4176 paene
1293 4122 1385 4161 ex-

233 4174 485 4231 stinctus
519 4178 608 4233 sit.
669 4177 756 4231 Ex
795 4194 986 4231 rerum
1024 4182 1215 4232 autem
1249 4194 1386 4247 quas

235 4246 338 4301 ibi
390 4248 630 4303 intexuit
681 4250 1208 4304 commemoratione
1260 4266 1386 4303 con·

237 4317 407 4372 cludi
449 4336 608 4389 posse
652 4320 894 4386 ridetur,
940 4321 1209 4391 scriptum
1248 4320 1388 4374 illud

236 4405 378 4444 ense
418 4408 466 4444 a.
501 4392 620 4446 730.
691 4392 836 4446 Nam
883 4391 1148 4447 Cantabri
1195 4410 1250 4446 a.-
1283 4392 1390 4444 728

239 4466 322 4515 et
373 4462 404 4513 7
405 4464 469 4515 29
517 4463 723 4519 devicti
775 4468 922 4529 sunt,
979 4468 1266 4534 Augustus
1320 4480 1388 4517 ex

239 4530 526 4600 Hispanis
565 4551 818 4590 reversus
867 4550 917 4589 a.
955 4534 1061 4589 ⁴730
1095 4536 1218 4589 Iani
1253 4540 1390 4589 tem-

237 4602 414 4673 plum
472 4605 690 4675 clausit3
762 4606 966 4662 deinde
1031 4607 1179 4661 bella
1239 4606 1392 4660 inter

1480 1604 1784 1663 Prahatem
1828 1609 1885 1660 et
1919 1605 2242 1661 Teridatem
2284 1606 2427 1661 bene
2476 1621 2621 1660 com-

1477 1682 1877 1745 memorantur,
1923 1678 2187 1746 quoniam
2236 1696 2285 1732 a.
2325 1678 2431 1731 729
2465 1676 2621 1731 Teri-

1477 1749 1635 1803 dates
1660 1767 1695 1803 a
1712 1748 1956 1804 Prahate
1989 1750 2181 1819 pulsus
2212 1749 2285 1804 ad
2304 1750 2621 1820 Augustum

1477 1821 1536 1874 in
1578 1820 1907 1890 Hispaniam
1942 1821 2296 1892 confugerat3
2333 1825 2453 1875 tum
2483 1818 2623 1875 Daci

1477 1910 1528 1946 a.
1568 1894 1672 1945 726
1708 1898 1766 1947 et
1802 1894 1909 1947 726
1942 1892 2025 1946 ita
2064 1897 2228 1948 erant
2262 1891 2419 1961 victi,
2455 1896 2520 1945 ut
2542 1890 2619 1947 M.

1480 1964 1708 2018 Crassus
1755 1982 1803 2017 a.
1845 1964 1951 2015 726
1996 1964 2065 2018 de
2113 1964 2181 2017 iis
2216 1964 2621 2033 triumpharet3

1478 2034 1715 2103 Scythae
1768 2034 2009 2104 denique
2052 2035 2267 2105 legatos
2311 2035 2384 2089 ad
2429 2038 2624 2105 Augu-

1477 2111 1628 2160 stum
1664 2106 1723 2159 in
1752 2106 2081 2175 Hispaniam
2115 2107 2388 2161 miserant
2422 2124 2471 2161 a.
2501 2106 2623 2173 729,

1478 2176 1549 2231 de
1608 2195 1719 2247 qua
1770 2195 1833 2231 re
1883 2176 2113 2232 Orosius
2160 2176 2251 2245 VI,
2291 2180 2383 2232 21:
2446 2176 2627 2246 „hunc

1479 2250 1840 2319 (Augustum)
1861 2248 2011 2319 apud
2030 2249 2357 2318 Hispaniam
2388 2249 2625 2319 supplex

1478 2338 1605 2374 cum
1654 2320 1946 2391 gentilicio
2001 2338 2231 2374 munere
2266 2320 2417 2374 Eous
2454 2320 2625 2375 Indus

1479 2395 1537 2446 et
1558 2390 1763 2460 Scytha
1798 2392 2009 2445 Boreus
2051 2393 2251 2446 oravit.
2288 2392 2622 2446 Cantabrico

1479 2462 1627 2517 bello
1671 2479 1772 2533 per
1810 2463 2057 2532 quinque
2094 2479 2267 2518 annos
2314 2468 2437 2518 acto
2474 2467 2621 2517 tota·

1480 2551 1588 2603 que
1608 2534 1878 2603 Hispania
1896 2534 1955 2588 in
1974 2539 2259 2589 aeternam
2277 2552 2473 2605 pacem
2497 2551 2624 2589 cum

1480 2606 1721 2674 quadam
1758 2606 2124 2675 respiratione
2161 2605 2503 2660 lassitudinis
2540 2622 2625 2660 re·

1478 2678 1689 2731 clinata
1732 2694 1799 2731 ac
1850 2678 2099 2746 reposita
2146 2678 2349 2733 Caesar
2385 2677 2624 2732 Romam

1477 2748 1699 2803 rediit.“
1740 2748 1851 2803 cfr.
1872 2748 2252 2820 Sueton.Aug.
2286 2767 2330 2805 o.
2352 2750 2440 2803 21.
2474 2750 2624 2803 Ante

1478 2838 1528 2874 a.
1551 2822 1657 2874 729
1691 2838 1805 2874 non
1844 2820 2006 2875 licuit
2038 2822 2281 2875 scribere
2318 2820 2625 2875 Cantabros

1478 2906 1605 2946 sera
1672 2891 1899 2945 domitos
1962 2909 2079 2946 esse
2152 2897 2364 2959 catena,
2426 2892 2626 2961 quibus

1476 2961 1665 3017 verbis
1710 2962 1993 3033 expeditio
2030 2962 2241 3018 Statilii
2276 2962 2449 3017 Tauri
2484 2982 2535 3017 a.
2568 2981 2623 3016 u.

1481 3036 1588 3088 724
1643 3035 1703 3088 in
1762 3034 2071 3089 Cantabros
2136 3034 2287 3089 facta
2354 3034 2630 3089 celebrari

1479 3123 1593 3232 1112ss
1596 3106 1817 3231 lpotuit„
1847 3105 2167 3231 utiglitFtero
2182 3106 2371 3231 l{isuFm
2393 3110 2477 3230 {st
2491 3122 2627 3231 gum

1565 3194 1598 3232 c
1636 3194 1840 3231 manno
1898 3196 1931 3231 a
2076 3194 2179 3231 ran
2224 3216 2235 3228 .
2342 3195 2399 3231 as
2430 3216 2443 3229 .
2545 3194 2627 3231 or.

1481 3266 1534 3317 p.
1573 3250 1695 3302 240.
1750 3248 1855 3303 Ita·
1876 3248 2134 3309 efficitur,
2172 3253 2235 3302 ut
2274 3248 2331 3302 C.
2365 3248 2469 3315 III,
2505 3250 2539 3302 8
2576 3265 2627 3303 a.

1482 3322 1589 3374 730
1623 3320 1893 3405 scriptum
1930 3321 2234 3388 credamus,
2258 3318 2382 3403 ’ho-c
2405 3319 2474 3373 de
2512 3336 2622 3389 quo

1481 3396 1855 3517 ffissffzssss‘
1880 3391 2217 3533 ἒὲιᾞῃὶῗέ
2252 3390 2629 3532 ἓέἓῗαῗ“ὲίἲί

1483 3535 1851 3604 compositum
1890 3552 2027 3601 esse,
2066 3534 2263 3589 eodem
2300 3552 2445 3588 anno
2479 3534 2629 3590 Mae-

1483 3612 1736 3661 cenatem
1772 3610 2091 3675 aegrotasse
2126 3605 2209 3674 (G.
2248 3606 2318 3665 11.
2364 3608 2471 3677 17).
2544 3606 2629 3661 De

1485 3676 1782 3732 Cantabris
1818 3677 1942 3748 lege
1976 3677 2204 3733 Livium
2240 3676 2498 3746 XXVIII,
2540 3681 2625 3731 12.

1555 3748 1619 3802 V.
1671 3753 1718 3801 1.
1768 3748 2097 3804 Exsecratio
2148 3749 2365 3803 arboris
2412 3754 2469 3804 et
2514 3750 2631 3803 eius

1429 3877 1435 3881 ,
1485 3819 1582 3888 qui
1621 3837 1744 3874 eam
1780 3821 2061 3889 plantavit
2094 3836 2196 3890 per
2232 3824 2346 3875 tres
2372 3821 2629 3891 strophas

1485 3892 1845 3945 continuatur
1865 3932 1878 3959 ,
1953 3893 2107 3946 cuius
2190 3892 2631 3947 demonstrativa

1483 3980 1615 4032 pars
1651 3964 1773 4032 ipsa
1808 3964 2099 4033 tripartita
2134 3964 2317 4018 tribus
2348 3964 2631 4033 pronomi-

1485 4034 1650 4088 nibus
1694 4034 1787 4089 s'lle
1832 4035 2129 4105 indicatur,
2186 4035 2425 4089 relativa
2474 4034 2631 4089 addi-

1487 4111 1582 4159 tur
1618 4123 1666 4159 ν.
1708 4106 1802 4174 1ος
1845 4111 2113 4174 quattuor
2150 4106 2403 4177 singulae
2441 4112 2631 4176 partes

1485 4178 1693 4232 iterum
1730 4176 1791 4230 in
1816 4177 1953 4233 duas
1990 4177 2343 4247 dividuntur3
2381 4181 2446 4232 ut
2481 4179 2633 4232 hunc

1487 4249 1787 4302 habeamus
1839 4249 2094 4303 ordinem
2142 4250 2469 4304 verborum:
2523 4250 2633 4314 iae,

1489 4320 1823 4389 quicumque
1857 4322 2105 4390 primum
2128 4325 2186 4374 te
2210 4320 2414 4389 posuit,
2454 4324 2504 4375 et
2536 4338 2632 4375 ne·

1487 4392 1635 4445 fasto
1660 4391 1753 4445 die
1776 4396 1833 4446 te
1851 4391 2043 4461 posuit
2079 4396 2131 4445 ct
2162 4392 2436 4461 sacrilega
2462 4410 2633 4446 manu

1483 4461 1750 4531 produxit
1781 4462 1873 4517 ille
1904 4466 2023 4517 tam
2057 4462 2305 4516 nefarius
2342 4463 2493 4517 haud
2533 4463 2634 4517 du-

1487 4533 1582 4588 bie
1637 4533 1765 4602 fuit,
1812 4538 1879 4587 ut
1931 4539 1983 4589 et
2026 4534 2247 4603 parenti
2296 4538 2347 4589 et
2402 4534 2631 4603 hospiti,

1490 4604 1691 4673 quibus
1746 4606 1991 4659 sanctius
2046 4604 2186 4658 nihil
2240 4610 2349 4673 est,
2404 4622 2633 4659 manum
