3092 5059
373 235 498 302 222

1354 231 1811 304 ΟΑΒΜΙΝΠΜ

671 423 845 502 Elio
894 440 1140 503 matre
1193 429 1625 503 carentibus

869 552 1250 649 Privignis
1303 552 1581 626 mulier
1628 563 2005 649 temperat
2055 551 2422 624 innocens

666 676 829 753 Nec
883 676 1143 754 dotata
1191 680 1390 775 regit
1441 679 1724 753 virum'

584 835 636 876 20
869 801 1222 878 Coniunx
1271 828 1415 878 nec
1465 802 1712 878 nitido
1768 802 1938 878 fidit
1990 800 2382 895 adulter03

667 927 820 1001 Dos
870 941 983 1002 est
1032 953 1315 1025 magna
1367 928 1799 1024 parentium

871 1051 1139 1130 ‘Virtus
1191 1066 1268 1129 et
1317 1067 1663 1130 metuens
1714 1054 2027 1130 alterius
2076 1053 2226 1130 viri

683 1178 909 1256 Certo
969 1179 1292 1256 foedere
1341 1182 1681 1275 castitas3

871 1304 971 1380 Et
1018 1330 1346 1404 peccare
1395 1306 1613 1380 nefas
1664 1318 1798 1379 aut
1846 1305 2181 1402 pretium
2234 1316 2346 1378 est
2397 1306 2619 1379 mori.

594 1461 644 1504 π
681 1426 749 1506 Ο
806 1429 1148 1528 quisquis
1201 1431 1416 1506 volet
1465 1432 1741 1532 impias

873 1553 1168 1631 Caedes
1215 1569 1294 1632 et
1341 1557 1638 1632 rabiem
1690 1558 1963 1635 tollere
2018 1556 2363 1649 civicam,

673 1675 757 1753 Si
809 1691 1123 1776 quaeret
1173 1691 1389 1776 pater
1437 1678 1749 1753 urbium

875 1803 1272 1879 Subscribi
1321 1803 1609 1900 statui8‚
1663 1802 2119 1881 indomitam
2174 1802 2455 1880 audeat

671 1927 1094 2004 Refrenare
1137 1927 1544 2024 licentiam,

871 2051 1144 2130 Clarus
1174 2055 1668 2153 postgenitis:
1707 2069 2079 2155 qua-tenus
2110 2097 2191 2109 —
2220 2055 2365 2132 heu
2392 2056 2653 2132 nefas!
2675 2101 2789 2112 —-

586 2086 638 2126 ἓ

673 2179 1057 2256 Virtutem
1109 2180 1576 2256 incolumem
1630 2181 1953 2279 odimuS,

871 2303 1267 2381 Sublatam
1313 2301 1408 2381 ex
1463 2305 1705 2382 oculis
1757 2309 2194 2406 quaerimus
2246 2308 2511 2385 invidi.

371 2591 461 2646 oui
506 2589 599 2644 vel
644 2590 718 2643 ab
761 2589 966 2660 aliquo,
1017 2605 1182 2660 quem
1216 2607 1398 2660 neque
1431 2591 1515 2646 in·

373 2662 520 2716 iuste
579 2660 718 2730 quid
779 2661 964 2716 facere
1023 2661 1276 2716 iubemus
1336 2680 1517 2732 neque

371 2735 520 2788 malo
565 2749 830 2786 conamur
873 2731 1126 2788 adficere.
1209 2733 1301 2789 Sic
1351 2751 1518 2804 saepe

370 2804 524 2875 apud
575 2804 912 2872 Ciceronem,
958 2805 1112 2859 alios.
1169 2835 1241 2846 —
1302 2804 1516 2877 dotata]

373 2876 558 2930 Plaut.
591 2875 739 2930 Men.
776 2874 840 2945 V,
877 2877 929 2944 2,
970 2877 1062 2930 16:
1099 2877 1219 2945 „Ita
1254 2878 1394 2933 istae
1431 2881 1516 2933 ἐο-

372 2947 507 3014 lent,
546 2963 689 3016 quae
728 2947 878 3002 viros
915 2948 1232 3003 subservire
1273 2949 1381 3003 sibi
1417 2967 1514 3018 po-

370 3021 586 3074 stulant
646 3019 768 3074 dote
823 3022 1046 3087 fretae!
1115 3049 1178 3060 -
1244 3020 1514 3091 adultero]

379 3091 608 3145 Dativus
633 3093 738 3158 est,
768 3108 882 3144 non
909 3090 1218 3145 ablativus:
1252 3110 1366 3147 non
1389 3091 1518 3147 fidit

376 3162 576 3216 mulier
628 3161 804 3216 nitori
857 3167 958 3217 aut
1011 3162 1304 3217 blanditiis
1359 3163 1514 3218 adul·

370 3234 496 3289 teri.
566 3231 658 3287 Sic
695 3233 808 3286 iam
846 3235 1034 3288 Acron
1069 3235 1241 3290 schol.
1302 3265 1372 3276 --
1419 3236 1519 3291 dos

370 3304 470 3377 est]
509 3304 724 3374 Repete
758 3304 888 3360 illio.
943 3305 1094 3360 Bene
1129 3307 1266 3362 haec
1299 3313 1516 3362 senten-

371 3377 456 3431 tia
489 3376 802 3445 explicatur
837 3375 892 3430 h.
930 3377 968 3431 l.
1006 3377 1192 3432 Plauti
1229 3379 1515 3449 Amphitr.

369 3448 442 3516 11,
481 3449 532 3516 2,
570 3447 698 3501 207:
763 3447 922 3517 „Non
975 3465 1006 3503 e
1047 3466 1080 3503 ο
1125 3449 1280 3504 illam
1328 3450 1518 3506 dotem

371 3520 450 3572 mi
487 3537 604 3574 esse
632 3519 792 3581 duco,
816 3537 960 3589 quae
1033 3537 1094 3575 os
1132 3521 1370 3591 dicitur-3
1409 3522 1517 3578 Sed

370 3591 702 3660 pudicitiam
747 3596 805 3645 et
849 3591 1122 3661 pudorem
1167 3597 1226 3648 et
1271 3595 1520 3649 sedatam

373 3663 706 3731 cupidinem,
737 3663 919 3716 Deum
951 3669 1182 3725 metum,
1217 3671 1516 3734 parentum

372 3751 615 3788 amorem
665 3739 722 3788 et
765 3739 1066 3805 cognatum
1112 3737 1516 3791 concordiam.“

373 3834 440 3844 —-
489 3805 827 3875 parentium]
887 3805 1016 3860 vide
1067 3807 1142 3861 ad
1197 3808 1378 3863 Carm.
1415 3809 1519 3872 111,

371 3879 462 3946 21,
506 3879 583 3928 14.
625 3904 690 3915 -—
725 3883 968 3932 metuens
1003 3878 1230 3934 alterius
1263 3879 1398 3949 viri]
1447 3879 1518 3934 cf.

373 3947 554 4003 Carm.
603 3947 703 4015 ΙΙΙ,
749 3950 830 4016 19,
883 3951 960 4002 16.
1037 3949 1296 4005 Ceterum
1342 3952 1518 4006 virtus

370 4026 422 4074 et
466 4021 696 4074 castitas
740 4020 916 4074 altera
961 4019 1197 4077 alteram
1242 4023 1513 4076 illustrat:

371 4091 434 4146 ἓν
469 4087 560 4144 διὰ
599 4091 768 4144 δυοῖν.
826 4119 895 4130 -
950 4091 1034 4146 Et
1063 4095 1311 4165 peccare]
1359 4094 1510 4148 adul-

370 4165 532 4218 terio.
607 4163 864 4217 Ceterum
907 4163 1000 4217 hic
1049 4181 1270 4234 quoque
1324 4169 1516 4235 repete

369 4236 485 4290 illie
526 4251 596 4289 ex
643 4253 694 4288 ν.
737 4237 820 4287 17.
893 4234 1108 4291 Deinde
1151 4238 1516 4306 premendum

371 4311 456 4361 est
498 4306 832 4361 vocabulum
875 4306 1052 4373 nesae,
1098 4313 1164 4361 ut
1201 4309 1382 4364 Garm.
1419 4308 1512 4373 IV,

373 4380 424 4446 5,
453 4381 549 4446 223
585 4384 684 4432 aut
721 4377 1002 4446 particula
1035 4378 1272 4434 duarum
1310 4397 1516 4448 rerum,

373 4467 516 4518 quae
553 4451 706 4504 solae
753 4449 876 4503 fieri
911 4450 1216 4519 cogitarive
1265 4455 1517 4522 possunt,

373 4522 608 4575 alteram
644 4521 822 4589 addit,
857 4537 1017 4588 quae,
1054 4522 1101 4575 si
1131 4539 1245 4576 non
1267 4522 1343 4577 sit
1367 4523 1518 4592 quod

373 4593 658 4664 superiore
692 4591 816 4646 loco
851 4592 1096 4660 positum
1133 4598 1233 4658 eet,
1272 4611 1517 4650 neeessa-

1617 2589 1703 2644 rio
1743 2589 1947 2647 debeat
1981 2609 2127 2647 esse:
2174 2591 2594 2662 widrigenfalls,
2629 2590 2779 2646 alio·

1618 2662 1770 2731 quin,
1830 2667 1897 2717 ut
1946 2663 2095 2733 apud
2152 2663 2262 2719 Ver
2302 2663 2461 2717 ilium
2505 2665 2647 2717 Aen.
2690 2661 2771 2732 X,

1616 2734 1739 2787 630.
1766 2763 1834 2773 —
1855 2733 2114 2806 pretium]
2146 2751 2280 2790 voca
2321 2736 2475 2789 ulum
2499 2735 2772 2802 medium,

1616 2805 1671 2858 h.
1696 2805 1734 2858 l.
1773 2806 1843 2860 de
1880 2823 2073 2875 poena.
2102 2835 2170 2846 —
2208 2806 2484 2878 quisquis]
2526 2806 2573 2860 si
2610 2805 2767 2874 quis;

1616 2894 1805 2931 omnes
1842 2877 1955 2947 qui.
2029 2876 2211 2945 Quare
2256 2879 2373 2933 noli
2418 2895 2547 2932 cum
2593 2877 2769 2931 Bent-

1616 2949 1725 3002 leio
1761 2950 2028 3003 iteratum
2066 2951 2418 3020 interrogans
2454 2966 2769 3020 pronomen

1616 3021 1759 3088 quis,
1780 3022 1905 3090 quis
1924 3021 2229 3090 praeferre.
2255 3051 2321 3060 —
2338 3027 2504 3090 pater
2527 3021 2775 3090 urbium]

1616 3092 1653 3144 i.
1704 3109 1751 3146 e.
1814 3093 2128 3156 restitutor,
2190 3097 2256 3146 ut
2312 3093 2462 3162 apud
2524 3091 2635 3146 Cic.
2690 3093 2774 3146 ad

1618 3161 1805 3230 Quint.
1843 3163 1915 3217 fr.
1952 3164 1995 3232 Ι,
2040 3167 2085 3227 1,
2124 3167 2189 3218 31
2224 3179 2433 3234 parens
2473 3164 2660 3230 Asiae,
2708 3168 2777 3218 et

1616 3233 1791 3290 Tacit.
1828 3237 1973 3289 Ann.
2011 3234 2109 3295 XI,
2147 3238 2241 3289 25:
2282 3236 2390 3304 „ob
2438 3253 2505 3290 ea
2544 3235 2772 3304 Vipsta-

1616 3323 1719 3360 nus
1771 3307 1961 3360 consul
2006 3307 2246 3374 rettulit,
2290 3313 2505 3375 patrem
2540 3311 2773 3360 senatus

1615 3378 2011 3448 appellandum
2053 3396 2170 3433 esse
2214 3378 2558 3433 Claudium.“
2634 3377 2771 3431 Sen-

1615 3450 1791 3504 tentia
1828 3450 2109 3521 generalis
2144 3454 2246 3517 est,
2285 3451 2381 3504 sed
2428 3455 2575 3504 tecte
2611 3466 2771 3504 mon-

1614 3526 1829 3575 stratur
1865 3524 2171 3592 Augustus,
2210 3522 2306 3590 qui
2347 3539 2496 3577 anno
2542 3521 2771 3575 demum

1616 3595 1647 3645 7
1652 3595 1721 3647 52
1750 3593 1941 3664 patris
1970 3593 2197 3662 patriae
2220 3610 2423 3647 nomen
2449 3593 2768 3662 assumpsit.

1624 3663 1792 3730 Urbes
1851 3668 2043 3718 tamen
2105 3670 2169 3717 ut
2230 3665 2410 3718 Carm.
2458 3665 2502 3731 Ι,
2550 3665 2638 3732 35,
2702 3667 2775 3717 10

1614 3740 1809 3790 contra
1852 3741 2065 3806 gentes,
2123 3735 2289 3790 rudes
2338 3753 2429 3790 eas
2481 3739 2651 3805 atque
2686 3736 2770 3788 in-

1613 3807 1810 3874 cultas,
1854 3812 2159 3876 ponuntur,
2206 3809 2288 3862 sic
2336 3825 2463 3862 cum
2509 3806 2770 3861 omnibus

1614 3881 1727 3932 suis
1763 3881 1913 3933 vitae
1960 3879 2247 3933 hominum
2286 3879 2632 3933 ornamentis
2678 3879 2775 3933 hic

1613 3951 1951 4020 cogitantur.
2016 3980 2081 3990 —-
2166 3951 2349 4005 clarus
2402 3948 2772 4020 postqcnitis]

1613 4022 1877 4091 quoniam
1914 4021 2185 4076 virtutem
2222 4021 2481 4090 aequales
2530 4021 2769 4089 invidia,

1611 4094 1969 4148 veneratione
2040 4094 2253 4162 posteri
2333 4097 2765 4161 persequuntur.

1612 4164 1681 4219 cf.
1719 4165 1898 4235 Epist.
1936 4163 2007 4232 11,
2041 4168 2085 4231 l,
2117 4165 2183 4217 10
2206 4162 2551 4237 sqq5Quare
2586 4163 2775 4218 invidi

1612 4253 1725 4290 non
1774 4235 1846 4290 ad
1890 4236 2203 4302 quaerimus
2246 4236 2424 4306 magis
2474 4251 2646 4304 quam
2694 4235 2769 4288 ad

1611 4307 1820 4362 odimus
1860 4306 2215 4360 referendum
2259 4311 2358 4361 est.
2434 4305 2772 4377 Postymitis

1616 4397 1727 4433 uno
1764 4378 2036 4433 vocabulo
2072 4378 2429 4434 scribendum
2466 4395 2591 4433 cum
2624 4377 2771 4432 Miil-

1619 4451 1754 4518 lero,
1800 4450 2145 4518 EcksteiniO,
2198 4449 2443 4513 Kellero,
2482 4449 2775 4518 Schiitzi03

1618 4522 1878 4576 similiter
1909 4523 2239 4591 proyenitor,
2262 4527 2595 4592 pompatior,
2623 4527 2772 4593 post-

1616 4593 1816 4663 factu8‚
1856 4593 1983 4648 alia.
