3092 5059
452 210 579 278 424
1400 208 1908 277 SATmARUM

554 397 891 473 Incutiat
940 398 1079 473 tibi
1135 397 1321 497 quid
1372 410 1802 472 sanctarum
1857 394 2156 471 inscitia
2205 394 2502 494 legum:

558 521 641 598 Si
690 522 895 599 mala
948 521 1383 598 condiderit
1432 523 1513 597 in
1571 546 1800 620 quem
1855 521 2024 619 quis
2073 521 2438 616 carmina,
2491 521 2612 596 ius
2668 532 2798 597 est

554 644 1171 748 Iudiciumque.“

1220 648 1426 743 Esto,
1482 647 1545 723 si
1601 646 1770 746 quis
1820 644 2062 722 mala:
2119 644 2254 721 sed
2311 646 2518 721 bona
2569 646 2638 723 si
2691 645 2880 745 quis

554 770 818 846 Iudice
870 770 1301 847 condiderit
1338 769 1692 847 laudatus
1741 767 2118 847 Caesare?
2171 770 2237 846 si
2283 772 2456 870 quis

472 928 523 969 su
560 894 1022 995 Opprobriis
1075 895 1399 991 dignum
1447 894 1864 990 latraverit,
1921 895 2220 995 integer
2271 896 2484 992 ipse?

560 1020 1019 1118 „Solventur
1072 1023 1233 1097 risu
1286 1020 1615 1115 tabulae,
1669 1034 1754 1095 tu
1803 1021 2078 1096 missus
2129 1018 2456 1097 abibis.“

1577 1218 1782 1231 ———

1418 1366 1746 1455 SATmA
1809 1366 1912 1449 II.

468 1508 473 1513 .
564 1534 780 1627 Quae
832 1535 1075 1611 virtus
1128 1548 1205 1610 et
1256 1546 1566 1632 quanta,
1623 1533 1832 1628 boni,
1884 1531 1984 1607 sit
2035 1535 2297 1608 vivere
2347 1557 2614 1629 parvo,
2671 1570 2780 1583 -—

556 1660 717 1735 Nec
760 1685 975 1736 meus
1024 1659 1151 1735 hic
1202 1685 1454 1735 sermo
1510 1672 1643 1755 est,
1691 1657 1829 1734 sed
1883 1682 2080 1756 quae
2131 1657 2528 1758 praecepit
2553 1656 2872 1734 Ofellus

461 1908 777 1978 Difflndere
810 1909 961 1965 idem
986 1914 1073 1965 est
1134 1910 1249 1965 uod
1280 1908 1624 1977 abscindere,

460 1998 771 2049 removere,
807 1982 1036 2037 reicere.
1128 1980 1335 2037 rebatii
1370 1984 1501 2035 sunt
1535 1998 1625 2034 us-

467 2070 575 2123 que
620 2053 693 2107 ad
737 2052 1123 2123 iudiciumque.
1162 2082 1228 2093 —-
1274 2052 1471 2123 layum]
1510 2052 1624 2107 Cic.

463 2126 533 2180 de
562 2141 678 2194 rep.
717 2124 813 2187 IV,
857 2128 949 2179 11.
1006 2124 1279 2193 „Nostrae
1315 2124 1424 2179 XII
1460 2123 1625 2179 tabu·

462 2197 551 2252 lae
594 2213 723 2252 cum
772 2212 1081 2267 perpaucas
1136 2214 1223 2251 res
1271 2196 1455 2266 capite
1499 2212 1624 2250 san-

462 2268 692 2336 xissent,
732 2268 791 2322 in
826 2268 914 2322 his
949 2268 1096 2323 hanc
1128 2286 1351 2338 quoque
1373 2268 1623 2323 sancien-

466 2340 597 2395 dam
633 2344 1001 2409 putaverunt,
1034 2340 1082 2394 si
1123 2340 1247 2409 quis
1282 2340 1624 2395 occentavis-

466 2417 553 2467 set
590 2411 707 2466 sive
746 2429 973 2467 carmen
998 2411 1338 2467 condidisset
1364 2411 1515 2480 quod
1540 2412 1624 2465 in·

466 2483 696 2539 famiam
752 2482 964 2538 faceret
1008 2482 1355 2553 flagitiumve
1400 2482 1620 2537 alteri.“

463 2554 539 2609 cf.
580 2554 765 2624 Epist.
810 2554 884 2623 11,
931 2558 977 2618 1,
1022 2554 1122 2609 152
1148 2571 1267 2624 sqq.
1360 2554 1437 2610 Ut
1481 2572 1624 2624 quae

467 2627 840 2695 insequuntur
876 2630 1031 2681 recte
1078 2630 1137 2681 et
1183 2626 1381 2680 ordine
1428 2625 1624 2680 adiun-

467 2702 695 2769 gantur,
734 2697 934 2767 supple
970 2697 1129 2765 scito,
1170 2703 1234 2751 ιιι
1271 2698 1452 2767 Epist.
1490 2696 1535 2763 1,
1577 2700 1624 2766 1,

473 2772 553 2823 13.
590 2769 635 2832 Ι,
687 2770 770 2831 18,
811 2770 897 2823 5.8
948 2798 1016 2808 -
1064 2769 1327 2825 laudatus
1368 2767 1600 2824 Caesare

466 2841 596 2895 vide
634 2840 708 2894 ad
745 2840 927 2895 Carm.
964 2840 1010 2907 Ι,
1036 2843 1087 2903 6.
1123 2841 1175 2895 2.
1214 2870 1281 2879 -
1316 2839 1601 2895 latraverit

466 2911 756 2967 Bentleius
806 2928 877 2965 ex
915 2880 1076 2966 codd.
1112 2912 1327 2996 recepit
1362 2913 1624 2967 lacerave-

467 2983 563 3051 rit,
600 2983 752 3053 quod
794 3000 924 3037 cum
962 2982 1201 3039 hominis
1240 2984 1419 3053 iniqui
1456 2984 1531 3039 sit
1567 2990 1626 3039 et

465 3054 755 3120 malitiosi,
802 3054 875 3109 ab
922 3055 1031 3110 hoc
1076 3054 1196 3110 loco
1246 3055 1472 3111 videtur
1508 3073 1626 3113 esse

468 3126 741 3193 alienum3
788 3131 979 3181 tamen
1014 3128 1191 3182 secuti
1230 3132 1359 3181 sunt
1394 3127 1625 3183 Linker.

466 3202 525 3253 et
582 3198 948 3260 Kirchnerus,
1011 3215 1126 3252 non
1182 3200 1626 3269 approbantibus

468 3268 702 3325 Teuffel.
742 3269 965 3325 Miiller.
1003 3269 1199 3325 Lehrs.
1236 3270 1447 3326 Keller.
1480 3270 1625 3325 Eck-

470 3342 631 3396 stein.
682 3340 923 3396 Fritsch.
993 3341 1079 3396 Tu
1126 3358 1393 3412 compara
1442 3342 1624 3413 Epod.

470 3414 521 3481 5,
546 3414 631 3467 58.
658 3414 711 3481 4,
730 3416 780 3467 5.
809 3414 915 3483 ΕΡ.
934 3413 1140 3481 1,2‚66.
1168 3412 1291 3469 Liv.
1313 3414 1626 3483 XXXVIII,

469 3485 561 3539 54:
606 3489 824 3553 „morte
842 3484 1101 3541 Africani
1128 3502 1351 3541 crevere
1376 3486 1627 3541 inimico-

470 3572 599 3611 rum
639 3556 829 3621 animi,
867 3574 1107 3625 quorum
1132 3558 1392 3627 princeps
1416 3556 1527 3612 fuit
1550 3556 1628 3611 M.

472 3627 703 3684 Porcius
720 3628 875 3696 Cato,
890 3629 987 3696 qui
1006 3629 1135 3684 vivo
1157 3645 1267 3697 quo
1308 3646 1381 3685 ue
1400 3646 1465 3683 eo

472 3705 620 3755 trare
634 3699 1081 3769 magnitudinem
1100 3700 1217 3755 eius
1236 3718 1297 3755 so
1321 3702 1433 3755 itus
1452 3700 1628 3755 erat-‘⁴

473 3802 536 3811 -
562 3772 839 3827 solventur
874 3771 1109 3855 tabulae]
1138 3772 1381 3840 tabulae,
1422 3772 1483 3825 in
1507 3772 1626 3842 qui·

471 3844 575 3897 bus
620 3842 771 3913 leges
820 3842 1063 3913 scriptae
1112 3849 1293 3912 erant,
1337 3860 1443 3914 pro
1492 3844 1629 3928 ipsis

468 3914 705 3986 legibus.
765 3912 945 3998 Leges
988 3914 1205 3970 solvere
1242 3919 1327 3973 est
1362 3916 1628 3972 severita-

470 3992 585 4041 tem
623 4002 816 4041 earum
849 3986 1119 4055 minuere,
1150 3986 1275 4042 fran
1318 4004 1427 4043 ere.
1464 3987 1626 4042 Simi-

473 4058 607 4113 liter
633 4056 863 4126 Quintil.
890 4024 1176 4125 X1,3,5'8·
1300 4059 1386 4113 ori
1422 4060 1626 4115 sancti-

473 4136 651 4187 tatem
676 4129 937 4184 ludorum
974 4129 1204 4185 licentia
1240 4130 1506 4185 solvere-‘⁴
1546 4130 1623 4187 id.

474 4202 539 4269 V,
570 4204 654 4270 10,
680 4202 749 4255 67
763 4223 778 4255 2
836 4201 1011 4269 „Risu
1048 4204 1171 4257 tota
1205 4218 1293 4256 res
1328 4202 1626 4257 solvitur.“

478 4274 721 4330 Ultimus
756 4290 951 4329 versus
987 4272 1240 4329 Trebatii
1276 4280 1379 4331 est.

882 4383 1112 4442 Satira
1148 4384 1219 4441 Π.

552 4479 913 4538 Felieissimis
948 4482 1111 4537 bellis
1159 4482 1411 4538 omnium
1454 4500 1632 4553 prope

483 4557 765 4608 terrarum
784 4552 1017 4609 divitiae
1036 4571 1162 4610 cum
1185 4552 1425 4610 Romam
1448 4559 1634 4611 essent

1717 1910 2032 1978 congestae,
2091 1906 2240 1961 inter
2289 1905 2511 1975 reliqua
2569 1905 2736 1960 luxus
2783 1923 2882 1977 ge—

1719 1996 1854 2033 nera
1903 1976 2250 2032 incredibilis
2295 1994 2474 2048 paene
2517 1978 2631 2032 cibi
2673 1993 2742 2032 ac
2779 1996 2884 2048 po·

1719 2054 1812 2105 tus
1847 2049 2282 2119 intemperantia
2331 2054 2390 2105 et
2425 2048 2766 2119 improbitas
2805 2051 2883 2105 ci-

1717 2124 1955 2177 vitatem
2001 2122 2300 2176 invaserat.
2384 2119 2540 2205 Quae
2581 2138 2754 2191 quam
2807 2122 2884 2175 sit

1718 2194 2608 2321 ἷῗὲῗοὲἒΐέἓὲἓιῑξξῖἷωῖὶῗ
2625 2192 2882 2333 «3ξὲὲῖ

1719 2341 1786 2391 ιιι
1818 2354 1932 2392 non
1968 2354 2069 2391 sua
2111 2340 2395 2406 proponat
2438 2342 2744 2406 praecepta
2779 2336 2882 2391 sed

1718 2410 2042 2479 loquentem
2101 2408 2333 2463 inducat
2392 2406 2640 2463 Ofellum
2701 2426 2882 2477 quen·

1719 2480 1877 2548 dam,
1937 2480 2206 2535 rusticum
2263 2480 2548 2535 homiuem
2605 2484 2663 2535 et
2707 2497 2882 2535 sanae

1718 2554 1938 2620 mentis,
1975 2568 2140 2620 quem
2179 2552 2298 2620 ipse
2335 2568 2498 2607 suum
2545 2568 2748 2622 agrum
2789 2568 2880 2606 co-

1719 2624 1926 2679 lentem
1978 2623 2252 2692 bonisque
2316 2622 2482 2678 rebus
2533 2622 2884 2695 gaudentem

1717 2695 1994 2751 Venusiae
2030 2694 2168 2749 olim
2203 2711 2344 2763 puer
2379 2699 2614 2749 noverat
2649 2696 2729 2763 (v.
2773 2698 2882 2750 112

1719 2768 1840 2836 sq..)
1890 2766 2092 2821 Postea
2127 2783 2254 2821 cum
2290 2765 2561 2821 Venusini
2597 2765 2722 2837 agri
2759 2766 2880 2821 bel·

1719 2840 1788 2894 lis
1824 2838 2084 2893 civilibus
2119 2837 2362 2892 dominis
2389 2838 2570 2907 erepti
2593 2838 2882 2893 veteranis

1719 2909 1995 2965 militibus
2032 2909 2320 2975 darentur,
2357 2906 2530 2964 Ofelli
2569 2926 2708 2979 ager
2744 2910 2882 2965 Um-

1719 2982 1896 3038 breno
1951 2981 2172 3036 cuidam
2224 2985 2495 3035 veterano
2565 2980 2883 3037 attributus

1720 3058 1822 3119 est,
1857 3053 1938 3108 ita
1973 3057 2039 3107 ut
2075 3052 2172 3121 qui
2211 3052 2346 3107 olim
2381 3052 2643 3107 dominus
2675 3051 2884 3107 fuisset

1719 3129 1856 3179 tunc
1892 3125 2119 3179 colonus
2159 3124 2393 3179 eundem
2443 3142 2642 3195 agrum
2692 3124 2881 3179 alieno

1719 3196 1935 3251 homini
1981 3196 2188 3251 coleret
2225 3196 2296 3263 (v.
2339 3194 2482 3265 133).
2555 3194 2722 3251 Hunc
2769 3196 2880 3265 igi-

1719 3273 1814 3323 tur
1869 3266 2115 3323 Ofellum
2181 3267 2349 3339 fingit
2402 3266 2672 3322 Horatius
2725 3268 2883 3322 inter

1720 3356 1847 3395 suos
1905 3342 1962 3395 et
2018 3338 2164 3395 filios
2221 3345 2281 3394 et
2328 3338 2536 3395 amicos
2587 3338 2880 3394 sedentem

1721 3412 1901 3495 deque
1953 3428 2085 3466 suae
2141 3410 2340 3465 aetatis
2407 3410 2628 3481 ingenti
2683 3410 2883 3481 profu-

1721 3482 1876 3538 sione
1911 3500 1978 3537 ao
2012 3482 2262 3538 stultitia
2295 3481 2698 3551 disputantem,
2735 3500 2882 3551 quae

1721 3554 1966 3609 stultitia
2003 3570 2114 3623 quo
2149 3553 2386 3609 clariore
2423 3552 2546 3609 luce
2581 3553 2878 3609 collustre-

1490 3629 1625 3683 alla-
1719 3632 1833 3693 tur,
1889 3624 2304 3681 sordidissimae
2359 3625 2528 3681 etiam
2583 3626 2882 3694 avaritiae,

1722 3716 1832 3767 qua
1869 3697 2128 3753 obstricti
2180 3697 2280 3752 alii
2317 3695 2555 3751 fortasse
2590 3713 2706 3751 non
2739 3712 2880 3766 pau-

1721 3771 1898 3826 ciores
1951 3770 2308 3832 tenebantur,
2363 3768 2544 3823 tristis
2603 3768 2877 3838 quaedam

1722 3842 1910 3912 imago
1955 3840 2186 3895 additur
2233 3842 2313 3907 (v.
2349 3840 2617 3909 53-62).
2707 3838 2878 3895 Ofelli

1721 3916 1910 3968 autem
1955 3916 2105 3967 totus
2151 3929 2330 3966 sermo
2383 3916 2470 3966 est
2510 3914 2741 3981 praeter
2781 3930 2874 3966 vv.

1720 3987 1754 4039 2
1801 3988 1860 4039 et
1905 3986 1958 4047 8,
2017 3985 2346 4053 112—1163
2407 3982 2468 4037 id
2518 3982 2670 4052 quod
2723 3988 2880 4038 recte

1722 4056 1952 4126 colligas
2001 4072 2070 4109 ex
2109 4073 2162 4109 v.
2201 4056 2320 4120 112,
2357 4055 2456 4109 ubi
2502 4054 2690 4110 verbis
2731 4054 2876 4109 hune

1727 4127 1954 4195 Ofellum
1993 4130 2160 4196 poeta
2193 4126 2268 4180 ad
2306 4144 2360 4180 v.
2399 4128 2434 4179 2
2470 4126 2639 4193 redit,
2673 4126 2876 4181 deinde

1723 4217 1792 4254 ex
1844 4199 2059 4268 primae
2112 4214 2382 4267 personae
2439 4214 2546 4251 usu
2591 4214 2683 4252 vv.
2733 4199 2785 4251 7.
2823 4200 2872 4252 8.

1723 4272 1811 4325 35.
1849 4272 1936 4323 90.
1975 4270 2065 4339 93,
2097 4272 2219 4323 tum
2253 4286 2326 4324 ne
2369 4268 2438 4323 53
2476 4268 2704 4338 quidem
2753 4286 2874 4324 ver-

1677 4394 1684 4403 ,
1723 4358 1816 4396 sus
1865 4340 2212 4396 adversatur.
2303 4340 2437 4405 Alii,
2495 4344 2561 4394 ut
2616 4339 2874 4405 Orellius,

1723 4429 1836 4469 non
1883 4418 2036 4467 recte
2084 4416 2358 4476 statuunt,
2404 4410 2652 4467 Ofellum
2692 4412 2874 4483 ipsum

1725 4486 2046 4553 loquentem
2106 4483 2297 4539 induci
2358 4483 2584 4538 demum
2641 4502 2698 4537 v.
2756 4485 2874 4537 116.

1726 4556 1906 4612 Versu
1957 4556 2053 4611 111
2109 4572 2176 4610 ea
2219 4572 2352 4627 pars
2388 4554 2701 4611 absolvitur
2735 4572 2876 4625 quae
