3092 5059
471 222 597 289 416

1424 223 1734 291 SATIRA
1742 222 1928 293 RUM

576 408 824 501 Quam
873 406 1088 485 rudis
1142 422 1219 486 et
1272 410 1592 487 Graecis
1643 410 1912 487 intacti
1949 408 2308 485 carminis
2358 418 2628 485 auctor

577 533 984 633 Quamque
1035 549 1438 636 poetarum
1492 535 1884 611 seniorum
1939 536 2206 629 turba3
2257 531 2393 609 sed
2445 531 2580 607 ille

576 656 657 733 Si
709 659 913 733 foret
960 656 1109 731 hoc
1160 670 1505 733 nostrum
1559 659 1718 733 fato
1774 658 2056 733 dilatus
2109 658 2190 733 in
2242 682 2538 752 aevum,

574 783 973 858 Detereret
1020 782 1168 857 sibi
1217 782 1478 880 multa,
1532 781 1912 859 recideret
1969 808 2198 859 omne
2253 782 2459 881 quod
2516 780 2722 856 ultra

492 940 543 980 το
579 908 1019 983 Perfectum
1071 908 1523 999 traheretur,
1580 922 1655 984 et
1705 910 1779 985 in
1839 934 2063 985 versu
2117 905 2477 983 faciendo

572 1031 821 1133 Saepe
874 1046 1106 1130 caput
1149 1034 1510 1129 scaberet,
1570 1033 1790 1109 vivos
1843 1047 1923 1109 et
1963 1032 2276 1109 roderet
2325 1056 2644 1130 ungues.

572 1144 820 1259 Saepe
870 1157 1133 1233 stilum
1191 1174 1441 1235 vertas
1492 1160 1774 1235 iterum
1835 1184 2032 1258 quae
2089 1157 2326 1255 digna
2378 1158 2539 1254 legi
2587 1158 2746 1232 sint

574 1282 1033 1399 Scripturus,
1082 1310 1335 1383 neque
1388 1296 1463 1361 te
1513 1297 1602 1359 ut
1651 1284 1974 1359 miretur
2025 1283 2250 1359 turba
2293 1281 2620 1379 labores,

573 1408 993 1487 Contentus
1044 1409 1307 1506 paucis
1352 1408 1794 1484 lectoribus.

1899 1408 2026 1483 An
2081 1421 2212 1482 tua
2262 1407 2578 1485 demens

490 1562 541 1603 τι
578 1531 875 1608 Vilibus
928 1534 1008 1609 in
1062 1532 1267 1609 ludis
1322 1532 1598 1609 dictari
1650 1534 1994 1609 carmina
2047 1532 2323 1609 malis?

572 1656 746 1732 Non
768 1682 951 1756 ego:
982 1684 1157 1733 nam
1179 1658 1363 1733 satis
1392 1672 1505 1734 est
1526 1661 1859 1758 equitem
1885 1658 2078 1735 mihi
2102 1658 2496 1756 plaudere,
2518 1672 2606 1733 ut
2623 1658 2880 1733 audax

574 1782 1051 1879 Contemptis
1102 1782 1274 1857 aliis
1326 1782 1646 1882 explosa
1696 1782 2134 1859 Arbuscula
2187 1782 2399 1858 dixit.

572 1908 751 1985 Mon
804 1919 1113 1983 moveat
1162 1908 1409 1985 cimex
1462 1907 1860 2005 Pantilius,
1913 1923 2046 1985 aut
2092 1907 2380 1984 cruciet
2431 1904 2644 2007 quod

572 2033 909 2110 Vellicet
958 2033 1348 2111 absentem
1398 2032 1858 2125 Demetrius,
1908 2047 2039 2109 aut
2099 2032 2307 2132 quod
2359 2034 2665 2131 ineptus

493 2190 545 2231 so
579 2158 911 2235 Fannius
964 2158 1479 2256 Hermogenis
1531 2157 1792 2233 laedat
1847 2160 2173 2235 conviva
2224 2158 2557 2257 Tigelli?

574 2283 865 2359 Plotius
922 2296 997 2360 et
1045 2282 1345 2380 Varius,
1394 2284 1796 2360 Maecenas
1848 2284 2398 2385 Vergiliusque

574 2408 901 2507 Valgius
955 2422 1031 2485 et
1083 2409 1358 2506 probet
1409 2408 1596 2485 haec
1650 2406 2012 2485 Octavius
2068 2410 2404 2506 optimus
2456 2420 2692 2508 atque

570 2534 863 2610 Fuscus
922 2546 995 2609 et
1048 2534 1241 2609 haec
1294 2534 1586 2609 utinam
1644 2534 2050 2611 Viscorum
2099 2534 2367 2611 laudet
2420 2548 2775 2634 uterque.

472 2786 599 2855 pius
657 2785 877 2840 amburi
924 2784 1189 2840 dicuntur
1234 2784 1332 2853 qui
1388 2782 1628 2840 fulmine

472 2857 610 2911 tacti
639 2874 751 2911 ιιοιι
774 2862 1154 2912 necantur.
1176 2854 1404 2912 Graecis
1430 2856 1630 2911 intacti

472 2927 734 2983 carminis
788 2929 1007 2998 auctor]
1053 2928 1394 2995 Concedam,
1442 2928 1628 2995 inquit

472 2999 759 3068 Horatius,
797 3000 1038 3055 libenter
1063 2999 1343 3055 Lucilium
1380 2968 1624 3054 limatio-

472 3088 592 3126 rem
630 3071 803 3127 fuisse
840 3090 1009 3141 quam
1044 3073 1106 3127 in
1130 3072 1373 3139 homine,
1400 3072 1497 3139 qui
1532 3088 1628 3142 ge-

473 3159 577 3197 nus
614 3143 842 3212 aliquod
878 3143 1159 3213 poeticum
1194 3144 1335 3199 rude
1364 3143 1547 3197 adhuc
1572 3147 1629 3197 et

473 3231 506 3267 a
546 3212 772 3270 Graecis
822 3215 1098 3270 intactum
1145 3216 1361 3285 primus
1407 3218 1629 3269 tentare

473 3286 695 3355 audeat,
736 3285 1049 3358 exspectari
1083 3287 1281 3356 possit.
1354 3286 1491 3347 Alii.
1530 3286 1628 3353 qui

472 3375 585 3411 non
640 3358 966 3427 tolerarent,
1024 3362 1311 3414 auctorem
1368 3356 1629 3412 carminis

472 3430 689 3500 graecis
725 3430 927 3485 intacti
950 3398 1159 3484 iterum
1195 3429 1431 3485 eundem
1460 3428 1626 3483 Luci·

476 3501 615 3555 lium
652 3500 923 3572 intellegi,
964 3501 1285 3555 maluerunt
1309 3500 1502 3555 videre
1538 3500 1631 3554 vel

475 3572 725 3627 Ennium
744 3574 903 3641 quasi
927 3572 1173 3642 primum
1209 3572 1511 3627 satirarum
1530 3589 1629 3625 au-

474 3650 686 3699 ctorem
728 3644 861 3699 vel
844 3661 1028 3714 ipsum
1064 3645 1241 3704 illum,
1269 3643 1506 3699 Horatio
1532 3660 1628 3697 no·

473 3714 670 3785 bisque
706 3716 963 3787 ignotum
1002 3716 1299 3784 antiquum
1326 3716 1628 3781 hominem,

475 3788 573 3856 qui
665 3788 840 3842 rimus
898 3788 1101 3842 satiras
1158 3787 1402 3843 scribere
1463 3802 1627 3839 ausus

474 3860 565 3914 sit.
670 3858 729 3913 ui
765 3858 1011 3913 Ennium
1052 3859 1263 3917 vident.
1301 3858 1370 3912 iis
1410 3857 1628 3912 Ennius

472 3930 641 3985 totius
680 3932 901 4001 generis
926 3931 1140 3985 satirici
1166 3935 1361 3985 auctor
1386 3933 1488 3991 est,
1515 3928 1627 3982 Lu-

474 4002 635 4057 cilius
692 4006 878 4057 autem
920 4002 1240 4057 recentioris
1284 4001 1489 4055 satirae
1544 4000 1626 4053 in·

474 4078 675 4129 ventor
693 4074 767 4143 (v.
786 4075 897 4141 48).
928 4102 995 4113 —
1020 4079 1307 4143 poetarum
1336 4070 1626 4140 seniorum]

472 4143 625 4199 Livii
652 4145 983 4213 Andronici,
1010 4144 1107 4199 On.
1132 4144 1351 4212 Naevii,
1376 4142 1626 4211 Pacuvii,

471 4217 640 4286 Attii,
678 4217 870 4279 Ennii,
915 4186 1169 4271 aliorum.
1208 4244 1275 4255 —
1315 4184 1547 4284 dilatus]
1579 4214 1626 4268 si

473 4288 595 4343 vita
628 4290 747 4343 eius
796 4288 857 4343 in
900 4292 1153 4342 nostram
1196 4289 1441 4341 aetatem
1490 4286 1626 4340 inci-

472 4359 663 4415 disset.
736 4358 829 4415 Sic
864 4358 1115 4429 (delatus)
1160 4375 1229 4413 ex
1267 4357 1425 4413 codd.
1474 4363 1627 4412 recte

474 4431 645 4485 etiam
720 4430 943 4485 Muller.
1026 4429 1267 4500 Kriiger.
1340 4428 1626 4485 Eckstein.

472 4501 903 4569 Hirschfelder-3
943 4501 1185 4556 alterum
1219 4500 1379 4571 delap
1380 4516 1474 4555 sus
1508 4519 1624 4557 non

474 4572 753 4634 debebant
810 4574 1059 4643 recipere
1122 4572 1362 4628 Fritsch.
1416 4572 1622 4628 Keller.

1726 2812 1791 2823 —
1829 2785 2157 2855 traheretur]
2195 2786 2346 2855 Quae
2399 2784 2610 2839 iustum
2647 2784 2882 2839 modum

1723 2864 2006 2927 superant,
2040 2874 2224 2941 aegra
2269 2861 2329 2911 et
2367 2858 2605 2911 molesta
2645 2856 2881 2939 trahun-

1723 2932 1832 2983 tur.
1884 2958 1951 2967 —
1996 2928 2144 2985 vivos
2191 2928 2421 2999 unques]
2470 2944 2644 2997 usque
2687 2928 2762 2982 ad
2803 2928 2882 2981 vi-

1723 3017 1852 3055 vam
1889 3017 2144 3068 carnem3
2198 3004 2460 3069 prostans
2483 3015 2648 3083 pars
2677 3000 2880 3069 ungui-

1721 3088 1818 3125 um
1853 3072 1974 3126 vita.
2013 3076 2186 3139 caret,
2220 3071 2352 3126 inde
2389 3072 2498 3140 ipsi
2533 3070 2651 3125 vivi
2685 3071 2882 3125 dicun·

1723 3147 1835 3198 tur.
1861 3172 1928 3182 —
1954 3143 2142 3199 stilum
2177 3142 2379 3213 vertas]
2417 3142 2564 3212 Supe
2567 3142 2718 3197 riore
2753 3142 2795 3196 i.
2833 3160 2879 3197 e.

1723 3215 1841 3269 lata
1891 3214 2010 3269 stili
2055 3219 2218 3283 parte
2261 3214 2581 3269 oblitterari
2619 3214 2880 3269 solebant

1722 3286 1868 3341 male
1903 3292 2145 3341 exarata.
2231 3285 2316 3340 De
2352 3288 2614 3355 correpta
2657 3284 2878 3353 syllaba

1723 3374 1816 3411 sae
1855 3359 1888 3411 ὃ
1925 3361 2056 3411 ante
2091 3363 2142 3411 st
2177 3357 2244 3411 cf.
2281 3357 2354 3412 ad
2391 3356 2508 3412 Sat.
2539 3356 2584 3424 Ι,
2623 3358 2678 3424 2,
2717 3358 2806 3410 30.

1845 3468 1858 3482 .
1899 3430 1985 3482 74.
2029 3428 2229 3497 paucis
2269 3427 2577 3498 lectoribus]
2619 3428 2720 3483 sed
2753 3430 2876 3498 qui-

1719 3499 1824 3554 bus
1877 3504 2090 3553 rectum
2135 3500 2211 3553 sit
2254 3500 2540 3555 iudicium.
2589 3528 2653 3539 —
2703 3500 2856 3555 ludis

1722 3568 1794 3625 cf.
1842 3570 2021 3639 Epist.
2059 3571 2104 3632 1,
2144 3573 2231 3639 20,
2272 3574 2354 3625 17.
2417 3600 2482 3611 -
2543 3572 2854 3627 Arbuscula

1719 3641 1896 3695 Mima
1941 3641 2052 3697 fuit
2095 3642 2329 3709 eximia3
2387 3660 2530 3711 quae
2589 3660 2718 3696 cum
2774 3644 2874 3699 ali·

1721 3712 1944 3782 quando
1992 3732 2026 3767 a
2069 3684 2434 3769 multitudine
2484 3713 2798 3783 exsibilata,
2843 3733 2874 3768 a

1720 3785 1912 3853 paucis
1958 3786 2240 3854 equitibus
2290 3785 2522 3841 laudata
2567 3790 2730 3847 esset.
2777 3786 2874 3841 ho-

1721 3856 2876 4000 affrettzffizssssssfflsitatiis.

1719 3998 2007 4070 praeferre
2044 3999 2203 4054 dixit.
2243 3999 2352 4055 Cic.
2391 4000 2462 4054 ad
2501 4003 2625 4054 Att-
2663 4000 2762 4068 IV,
2791 4004 2873 4069 15,

1721 4074 1779 4125 6:
1871 4070 2134 4141 „Quaeris
2195 4090 2345 4126 nunc
2408 4072 2478 4126 de
2532 4072 2871 4140 Arbuscula,

1721 4143 1884 4199 valde
1923 4142 2192 4212 placuit!⁸
2220 4172 2286 4184 —
2314 4142 2629 4212 Pantilius]
2659 4142 2870 4197 Nomen

1721 4219 1806 4269 est
1841 4214 1976 4269 mali
2021 4220 2236 4285 poetae,
2273 4214 2370 4283 qui
2417 4231 2544 4269 cum
2589 4214 2736 4269 clam
2779 4214 2872 4269 ad·

1721 4285 2419 4425 Ξῗέἲέἓω-Ρῧὲῗὲθὲὼ]
2434 4300 2616 4411 Ἓξ
2653 4286 2872 4425 ..230‘3

1760 4446 1826 4482 ra
1861 4447 1916 4483 v.
1947 4430 2012 4482 18
2049 4429 2240 4483 simius
2283 4428 2554 4483 auditn—
2587 4427 2870 4497 Fannius]

1769 4501 1968 4555 annius
2007 4498 2340 4567 Quadratus.
2373 4499 2484 4554 Sat.
2521 4500 2566 4558 Ι.
2605 4503 2658 4569 4,
2699 4502 2870 4553 21.—

1723 4570 1963 4642 Plotius]
2009 4572 2138 4627 vide
2186 4571 2259 4626 ad
2303 4571 2417 4627 Sat.
2455 4570 2500 4641 Ι,
2539 4574 2591 4639 5,
2629 4539 2718 4626 40.
2793 4570 2874 4627 De
