3092 5059
1091 241 1250 307 LIB.
1291 242 1373 307 II.
1421 240 1605 307 SAT.
1650 242 1767 307 ΙΠ.

2520 242 2645 307 443

336 429 576 523 Quin,
628 456 724 505 ex
776 454 932 528 quo
986 441 1098 505 est
1147 428 1453 506 habitus
1505 428 1709 505 male
1743 440 1953 505 tutae
1998 430 2281 505 mentis
2308 428 2643 526 Orestes,

333 554 470 629 Nil
521 579 706 631 sane
759 553 944 631 fecit
995 552 1206 654 quod
1259 568 1342 629 tu
1393 554 1963 653 reprehendere
2015 554 2293 651 possis:

331 680 516 755 Non
566 679 914 777 Pyladen
964 680 1178 755 ferro
1232 679 1528 755 violare
1578 706 1905 757 aususve
1954 705 2299 757 sororem

237 840 314 880 uo
336 805 752 899 Electram,
805 816 1101 881 tantum
1153 806 1553 883 maledicit
1600 806 1907 905 utrique
1956 804 2308 881 vocando

336 930 572 1007 Hanc
589 930 928 1027 Furiam,
962 931 1168 1007 hunc
1205 931 1442 1027 aliud,
1495 932 1711 1008 iussit
1746 931 1961 1031 quod
1998 930 2411 1031 splendida
2444 928 2647 1005 bilis.

336 1054 651 1153 Pauper
704 1054 1058 1153 Opimius
1103 1058 1407 1155 argenti
1454 1056 1686 1153 positi
1737 1057 1938 1132 intus
1991 1069 2069 1134 et
2118 1058 2310 1152 auri,

339 1179 497 1272 Qui
549 1180 1066 1258 Veientanum
1118 1182 1332 1261 festis
1383 1196 1659 1284 potare
1712 1182 1985 1261 diebus

343 1304 751 1407 Campana
799 1306 1070 1384 solitus
1119 1308 1352 1385 trulla
1402 1329 1897 1409 vappamque
1946 1307 2337 1407 profestis,

239 1470 316 1513 ιω
355 1432 778 1526 Quondam
824 1432 1173 1531 lethargo
1225 1426 1510 1530 grandi
1566 1446 1681 1511 est
1716 1459 2152 1533 oppressus,
2209 1446 2295 1510 ut
2342 1431 2569 1511 heres

340 1558 518 1637 Iam
563 1558 854 1635 circum
901 1556 1198 1633 loculos
1249 1570 1328 1634 et
1379 1559 1635 1635 claves
1687 1558 1933 1635 laetus
1984 1581 2379 1655 ovansque

345 1684 734 1763 Curi-eret.
806 1682 1038 1757 Hunc
1091 1681 1436 1759 medicus
1487 1682 1815 1759 multum
1870 1682 2077 1759 celer
2124 1696 2359 1781 atque
2402 1681 2653 1759 fidelis

344 1806 652 1883 Excitat
700 1806 850 1881 hoc
902 1820 1170 1907 pacto:
1223 1832 1569 1883 mensam
1614 1808 1805 1906 poni
1846 1808 2065 1885 iubet
2111 1820 2345 1907 atque

339 1931 658 2009 Effundi
707 1956 970 2007 saccos
1013 1958 1528 2028 nummorum,
1585 1931 1955 2009 accedere
2006 1932 2267 2031 plures

244 2090 319 2131 ιω
344 2055 477 2131 Ad
503 2055 1101 2133 numerandum:
1140 2054 1530 2133 hominem
1580 2056 1689 2133 sic
1726 2057 1997 2155 erigit3
2052 2056 2273 2133 addit
2310 2070 2387 2132 et
2414 2058 2651 2133 illud:

345 2182 502 2277 „Ni
549 2194 684 2255 tua
733 2182 1094 2278 custodie,
1145 2182 1422 2259 avidus
1475 2183 1631 2259 iam
1682 2184 1876 2260 haec
1928 2184 2231 2261 auferet
2280 2180 2581 2261 heres.“

346 2306 581 2402 „Men
597 2302 1244 2402 vivo?“„Utvivas
1254 2307 1512 2404 igitur,
1521 2308 1781 2405 vigila:
1793 2304 2441 2407 hocage.“„Quid
2454 2305 2657 2386 vis?“

352 2430 779 2527 „Deficient
824 2432 1139 2531 inopem
1193 2456 1437 2510 venae
1479 2446 1579 2521 te,
1632 2434 1717 2510 ni
1770 2434 1985 2511 cibus
2037 2447 2271 2532 atque

350 2556 643 2653 Ingens
693 2556 996 2633 accedit
1037 2558 1430 2633 stomacho
1482 2558 1775 2653 fultura
1826 2558 2105 2635 ruenti.

251 2713 321 2754 mn
347 2681 466 2755 Tu
519 2686 820 2757 cessas?
866 2680 1222 2781 agedum,
1275 2708 1494 2758 sume
1543 2681 1695 2758 hoc
1747 2683 2192 2759 tisanarium
2247 2678 2597 2782 oryzae.“

319 2944 382 3000 V.
429 2949 551 3001 139.
627 2948 896 3019 Pyladen]
961 2949 1172 3006 Orestis
1229 2968 1410 3005 exem·

256 3018 412 3086 plum
432 3018 638 3075 Stoicis
658 3019 768 3074 fuit
795 3021 1248 3091 usitatissimum3
1279 3024 1412 3078 inde

255 3090 426 3145 etiam
477 3092 630 3160 apud
665 3090 919 3147 Persium
969 3098 1019 3155 3,
1064 3097 1188 3148 118:
1253 3094 1411 3163 „Non

255 3162 376 3215 sani
425 3180 546 3223 esse
593 3162 836 3218 hominis
891 3182 1004 3218 non
1049 3184 1212 3220 sanus
1264 3167 1413 3222 iuret

255 3230 531 3287 Orestes.“
608 3234 880 3289 Ceterum·
901 3238 1050 3291 ratio
1087 3238 1180 3293 hic
1216 3238 1412 3293 habita

255 3310 339 3357 est
393 3304 609 3359 Orestis
665 3306 962 3376 Euripidei
1015 3327 1068 3363 v.
1117 3311 1240 3373 264,
1301 3328 1412 3378 quo

256 3374 482 3461 Orestes
547 3376 778 3433 Furiam
843 3381 1091 3449 appellat
1162 3399 1412 3435 sororem

254 3444 362 3515 (μί’
409 3466 553 3501 occsa
605 3450 714 3503 τῶν
769 3451 925 3521 ἐμῶν
975 3448 1299 3521 Ἐριννύων).
1341 3482 1415 3493 --·

257 3518 546 3585 splendida
590 3520 739 3591 bilis]
789 3522 937 3591 „Bili
984 3526 1244 3579 morbose
1285 3542 1414 3579 con-

259 3588 524 3645 densatae
571 3597 629 3646 et
669 3598 970 3662 propterea
1015 3596 1258 3664 asphalti
1295 3614 1414 3665 spe⁹

261 3660 345 3715 cie
393 3662 802 3732 splendescenti
849 3683 882 3719 a
926 3666 1158 3721 medicis
1201 3668 1414 3722 tribue·

259 3730 428 3787 batur
451 3736 848 3805 μελαγχολία.“
877 3736 1138 3793 Orellius.
1165 3740 1235 3795 cf.
1261 3740 1414 3793 Pers.

261 3804 310 3865 3,
331 3806 366 3857 8
401 3807 712 3877 „turgescit
746 3809 930 3863 vitrea
963 3810 1148 3865 bilis.“
1180 3840 1231 3849 -
1277 3827 1415 3881 pau-

261 3890 358 3941 per
393 3878 632 3947 arpenti]
671 3879 785 3934 Sat.
825 3880 870 3949 1,
907 3884 955 3948 1,
983 3884 1068 3935 79.
1107 3882 1208 3938 cfr.
1232 3882 1414 3939 Carm.

262 3944 362 4026 ill,
407 3948 488 4031 1⁸6,
527 3948 613 4003 28.
684 3950 804 4006 Iam
851 3953 1061 4008 reiecta
1104 3954 1302 4024 populi
1345 3955 1416 4009 de

261 4034 477 4099 insania
514 4020 778 4090 opinione
827 4024 900 4080 ad
945 4043 1178 4080 avarum
1217 4026 1414 4081 Sterti-

263 4104 386 4143 mus
423 4091 572 4147 redit
597 4112 834 4163 eumque
859 4114 924 4151 eo
948 4096 1266 4166 profectum
1297 4114 1416 4152 esse

265 4163 510 4216 ostendit
550 4164 798 4221 insaniae
845 4172 910 4221 ut
961 4184 1094 4237 opes
1139 4170 1263 4239 ipsa
1297 4169 1417 4224 vita

264 4232 504 4313 cariores
543 4236 750 4292 habeat
785 4240 861 4306 (ν.
903 4242 1227 4308 142—159).
1284 4240 1416 4309 Opi-

263 4318 406 4385 mlus
450 4323 653 4361 nomen
689 4315 774 4364 est
816 4311 1060 4365 hominis
1103 4312 1302 4383 ignoti.
1347 4342 1414 4351 --

278 4372 656 4450 Vezentamm]
695 4382 806 4435 vile
842 4382 1051 4437 vinum.
1105 4414 1165 4422 -
1226 4384 1418 4453 trulla]

267 4460 378 4513 qua
411 4450 605 4504 vinum
642 4470 711 4507 ex
749 4460 967 4509 cratere
1003 4454 1062 4508 in
1097 4456 1300 4525 pocula
1333 4456 1415 4509 in·

269 4514 543 4575 funditur.
615 4523 896 4593 Campana
931 4526 1062 4581 vilis
1097 4532 1196 4581 est.
1275 4526 1418 4582 Vide

266 4586 336 4641 ad
373 4588 486 4647 Sat.
524 4593 568 4657 Ι,
611 4598 664 4665 6,
705 4599 826 4651 118.
864 4627 933 4637 -
985 4598 1170 4669 ενίρίι]
1214 4616 1416 4669 corpus

1501 2952 1745 3023 aegroti3
1811 2951 1883 3006 cf.
1934 2950 2049 3007 Sat.
2102 2951 2171 3019 11,
2209 2952 2261 3019 8,
2299 2952 2385 3005 58.
2440 2978 2505 2991 -
2566 2952 2663 3006 hoo

1503 3024 1626 3095 aye]
1683 3024 1919 3093 Sumpta
1970 3023 2145 3077 verba
2192 3041 2227 3077 a
2270 3039 2545 3091 praecone
2600 3024 2659 3077 in

1505 3096 1678 3151 sacris
1715 3094 2045 3163 incipiendis
2093 3095 2166 3149 ad
2202 3094 2527 3149 excitandos
2563 3094 2661 3148 ho-

1505 3168 1719 3222 minum
1768 3168 1999 3233 animos,
2053 3184 2125 3221 ne
2178 3166 2417 3220 aliarum
2473 3183 2663 3219 rerum

1505 3238 1850 3309 cogitatione
1894 3237 2362 3293 distraherentur.
2416 3265 2475 3275 --
2528 3236 2664 3305 quid

1501 3312 1588 3365 vis
1655 3309 1865 3380 Opimii
1912 3315 2043 3364 sunt
2077 3309 2267 3364 verba.
2312 3338 2379 3347 --
2424 3308 2661 3378 inopem]

1506 3382 1575 3437 de
1603 3386 1787 3436 ectum
1846 3380 2079 3435 viribus.
2155 3398 2385 3450 prorsus
2458 3378 2661 3434 exhau-

1505 3458 1675 3508 stum.
1694 3482 1764 3493 --
1790 3452 1981 3521 inqens
2000 3452 2239 3522 fultura]
2266 3451 2453 3506 Senec.
2473 3452 2661 3520 Epist.

1506 3527 1603 3578 95:
1668 3524 1831 3593 „vino
1883 3523 2103 3579 fulcire·
2126 3541 2297 3579 venas
2350 3523 2660 3578 cadentes.“

1507 3596 1732 3651 Lucret.
1778 3594 1871 3663 IV,
1912 3597 2045 3649 868:
2112 3594 2455 3664 „Propterea
2513 3596 2661 3664 capi-

1509 3672 1605 3723 tur
1640 3668 1817 3735 cibus,
1852 3672 1921 3721 ut
1956 3666 2241 3721 suffulciat
2282 3667 2494 3721 artus.“
2564 3668 2661 3721 In-

1507 3739 1661 3809 qemi
1708 3745 1897 3793 autem
1941 3756 2081 3807 opus
2120 3744 2208 3793 est
2247 3738 2480 3805 fultura,
2530 3738 2665 3805 quia

1506 3812 1674 3881 plane
1710 3810 2011 3865 exhaustus
2048 3814 2133 3865 est
2169 3810 2355 3864 homo.
2428 3808 2542 3862 Alii
2578 3812 2663 3863 ta-

1509 3900 1637 3938 men
1665 3882 1867 3951 quibus
1895 3883 2151 3950 ineptum
2183 3881 2501 3947 videbatur,
2535 3898 2661 3951 gra-

1507 3955 1654 4009 viter
1713 3953 2059 4025 aegrotantis
2117 3953 2359 4007 hominis
2420 3952 2663 4007 curatio-

1509 4044 1636 4081 nem
1674 4026 1746 4079 ab
1784 4025 2053 4080 athletico
2092 4025 2249 4079 victu
2273 4024 2537 4080 incohare
2560 4039 2665 4078 nec

1508 4098 1630 4152 veri
1679 4098 1879 4165 simile,
1933 4114 2133 4165 oryzae
2192 4096 2525 4151 tisanarium
2579 4096 2663 4149 in-

1507 4174 1734 4240 gentem
1780 4169 2053 4223 sulturam
2088 4168 2428 4237 praebuisse,
2480 4167 2663 4221 locum

1509 4240 1917 4296 emendandum
1980 4258 2095 4295 esse
2159 4244 2453 4309 putarunt,
2518 4238 2661 4292 Ben-

1509 4312 1703 4367 tleius:
1743 4328 2018 4381 praesens,
2050 4310 2389 4365 Markland-z
2431 4311 2664 4381 inposta,

1512 4384 1765 4438 Sanado:
1814 4384 2050 4439 instans.
2108 4382 2432 4437 Horkelius:
2480 4381 2541 4436 id
2577 4397 2661 4451 oe·

1509 4470 1633 4509 nus.
1674 4483 1735 4493 —-
1772 4455 2133 4522 tisanarium]
2168 4454 2406 4509 sorbitio
2444 4471 2509 4508 ex
2550 4452 2660 4507 fer-

1511 4526 1664 4581 venti
1720 4544 1869 4595 aqua
1916 4532 1974 4580 et
2018 4542 2202 4594 oryza,
2256 4524 2477 4594 saepius
2533 4524 2661 4579 hor-

1509 4598 1635 4667 de0,
1692 4597 1862 4653 facta.
1943 4598 2175 4668 Oryzam
2231 4614 2299 4655 ea
2354 4602 2539 4654 aetate
2590 4614 2661 4654 ex
