3092 5059
505 269 634 336 564

1405 267 2026 336 EPISTULARUM

611 457 861 556 Surge
903 469 979 534 et
1029 457 1496 534 inhumanae
1541 457 1838 533 senium
1892 455 2199 558 depone
2252 459 2671 557 Camenae,

609 580 860 660 Cenes
909 595 997 659 ut
1045 585 1340 684 pariter
1388 580 1789 683 pulmenta
1837 582 2239 660 laboribus
2292 597 2595 686 empta:

605 709 968 785 Romanis
1021 708 1394 785 sollemne
1443 708 1629 783 viris
1683 734 1899 806 opus,
1952 709 2141 786 utile
2193 711 2451 786 famae

400 908 410 919 ,
527 870 578 911 ω
610 835 995 935 Vitaeque
1047 848 1124 911 et
1170 835 1563 932 membris,
1616 835 2073 934 praesertim
2124 861 2300 911 oum
2349 835 2619 912 valeas
2672 849 2747 912 et

609 959 758 1036 Vel
813 984 1038 1034 eursu
1091 985 1457 1060 superare
1509 984 1780 1036 eanem
1831 961 1953 1036 vel
1996 960 2288 1036 viribus
2342 987 2627 1060 aprum

613 1085 890 1160 Possis.

996 1084 1252 1180 Adde,
1311 1085 1569 1161 virilia
1623 1085 1836 1185 quod
1878 1085 2296 1184 speciosius
2342 1112 2562 1163 arma

609 1210 784 1286 Non
833 1225 948 1287 est
997 1212 1134 1309 qui
1184 1223 1497 1287 tractet:
1553 1213 1697 1286 seis
1751 1236 1906 1311 quo
1966 1210 2307 1288 elamore
2360 1237 2700 1290 coronae

615 1335 926 1412 Proelia
974 1337 1345 1413 sustineas
1401 1337 1893 1433 campestria3
1950 1337 2286 1437 denique
2332 1363 2647 1414 saevam

527 1491 578 1534 ω
613 1461 972 1538 Militiam
1023 1487 1216 1560 puer
1263 1475 1338 1538 et
1391 1461 1851 1538 Cantabrica
1903 1463 2112 1538 bella
2158 1463 2404 1539 tulisti

613 1584 771 1663 Sub
825 1585 1043 1680 duee,
1101 1587 1237 1686 qui
1287 1587 1597 1688 templis
1650 1586 2109 1662 Parthorum
2162 1589 2385 1686 signa
2434 1588 2701 1688 refigit

608 1712 834 1788 Nune
885 1725 982 1810 et,
1037 1717 1104 1788 si
1158 1712 1346 1812 quid
1398 1715 1637 1808 abest,
1692 1711 1909 1788 Italis
1958 1712 2356 1788 adiudicat
2398 1715 2661 1789 armis.

611 1837 754 1934 Ae,
809 1863 908 1914 ne
958 1851 1036 1914 te
1088 1837 1430 1914 retrahas
1477 1851 1553 1914 et
1598 1838 2144 1913 inexcusabilis
2196 1839 2426 1930 absis,

618 1963 986 2056 Quamvis
1039 1963 1152 2038 nil
1203 1977 1418 2040 extra
1467 1989 1876 2039 numerum
1934 1964 2212 2039 fecisse
2263 1965 2743 2064 modumque

529 2123 582 2164 σο
619 2086 887 2182 Curae,
933 2088 1326 2164 interdum
1377 2089 1695 2185 nugaris
1750 2113 1933 2164 rure
1980 2101 2341 2188 patern03

612 2214 950 2290 Partitur
997 2215 1264 2291 lintres
1317 2215 1714 2310 exereitus,
1766 2214 1997 2290 Aetia
2046 2239 2313 2314 pugna

615 2339 725 2415 Te
777 2340 974 2416 duee
1023 2365 1167 2438 per
1215 2365 1500 2437 pueros
1543 2339 1811 2414 hostili
1862 2365 2079 2416 more
2124 2313 2488 2434 refertum

617 2463 1132 2541 Adversarius
1185 2477 1297 2540 est
1343 2465 1605 2561 frater,
1656 2464 1870 2540 lacus
1922 2463 2245 2560 Hadria,
2300 2464 2553 2541 donee

515 2694 574 2746 et
596 2688 702 2743 hae
728 2705 976 2743 oassssve
1001 2685 1141 2742 ferri
1178 2687 1354 2742 aeiem
1377 2687 1667 2742 vineunt.“

515 2761 674 2816 Grat.
735 2761 938 2831 Cyneg.
998 2760 1068 2812 85
1125 2759 1194 2813 de
1255 2757 1396 2814 lino:
1455 2760 1670 2828 „bonus

515 2832 746 2887 Aeoliae
803 2831 873 2886 de
930 2831 1078 2886 valle
1143 2829 1390 2898 Sibyllae
1445 2831 1671 2885 Fetus.“

516 2903 677 2972 Quod
715 2903 918 2972 reliqui
953 2903 1113 2958 codd.
1158 2918 1348 2957 omnes
1395 2904 1669 2971 praebent

515 2976 746 3042 Aetolia,
782 2992 896 3029 non
929 2974 1120 3044 potuit
1155 2974 1408 3044 intellegi
1453 2975 1565 3028 nisi
1600 2975 1670 3029 de

515 3047 824 3117 Meleagro,
875 3047 997 3116 apri
1037 3046 1326 3115 Calydonii
1371 3047 1538 3100 eaede
1588 3047 1671 3100 in-

515 3119 680 3187 olito;
721 3118 872 3186 quod
909 3129 1075 3186 quam
1124 3119 1291 3188 longe
1325 3119 1568 3186 petitum
1606 3135 1672 3173 ae

515 3190 981 3317 ffgffikigsseri}
1019 3190 1156 3316 :effa
1203 3190 1484 3316 segieffdssa
1497 3190 1672 3315 eggid

517 3334 910 3462 samias}
953 3279 1673 3470 samaritissa&

515 3484 622 3534 ter.
661 3478 712 3531 D
819 3476 978 3532 erlin.
1013 3477 1297 3532 Eekstein.
1339 3477 1546 3531 Keller.
1582 3494 1671 3531 eo·

518 3551 706 3604 dieum
754 3549 1053 3603 lectionem
1107 3549 1314 3603 Aetolis
1357 3553 1673 3603 servarunt.

519 3622 604 3676 De
638 3622 822 3692 plagis
858 3621 929 3675 ef.
968 3621 1148 3688 Epist.
1187 3621 1230 3688 Ι,
1267 3621 1320 3688 6,
1355 3621 1443 3675 58.
1481 3651 1549 3660 --
1586 3621 1673 3673 in-

517 3693 787 3749 humanae
833 3691 1118 3762 Camenae]
1165 3709 1390 3746 severae
1437 3710 1504 3746 ao
1554 3709 1671 3746 mo-

518 3782 694 3835 rosae,
741 3765 1004 3834 quoniam
1058 3763 1185 3818 odit
1237 3765 1563 3818 venationes
1608 3781 1675 3819 ae

517 3837 727 3892 similes
769 3835 1186 3891 delectationes.
1271 3835 1358 3890 De
1401 3837 1555 3890 senio
1604 3836 1671 3890 ef.

517 3909 701 3980 Epod.
746 3911 828 3975 13,
877 3909 926 3962 5.
971 3937 1040 3948 -
1089 3908 1361 3962 Romanis
1404 3906 1671 3978 sollemne]

517 3982 570 4035 A
607 3978 922 4052 praeseptis
958 3979 1160 4034 idoneo
1185 3979 1308 4034 loeo
1335 3980 1542 4034 leniter
1580 3980 1672 4034 de-

516 4053 732 4108 labitur
797 4054 968 4120 posta
1031 4051 1106 4105 ad
1164 4050 1386 4106 laudem
1455 4051 1674 4105 iuvenis

519 4126 702 4191 amici,
731 4123 982 4192 eorporis
1005 4123 1202 4193 vigore
1235 4141 1300 4177 ae
1327 4123 1532 4178 robore
1558 4139 1673 4176 om-

517 4196 786 4265 niumque
831 4194 1033 4264 quibus
1082 4199 1206 4248 tum
1242 4195 1469 4250 iuvenes
1515 4212 1673 4250 exer-

517 4269 789 4324 cebantur
835 4265 1110 4320 nobilium
1156 4267 1416 4322 ludorum
1463 4267 1673 4321 exerei-

515 4341 735 4396 tatione
771 4340 922 4394 inter
945 4337 1204 4406 aequales
1235 4339 1487 4408 insignis.
1527 4337 1673 4393 Tan-

515 4411 645 4467 dem
681 4429 735 4467 v.
765 4412 836 4464 65
876 4410 947 4465 ad
985 4415 1380 4480 argumentum
1417 4416 1476 4466 et
1511 4427 1674 4480 prae-

519 4487 684 4553 septa
723 4482 1048 4537 revertitur.
1096 4509 1163 4520 —
1213 4482 1466 4548 coronae]
1505 4486 1571 4537 A.
1610 4481 1672 4535 P.

519 4555 642 4610 881.
663 4581 732 4594 —-
749 4552 1096 4623 oanupestn'a]
1121 4553 1182 4605 in
1207 4552 1414 4622 Campo
1443 4553 1673 4608 Martio.

519 4624 587 4679 A.
622 4623 686 4678 P.
725 4627 846 4679 379.
877 4651 944 4664 -
986 4622 1320 4679 canabo-ica
1347 4623 1505 4696 bella]
1545 4625 1674 4694 Ipse

1764 2689 2051 2759 Augustus
2089 2705 2137 2742 a.
2178 2705 2233 2742 u.
2272 2705 2319 2742 e.
2353 2687 2461 2742 729
2505 2687 2811 2743 exereitum
2846 2687 2893 2738 in

1766 2759 2074 2814 Cantabros
2130 2765 2189 2814 et
2244 2760 2481 2814 Astures
2536 2761 2793 2815 duxerat.
2838 2785 2894 2796 -

1766 2861 1834 2870 -
1884 2832 2063 2900 refigit
2130 2831 2312 2886 Carm.
2363 2832 2408 2897 1,
2458 2833 2545 2900 28,
2601 2835 2683 2886 11.
2754 2830 2893 2900 Signa

1764 2902 2017 2958 Romana
2098 2921 2252 2958 rasso
2288 2921 2323 2958 a
2358 2903 2587 2958 Parthis
2634 2904 2765 2957 olim
2800 2917 2891 2956 ere-

1763 2978 1865 3043 pta
1900 2977 2157 3046 Augusto
2196 2993 2231 3028 a
2256 2974 2497 3030 Prahate
2530 2975 2757 3031 reddita
2788 2975 2891 3027 sunt

1765 3064 1815 3100 a.
1856 3049 1978 3100 734.
2044 3047 2117 3100 of.
2157 3047 2339 3102 Carm.
2377 3045 2473 3116 IV,
2513 3049 2601 3115 15,
2640 3049 2691 3101 6.
2764 3045 2891 3099 Cete-

1762 3135 1891 3172 rum
1925 3117 2105 3187 reflyit
2139 3135 2255 3172 non
2288 3117 2571 3189 signifieat
2602 3119 2797 3173 itm-n
2826 3114 2892 3180 a(-

1760 3189 1939 3260 ssyere.
1990 3189 2077 3244 uti
2126 3190 2369 3245 Christio
2416 3191 2477 3244 in
2522 3189 2679 3244 Fast.
2722 3188 2893 3242 Horat.

1764 3261 2009 3330 Epiorisi
2045 3279 2101 3330 p.
2140 3264 2213 3314 24
2249 3261 2433 3316 visum
2469 3266 2571 3316 est.
2636 3261 2707 3316 ef.
2750 3260 2891 3314 etiam

1764 3331 1945 3403 Epod.
1988 3335 2069 3399 17,
2107 3336 2159 3387 5.
2196 3363 2264 3374 —
2300 3333 2354 3387 si
2393 3333 2531 3402 quid
2574 3331 2747 3402 abest]
2790 3331 2893 3384 Non

1766 3404 1933 3458 eredo
1986 3404 2417 3474 interpretibus,
2488 3403 2789 3474 significari
2836 3399 2891 3454 ab

1766 3475 2001 3531 Horatio
2050 3477 2376 3531 Armeniam
2424 3476 2621 3530 eodem
2670 3481 2891 3543 tempore

1766 3548 2037 3603 Artaxias
2074 3548 2395 3618 ademptam
2428 3551 2486 3602 et
2529 3547 2763 3620 Tigrani
2800 3551 2891 3598 tra·

1766 3619 1961 3675 ditam.
2031 3619 2173 3674 Nam
2209 3620 2319 3675 hoe
2350 3619 2579 3687 dieitur,
2618 3616 2889 3674 extendere

1769 3693 2081 3762 Augustum
2117 3691 2434 3746 Romanum
2469 3691 2761 3761 imperium
2808 3701 2889 3756 per

1766 3767 1953 3818 totum
2018 3764 2211 3819 orbem
2276 3768 2573 3819 terrarum.
2636 3791 2703 3803 —
2758 3763 2889 3815 extra

1766 3851 2044 3890 numum
2070 3834 2413 3905 modumque]
2440 3834 2809 3906 metaphorice
2838 3831 2889 3880 ut

1768 3907 1951 3978 Epist.
1990 3907 2061 3975 11,
2099 3909 2152 3975 2,
2196 3910 2327 3976 144;
2376 3907 2447 3962 de
2482 3909 2715 4034 progr-ia
2746 3898 2887 3973 signi·

1764 3977 2030 4034 ficatione
2068 3978 2139 4033 of.
2176 3982 2243 4034 A.
2283 3978 2342 4033 P.
2382 3981 2504 4033 211.
2620 3981 2685 4034 'e.
2718 3969 2886 4052 Pand-

1768 4053 1821 4119 3,
1858 4053 1921 4104 2:
1980 4051 2217 4120 „histrio
2270 4052 2320 4106 si
2364 4051 2597 4121 paulum
2642 4067 2699 4104 se
2739 4050 2885 4101 mont

1768 4126 1931 4176 extra
1970 4139 2284 4191 numerum,
2321 4122 2706 4178 exsibilatur.“
2764 4117 2884 4196 Beue

1767 4194 2883 4380 3¹51?;².22²¹3⁸.⁰⁸⁶0t1m·.¹2.m¹¹53:.0

1764 4337 2473 4480 ἷὲἕΐαξῗὲἷίίίῖιιὲἒίὴὲι
2553 4409 2567 4422 “
2594 4409 2651 4463 la
2679 4333 2878 4488 Ιρξὲζω

1764 4480 2022 4536 ludentes
2046 4498 2295 4553 pugnam
2326 4481 2587 4536 navalem
2612 4481 2877 4534 Actus-m,

1766 4553 2207 4608 adulescentium
2274 4553 2407 4623 (per
2470 4567 2673 4622 paeon
2718 4567 2766 4604 v.
2802 4542 2876 4606 825

1764 4641 1881 4680 non
1904 4642 2211 4695 servorum,
2248 4641 2389 4694 quos
2412 4623 2581 4680 liberi
2604 4621 2873 4680 adulescen-
