3092 5059
1000 226 1161 293 ΜΒ.
1206 228 1259 295 1.
1305 225 1556 294 CARM.
1600 225 1882 293 XXXII.
2565 222 2647 289 99

1048 418 1427 505 GARMEN
1494 418 1838 503 XXXII.

548 584 975 659 Poscimur.

1080 584 1159 661 Si
1216 583 1404 683 quid
1458 586 1678 659 vacui
1730 583 1872 659 sub
1925 582 2199 657 umbra

546 708 905 785 Lusimus
950 724 1229 805 tecum,
1287 708 1498 807 quod
1554 722 1628 785 et
1680 708 1886 784 hunc
1937 710 2018 784 in
2072 733 2356 783 annum

546 830 781 909 Vivat
832 846 905 910 et
955 835 1239 932 plures,
1300 858 1445 933 age
1500 836 1626 910 dic
1675 832 2034 911 Latinum

746 958 1063 1033 Barbite
1116 984 1450 1055 carmen,

487 1139 515 1180 u
553 1107 834 1184 Lesbio
891 1109 1230 1206 primum
1281 1110 1678 1186 modulate
1733 1110 1904 1205 civi,

550 1226 706 1318 Qui
755 1227 975 1302 ferox
1029 1226 1236 1302 bello
1292 1241 1552 1302 tamen
1603 1229 1802 1303 inter
1858 1256 2074 1305 arma

554 1348 736 1425 Sive
784 1352 1143 1427 iactatam
1192 1351 1562 1451 religarat
1611 1353 1768 1429 udo

747 1474 1015 1551 Litore
1066 1502 1365 1573 navem,

546 1624 918 1701 Liberum
976 1639 1051 1702 et
1102 1626 1361 1705 Musas
1419 1626 1960 1725 Veneremque
2013 1638 2088 1701 et
2135 1624 2256 1701 illi

464 1786 519 1825 ιο
557 1747 881 1849 Semper
928 1750 1373 1828 haerentem
1430 1776 1760 1851 puerum
1806 1750 2132 1827 canebat

546 1920 589 1975 C
602 1939 744 1977 arm
758 1940 839 1977 en
874 1921 1105 1977 XXXII.

320 1992 461 2047 Cum
478 2010 753 2063 magnum
773 1994 988 2063 aliquid
1018 1995 1077 2048 in
1094 2011 1158 2049 re
1174 1994 1405 2063 publica

249 2063 567 2126 accidisset,
604 2064 831 2121 videtur
866 2066 1137 2121 Horatius
1161 2066 1235 2121 ab
1266 2066 1401 2121 ami-

248 2135 323 2191 cis
359 2140 601 2205 rogatus
638 2154 771 2203 esse,
819 2142 885 2191 ut
930 2138 1177 2191 carmine
1214 2138 1402 2205 aliquo

244 2208 509 2277 graviore
532 2208 680 2263 illud
704 2209 857 2279 quod
882 2209 1115 2279 dignum
1146 2210 1403 2264 omnibus

246 2296 459 2333 summo
510 2278 725 2333 honore
774 2280 1059 2335 videretur
1104 2281 1177 2334 ad
1227 2286 1403 2335 aeter-

247 2367 377 2404 nam
435 2352 773 2433 memoriam
833 2357 1203 2407 consecraret.
1300 2352 1405 2407 Ille

248 2427 435 2476 autem
474 2422 576 2491 qui
611 2423 832 2493 magnis
882 2423 1049 2478 rebus
1098 2423 1269 2493 digne
1316 2439 1403 2477 ca-

248 2493 484 2549 nendis'
467 2511 745 2563 imparem
769 2512 827 2549 se
852 2494 1083 2549 haberet
1121 2495 1204 2563 (in
1237 2511 1406 2562 quam

247 2582 367 2619 rem
408 2565 557 2619 bene
604 2571 967 2634 comparatur
1020 2565 1202 2621 Carm.
1249 2566 1292 2622 1
1336 2568 1405 2633 6),

248 2636 351 2690 hoc
402 2652 587 2705 parvo
634 2636 733 2691 sed
779 2637 1109 2692 suavissimo
1159 2637 1407 2693 carmine

246 2706 555 2777 respondit.
657 2704 919 2763 Ostendit
971 2709 1163 2778 igitur,
1225 2708 1406 2777 qualis

246 2796 345 2833 sua
397 2780 476 2833 sit
538 2780 737 2848 poesis,
800 2780 983 2850 qualis
1042 2781 1165 2849 ipse
1218 2785 1405 2848 poeta,

246 2850 381 2919 quid
418 2851 535 2905 sibi
559 2851 785 2905 valeant
819 2851 1093 2907 carmina:
1131 2852 1312 2919 lyrica
1348 2868 1407 2905 se

248 2920 597 2977 Graecorum
634 2928 935 2991 poetarum
958 2940 1176 3006 genera
1194 2924 1267 2977 ad
1298 2922 1405 2977 La-

244 2994 389 3047 tinas
431 2994 661 3048 litteras
698 2995 1031 3061 transferre,
1081 2995 1297 3049 imitari
1350 3011 1408 3048 se

244 3066 521 3119 Alcaeum
556 3066 656 3133 qui
694 3066 843 3121 inter
890 3066 1039 3121 bella
1074 3072 1133 3121 et
1176 3066 1409 3136 negotia

248 3141 304 3191 et
340 3138 567 3192 labores
618 3154 867 3193 amorem
916 3138 1187 3193 cecinerit
1232 3144 1291 3191 et
1326 3137 1407 3191 vi-

249 3225 401 3271 num,
428 3225 537 3263 sua
560 3208 749 3263 omnia
772 3209 920 3266 levia
946 3226 1064 3265 esse
1088 3215 1147 3265 et
1170 3209 1405 3273 ludicra,

249 3280 502 3334 nondum
555 3297 613 3334 se
666 3280 929 3335 accedere
977 3280 1051 3336 ad
1100 3280 1271 3335 serias
1318 3298 1407 3333 res

250 3352 339 3405 vel
376 3351 777 3406 describendas
812 3351 901 3407 vel
942 3352 1241 3420 docendas,
1276 3368 1406 3421 poe-

248 3421 355 3475 sim
395 3422 513 3477 sibi
548 3440 665 3477 esse
700 3424 965 3477 comitem
1002 3422 1153 3479 vitae
1195 3428 1252 3479 et
1277 3440 1407 3477 con-

251 3493 575 3547 solatricem
609 3494 671 3548 in
713 3494 1015 3549 laboribus.
1092 3494 1240 3562 Quas
1286 3512 1407 3549 sen-

250 3566 460 3620 tentias
510 3582 639 3621 cum
688 3567 1083 3635 composueris,
1129 3566 1408 3649 contineri

253 3634 359 3691 hoc
395 3637 650 3693 carmine
698 3640 903 3693 senties
952 3638 1243 3708 egregiam
1288 3638 1407 3693 lau-

251 3707 538 3763 dationem
584 3709 769 3779 poesis
815 3710 1053 3778 lyricae3
1101 3726 1245 3779 quae
1296 3726 1407 3777 quo

252 3796 396 3834 anno
435 3780 651 3849 scripta
686 3782 763 3834 sit
797 3798 912 3835 non
950 3748 1158 3835 facile
1143 3782 1406 3835 mvenies.

253 3848 589 3907 Oeconomia
624 3854 892 3907 carminis
918 3853 1055 3908 haec
1078 3860 1188 3907 est.
1223 3851 1409 3921 prima

254 3923 491 3993 stropha
548 3924 839 3979 occasione
910 3925 1148 3979 canendi
1208 3924 1410 3979 leviter

252 3992 573 4078 significata
628 4012 804 4065 genus
855 3995 1055 4065 poesis,
1116 3996 1299 4050 altera
1354 4000 1410 4049 et

253 4066 427 4120 tertia
436 4072 789 4137 argumenta,
805 4072 1009 4136 quarta
1028 4066 1409 4123 laudationem

255 4136 429 4191 habet
450 4136 731 4207 finemque
754 4156 919 4208 quem
946 4144 1117 4208 poeta
1142 4144 1410 4207 sequatur

256 4208 522 4263 ostendit.
607 4210 867 4265 Ceterum
922 4210 1031 4265 hoc
1084 4228 1216 4265 suat
1222 4228 1253 4264 e
1306 4214 1410 4276 est,

260 4280 414 4349 quod
448 4280 715 4337 Horatius
750 4281 885 4338 dum
934 4282 1160 4337 videtur
1207 4298 1411 4351 parare

258 4356 483 4478 ιαιιῃιὲιιιιι
508 4370 750 4422 carmen,
784 4354 1265 4424 elegantissimum
1298 4353 1412 4407 iam

260 4438 325 4477 co
392 4424 520 4479 ecit.

328 4493 399 4549 V.
449 4498 495 4550 1.
543 4496 859 4567 Post-imur]
905 4513 981 4551 sc.
1038 4514 1266 4551 carmen
1322 4496 1412 4549 vel

260 4566 527 4623 carmina.
601 4568 675 4624 cf.
723 4568 887 4623 Ovid.
934 4568 1085 4623 Fast.
1134 4567 1229 4636 IV,
1278 4568 1413 4621 721:

1506 1923 1744 1994 „Palilia
1790 1940 2008 1993 poscor.
2014 1922 2041 1951 “
2119 1922 2254 1977 Met.
2297 1922 2362 1991 V,
2399 1924 2522 1977 333.
2559 1920 2654 1987 IV,

1504 1998 1626 2049 274.
1651 1995 1944 2049 Schiitzius
1963 2011 2088 2049 cum
2101 1992 2358 2048 Bentleio
2369 1994 2656 2061 poscimus,

1502 2068 1558 2121 si
1595 2068 1730 2137 quid
1771 2072 1876 2121 cet.
1914 2096 1988 2107 —
2023 2066 2074 2119 si
2121 2065 2258 2135 quid
2305 2064 2557 2133 luemus]
2593 2063 2656 2119 sa·

1503 2139 1786 2208 particula
1825 2138 1886 2191 in
1927 2136 2394 2193 obtestationibus
2437 2136 2655 2190 sollem-

1504 2210 1612 2278 nis,
1648 2216 1712 2263 ut
1748 2210 1929 2263 Germ.
1954 2208 2054 2272 111,
2075 2210 2159 2276 18,
2179 2212 2227 2263 5.
2253 2208 2310 2262 C.
2331 2208 2385 2262 S.
2407 2211 2494 2261 37.
2538 2206 2654 2262 Sat.

1505 2281 1578 2350 11,
1597 2250 1652 2345 6,
1679 2281 1759 2335 13.
1794 2310 1860 2320 —-
1893 2280 2078 2349 vacui]
2113 2280 2300 2347 otiosi,
2329 2279 2454 2334 aliis
2490 2278 2656 2332 rebus

1505 2370 1620 2407 non
1656 2353 1935 2421 occupati.
1997 2352 2069 2406 cf.-
2107 2351 2188 2405 Ve
2313 2350 2514 2420 Georg.

1506 2428 1559 2477 3.
1599 2454 1666 2463 -—-
1702 2425 1804 2479 sub
1840 2422 2050 2491 umbra]
2081 2422 2150 2477 cf.
2189 2366 2499 2491 ῗιει.8
2401 2421 2474 2482 11
2505 2422 2556 2484 2,
2553 2349 2654 2473 77⁹

1506 2513 1587 2565 sq.
1613 2526 1674 2535 —
1703 2495 1850 2565 quod
1871 2500 1922 2549 et
1940 2494 2100 2562 hunc]
2124 2494 2278 2548 Haec
2303 2494 2421 2547 noli
2448 2460 2656 2562 pro’du-

1506 2584 1636 2623 cere
1671 2566 1743 2621 ad
1770 2566 2039 2621 Latinum
2061 2581 2306 2633 cannam
2345 2563 2655 2633 simplicior

1504 2640 1654 2694 ratio
1691 2638 1863 2693 etiam
1891 2637 2096 2693 verior.
2133 2636 2513 2706 Arrogantiae
2547 2636 2656 2691 cri-

1506 2710 1742 2764 minatio
1794 2710 1949 2763 nulla
1992 2712 2093 2762 est.
2141 2736 2210 2747 -
2256 2708 2346 2762 dic
2389 2707 2656 2763 Latinum

1508 2781 1718 2836 barbito
1767 2780 2008 2849 carmen]
2067 2779 2331 2834 Consulto
2386 2796 2517 2833 usus
2571 2782 2659 2833 est

1506 2853 1776 2907 Horatius
1819 2868 2022 2923 graeco
2068 2850 2343 2905 vocabulo
2389 2850 2655 2917 barbito-33

1508 2942 1620 2993 quo
1658 2941 1786 2978 cum
1820 2940 2025 2993 graeca
2059 2940 2194 2977 suae
2234 2922 2416 2992 poesis
2455 2928 2660 2976 natura

1506 2997 1801 3079 prodatur,
1831 3000 2118 3078 certamen
2147 2994 2376 3062 aliquod
2403 2993 2660 3047 exoritur

1507 3068 1658 3149 inter
1693 3066 1920 3121 nomina
1956 3065 2226 3121 Latinum
2261 3070 2321 3119 et
2355 3065 2564 3119 barbita
2601 3069 2660 3119 et

1507 3138 1627 3278 {¹3³5
1641 3136 2206 3279 3333‘323503332?
2252 3136 2659 3275 Ἠᾘέῖῗιῒ.

1507 3282 1756 3351 positum
1831 3284 1916 3334 est
1985 3296 2252 3350 graecum
2319 3278 2658 3335 vocabulum

1510 3333 2784 3419 Carm.„.11341112,.64-—Loebio'

1506 3424 1630 3493 civi]
1668 3424 1894 3483 Alcaeo,
1936 3422 2034 3491 qui
2071 3390 2264 3477 floruit
2297 3422 2450 3476 circa
2478 3439 2524 3475 a.
2551 3422 2658 3473 600

1508 3514 1559 3550 a.
1603 3496 1730 3549 Chr.
1768 3513 1824 3548 n.
1862 3494 2003 3548 Vide
2041 3493 2113 3548 ad
2143 3492 2658 3560 carm.11‚13,27.

1512 3596 1577 3607 -·
1613 3565 1900 3635 modulate]
1933 3566 2154 3634 passive
2186 3565 2418 3631 dictum,
2448 3568 2514 3618 ιιι
2531 3580 2659 3618 οοιι-

1510 3639 1690 3693 traria
1737 3655 1850 3691 vox
1897 3636 2284 3691 immodulatus
2329 3637 2396 3691 A.
2436 3635 2496 3691 P.
2537 3637 2661 3704 263,

1510 3728 1579 3765 ex
1617 3727 1728 3778 quo
1783 3710 1906 3765 loco
1953 3708 2110 3763 vides
2147 3708 2331 3775 simul,
2379 3675 2661 3761 modulari

1507 3786 1705 3852 poetas
1726 3780 1956 3850 proprie
1983 3780 2250 3847 carmina,
2267 3779 2470 3835 deinde
2489 3779 2661 3833 etiam

1511 3854 1710 3921 lyram,
1749 3852 1856 3907 hoc
1899 3855 1986 3905 est
2021 3852 2106 3905 ita
2140 3851 2420 3905 moderari
2463 3850 2660 3917 lyram,

1512 3930 1577 3977 ut
1631 3941 1794 3978 sonos
1857 3924 2026 3977 certis
2089 3922 2268 3977 modis
2320 3926 2662 3990 temperatos

1510 3996 1728 4051 reddat.
1787 4024 1851 4033 —-
1907 3995 2068 4061 ferox
2132 3993 2288 4062 bello]
2359 3992 2663 4047 Dimicavit

1510 4068 1753 4122 Alcaeus
1798 4072 1996 4121 contra
2041 4064 2407 4119 Athenienses
2462 4067 2520 4117 et
2564 4080 2661 4132 pa-

1512 4140 1658 4193 triae
1713 4156 1844 4193 suae
1894 4142 2190 4207 tyrannos,
2243 4135 2538 4203 Myrsilum
2603 4138 2662 4188 et

1512 4210 1816 4265 Pittacum.
1898 4208 1983 4263 De
2037 4207 2316 4263 adiectivo
2370 4206 2533 4273 ferox
2593 4205 2662 4259 ad

1514 4282 1794 4336 rationem
1836 4280 2268 4351 participiorum
2311 4278 2498 4347 posito
2531 4276 2661 4331 vide

1514 4353 1586 4407 ad
1625 4351 1976 4421 Carm.1,6‚
2023 4352 2100 4404 19.

1585 4424 1650 4478 V.
1694 4428 1773 4478 10.
1813 4422 2069 4495 puerum]
2100 4420 2171 4476 cf.
2204 4419 2457 4480 Garm.1
2494 4422 2582 4489 30,
2609 4421 2662 4474 5.

1518 4522 1584 4533 —
1637 4494 1725 4549 illi
1779 4492 2096 4561 haerentem]
2153 4491 2392 4561 Triplici
2445 4492 2663 4546 ratione

1514 4566 1731 4623 haema
1792 4566 2026 4621 verbum
2085 4564 2447 4634 coniungitur
2511 4562 2664 4632 apud
