3092 5059
898 200 901 205 ’
1014 216 1174 285 Lm.
1219 216 1269 321 ¹:
1316 214 1568 285 clm
1615 214 1863 293 xm.
2565 216 2647 280 95

643 404 875 483 Gazis
928 418 1007 485 et
1055 430 1316 482 acrem
1368 403 1722 513 militiam
1775 429 2000 501 paras

742 530 918 607 Non
963 544 1142 607 ante
1196 528 1515 605 devictis
1563 528 1908 607 Sabaeae

838 656 1177 755 Regibus
1225 652 1744 754 horribilique
1792 652 2028 729 Medo

588 842 615 883 ε
648 806 905 883 Noctis
960 809 1324 884 catenas?
1428 805 1647 899 Quae
1696 804 1839 880 tibi
1893 803 2284 903 virginum

647 932 947 1032 Sponso
998 945 1273 1008 necato
1328 931 1663 1007 barbara
1712 929 2042 1005 serviet?

743 1056 948 1133 Puer
1001 1056 1172 1157 quis
1226 1082 1319 1131 ex
1371 1054 1550 1132 aula
1599 1053 1898 1155 capillis

847 1182 977 1257 Ad
1032 1182 1393 1282 cyathum
1446 1192 1824 1257 statuetur
1868 1179 2116 1255 unctis

641 1334 927 1409 Doctus
982 1334 1297 1433 sagittas
1348 1330 1669 1411 tendere
1721 1330 2023 1407 Sericas

560 1492 611 1530 ιο
650 1460 863 1536 Arcu
914 1461 1291 1561 paterno?
1398 1456 1589 1551 Quis
1640 1468 1875 1554 neget
1926 1454 2182 1530 arduis

739 1585 1036 1662 Pronos
1088 1582 1336 1661 relabi
1384 1578 1870 1683 posse}rivos

842 1710 1238 1788 Montibus
1292 1721 1370 1786 et
1408 1706 1755 1783 Tiberim
1807 1706 2117 1802 reverti,

650 1859 846 1938 Cum
895 1874 979 1937 tu
1032 1873 1425 1975 coemptos
1478 1858 1826 1957 undique
1872 1856 2158 1933 nobilis

648 1984 925 2062 Libros
977 1987 1294 2063 Panaeti
1346 1982 1815 2060 Socraticam
1859 1995 1937 2059 et
1985 1983 2304 2058 domum

234 2208 449 2277 peditio
500 2214 823 2280 pararetur,
881 2210 954 2266 ad
1000 2228 1131 2267 eum
1186 2226 1397 2265 annum

236 2279 599 2335 referendum
654 2299 773 2337 esse
825 2299 1051 2338 carmen
1110 2283 1246 2338 satis
1311 2286 1397 2337 est

239 2353 551 2421 probabile.

305 2424 371 2479 V.
412 2428 462 2477 1.
522 2423 692 2493 nunc]
747 2422 970 2493 Quanta
1012 2442 1163 2481 nunc
1206 2425 1395 2481 subito

236 2496 445 2551 exarsit
502 2496 747 2561 ferocia3
796 2502 1007 2565 quanta
1052 2497 1285 2551 audacia
1334 2498 1393 2551 in

235 2570 307 2637 te,
357 2569 457 2637 qui
494 2568 685 2639 adhuc
719 2566 880 2622 fuisti
923 2568 1195 2639 placidus,
1241 2573 1393 2623 tran-

237 2640 460 2708 quillus,
508 2640 802 2708 innoeens3
848 2644 912 2694 tu
956 2640 1135 2711 igitur
1182 2658 1253 2695 ex
1290 2642 1391 2695 mi·

238 2711 451 2766 tissime
474 2710 811 2781 philosopho
825 2712 1131 2767 acerrimus
1148 2712 1393 2767 bellator

240 2780 419 2838 factus
454 2782 745 2839 Arabibus
784 2788 843 2838 et
876 2782 1119 2848 Parthis,
1169 2782 1391 2839 invictis

234 2853 517 2925 gentibus,
556 2854 819 2909 militiam
854 2872 1022 2925 paras
1060 2859 1118 2909 et
1142 2860 1392 2923 catenas3

234 2928 297 2978 tu
331 2926 515 2996 igitur
554 2926 703 2981 alter
727 2926 979 2981 Achilles
1004 2926 1187 2997 ignoti
1212 2927 1391 2981 cuius-

236 2996 361 3051 dam
398 2997 677 3067 principis
713 2996 891 3053 filiam
933 3014 1167 3065 servam,
1211 2998 1393 3053 filium

234 3069 629 3135 pocillatorem
664 3070 910 3125 reduces.
976 3068 1067 3123 Sic
1104 3070 1391 3125 continua-

235 3146 328 3193 tur
377 3141 576 3195 iocosa
624 3140 833 3208 irrisio,
888 3141 1145 3196 amabilis
1202 3158 1391 3211 super·

236 3210 389 3267 latio.
505 3212 643 3267 Post
713 3218 935 3269 catenas
1002 3212 1391 3284 interrogandi

237 3281 457 3353 signum
501 3284 708 3338 rectius
735 3284 990 3354 ponitur:
1030 3284 1392 3339 admirationi

236 3353 401 3423 euim,
420 3372 543 3409 non
574 3354 955 3412 adfirmationi
980 3355 1075 3411 hic
1104 3357 1259 3411 locus
1286 3361 1390 3411 est.

236 3423 326 3481 Sic
368 3430 561 3481 totum
610 3444 835 3483 carmen
880 3446 951 3483 ex
994 3428 1391 3499 interrogatio-

128 3495 139 3505 ‘
238 3496 400 3552 nibus
436 3498 815 3569 compositum
854 3504 955 3555 est.
1004 3529 1069 3539 —
1121 3500 1385 3567 Sabaeae]

234 3585 265 3620 r
339 3569 391 3625 'o
450 3570 701 3625 Arabiae
754 3569 955 3639 felicis,
1010 3572 1167 3627 cuius
1222 3576 1393 3641 caput

236 3637 305 3693 Sa
384 3681 397 3695 .
437 3670 509 3681 —-
550 3658 621 3697 ex
663 3642 818 3713 aula]
860 3643 1047 3713 regia3
1096 3643 1227 3698 vide
1262 3642 1385 3699 Liv.

234 3708 401 3778 XLV,
440 3714 494 3767 6.
546 3742 610 3752 —
660 3715 901 3784 sagittas
936 3712 1173 3785 tendere]
1220 3716 1391 3784 paulo

236 3782 503 3838 audacius
526 3783 759 3853 dictum,
800 3802 927 3841 cum
964 3802 1125 3841 arcus
1164 3787 1393 3856 proprie

235 3855 532 3924 tendatur3
588 3872 623 3909 a
668 3874 780 3926 qua
824 3862 1013 3911 tamen
1054 3858 1286 3913 audacia
1322 3876 1392 3912 ne

238 3925 463 4051 331an
486 3927 1061 4055 Ἓόἓθῗωῖιίἲξὶῌὲἔι
1097 3929 1393 4056 ἒῖἓὲἑῖἕὲ

362 4038 377 4051 0
468 4038 483 4067 ’
631 4040 643 4053 n
810 4035 815 4039 ⁵
1378 4040 1391 4055 0

239 4067 297 4123 iu
314 4086 391 4123 nu
432 4074 475 4123 t.
496 4068 633 4125 Hor.
656 4076 714 4125 et
731 4072 873 4127 Mar.
894 4072 1159 4128 Fescenn.
1178 4074 1305 4128 Alc.
1328 4074 1388 4125 2:

241 4138 413 4208 „Part
460 4140 471 4152 '
560 4143 797 4213 sagittas
842 4144 1074 4199 tendere
1128 4145 1389 4209 certior&⁴

241 4209 399 4265 Seres
463 4217 654 4268 autem
712 4219 779 4268 ut
840 4232 1031 4270 omnes
1090 4216 1390 4271 orientales

240 4287 435 4351 gentes
490 4284 709 4339 nobiles
756 4291 922 4341 erant
964 4288 1265 4358 sagittarii.
1319 4316 1391 4329 --

240 4369 373 4409 arcu
397 4358 659 4426 paterno]
697 4358 825 4415 vide
862 4358 1041 4415 Germ.
1079 4360 1151 4427 11,
1192 4362 1275 4429 18,
1306 4360 1389 4414 17.

270 4494 283 4506 .
310 4423 375 4480 V.
401 4429 485 4481 10.
520 4427 717 4483 arduas
912 4431 963 4500 s]
989 4430 1239 4486 Pronum
1262 4448 1389 4486 cum

242 4501 315 4550 sit
344 4498 495 4565 quod
530 4516 635 4569 per
668 4500 883 4557 declive
909 4501 1161 4559 decurrit
1198 4500 1272 4574 (V
1274 4520 1388 4574 erg.

244 4564 447 4639 Georg.
463 4568 509 4641 1,
530 4570 662 4641 203)
697 4572 805 4629 hac
842 4573 965 4644 ipsa
1001 4574 1255 4643 oxymori
1292 4592 1388 4646 op-

1494 2207 1776 2279 positione
1832 2207 2060 2278 egregie
2115 2207 2448 2275 ostenditur,
2505 2210 2651 2265 nihil

1496 2280 1676 2349 magis
1702 2280 1852 2332 inter
1885 2294 1944 2333 se
1968 2278 2315 2333 contrarium
2337 2296 2454 2336 esse
2480 2299 2650 2352 quam

1495 2352 1700 2407 arduos
1755 2354 1961 2405 montes·
2015 2354 2074 2405 et
2115 2366 2320 2419 pronos
2361 2353 2524 2407 rivos.
2578 2383 2649 2395 --

1495 2428 1547 2479 et
1607 2421 1862 2491 Tiberini]
1913 2420 2277 2491 amplificatio
2323 2440 2425 2494 per
2469 2442 2649 2481 exem-

1493 2495 1676 2564 plum3
1730 2492 1858 2547 vide
1912 2494 1985 2548 ad
2034 2492 2215 2547 Carm.
2264 2494 2310 2564 Ι,
2348 2495 2400 2563 3,
2443 2498 2526 2551 19.
2581 2528 2646 2537 -

1492 2570 1767 2635 coemptos
1819 2564 2081 2635 undique]
2149 2564 2512 2637 Significatu:-
2561 2569 2649 2623 his

1495 2638 1680 2693 verbis
1715 2654 1772 2689 m
1887 2653 1984 2691 um
2023 2653 2134 2705 quo
2173 2638 2308 2692 olim
2346 2638 2524 2696 Iccius
2561 2659 2647 2696 ar·

1494 2709 1665 2765 debat
1700 2712 1754 2763 st
1804 2714 1806 2719 '
1836 2709 1952 2761 ium
1989 2708 2396 2779 philosophiae.
2457 2712 2650 2782 Neque

1494 2780 1812 2835 inconsulto
1875 2778 2050 2835 Stoici
2107 2778 2365 2836 Panaetii
2434 2784 2646 2839 mentio

1493 2850 1648 2906 facta
1684 2855 1787 2921 est,
1823 2851 2033 2921 quippe
2075 2852 2172 2920 qui
2208 2852 2352 2907 nihil
2389 2860 2650 2925 expeten-

1494 2924 1630 2978 dum
1666 2922 1921 2979 docuerit
1957 2922 2067 2977 nisi
2109 2922 2431 2996 honestum;
2470 2932 2534 2981 ut
2569 2927 2650 2983 sic

1479 3012 1716 3065 quoque
1771 2997 2024 3048 mutatus
2075 2994 2211 3049 Iecii
2253 2996 2469 3052 animus
2520 3016 2648 3069 pro-

1494 3068 1679 3123 datur.
1717 3094 1788 3105 -
1825 3064 2100 3191 Panaeti}
2137 3066 2268 3120 vide
2303 3068 2378 3123 ad
2399 3068 2578 3125 Carm-
2604 3071 2647 3137 1,

1492 3141 1547 3207 2,
1587 3142 1674 3193 26.
1748 3136 1976 3191 Lachm.
2147 3136 2372 3193 Lucret.
2422 3158 2478 3211 p.
2514 3144 2646 3197 327:

1494 3209 2024 3281 „Substantivorum
2058 3208 2393 3265 Graecorum
2434 3215 2648 3283 geneti-

1491 3300 1592 3338 vos
1639 3284 1699 3337 in
1734 3280 1984 3335 vocalem
2017 3280 2042 3333 s·
2085 3280 2396 3349 simplicem
2445 3301 2647 3339 exeun-

1492 3359 1579 3411 tes
1629 3351 1890 3408 nonnulli
1933 3351 2266 3421 probarunt,
2307 3355 2390 3409 ita
2439 3361 2648 3425 tamen,

1492 3427 1540 3481 si
1599 3430 1730 3481 ante
1783 3440 1906 3477 eam
1957 3424 2150 3493 plures
2203 3442 2392 3483 morae
2445 3432 2647 3496 essent,

1491 3516 1606 3553 non
1641 3514 1754 3552 una
1792 3499 2032 3549 tantum.
2079 3494 2349 3552 Horatius
2386 3498 2459 3553 ad
2497 3500 2650 3555 hunc
2716 3510 2720 3515 '

1494 3570 1724 3625 modum
1751 3565 1897 3621 dixit
1937 3564 2143 3620 Libros
2161 3567 2404 3625 Panaeti
2428 3576 2486 3627 et
2503 3572 2647 3628 Dio-

1490 3641 1620 3712 nysi
1659 3640 1813 3708 filius
1861 3636 2000 3707 (Sat.
2035 3636 2078 3703 1,
2112 3636 2164 3705 6,
2202 3641 2348 3711 33).“
2421 3642 2508 3699 De
2544 3644 2647 3698 Pa-

1492 3714 1682 3769 naetio
1719 3710 1962 3777 Rhodio,
2010 3707 2326 3767 Stoicorum
2372 3716 2646 3785 principe,

1493 3784 1744 3855 Scipioni
1781 3780 2052 3835 Africano
2096 3780 2303 3838 minori
2357 3789 2415 3839 et
2451 3786 2647 3841 Laelio

1491 3854 1932 3912 familiarissimo
1967 3850 2094 3907 vide
2139 3852 2248 3911 Cic.
2297 3855 2368 3911 de
2409 3856 2504 3913 off.
2545 3858 2648 3927 111,

1492 3930 1543 3983 2.
1599 3956 1662 3971 -·
1715 3926 1914 3983 nobilis
1960 3923 2220 3997 Panaeti]
2277 3926 2368 3983 Sic
2419 3929 2647 3983 coniun-

1490 4000 1756 4072 gendam,
1807 4012 1936 4051 nam
1985 3994 2211 4053 Horatii
2261 4000 2554 4055 eonsilium
2590 4006 2650 4057 et

1491 4090 1723 4128 manum
1769 4069 2024 4125 videmus
2070 4067 2132 4121 in
2163 4072 2464 4126 verborum
2509 4072 2648 4127 locis

1492 4149 1552 4199 et
1591 4144 1802 4211 ordine,
1829 4139 2030 4211 quibus
2056 4140 2299 4209 primum
2335 4148 2392 4198 et
2413 4145 2648 4199 tertium

1492 4215 1782 4286 (coemptos
1809 4242 1874 4253 —-
1895 4210 2104 4279 libros),
2129 4215 2370 4269 alterum
2398 4219 2458 4269 et
2481 4233 2646 4286 quar·

1492 4292 1614 4343 tum
1651 4284 1986 4341 vocabulum
2025 4282 2250 4351 (nobilis
2285 4314 2353 4326 —
2386 4287 2646 4358 Panaeti)

1492 4358 1883 4429 coniungenda
1919 4368 2037 4408 esse
2072 4357 2402 4413 ostenditur.
2441 4388 2512 4399 -
2551 4358 2646 4415 So·

1488 4431 1756 4487 craticam
1779 4424 2014 4495 domum]
2054 4424 2366 4484 Socraticos
2400 4430 2645 4499 philoso-

1488 4502 1648 4573 phos,
1668 4500 1982 4569 Platonem,
2001 4494 2449 4573 Xenophontem,
2485 4503 2644 4559 alios.

1487 4574 1570 4629 De
1625 4580 1678 4630 et
1733 4570 2014 4643 particula
2069 4572 2328 4629 enclitioa
2386 4574 2517 4629 vids
2570 4574 2643 4629 ad
