<?xml version="1.0" encoding="UTF-8"?>
<!DOCTYPE html PUBLIC "-//W3C//DTD XHTML 1.0 Transitional//EN"
    "http://www.w3.org/TR/xhtml1/DTD/xhtml1-transitional.dtd">
<html xmlns="http://www.w3.org/1999/xhtml" xml:lang="en" lang="en">
 <head>
  <title>
</title>
<meta http-equiv="Content-Type" content="text/html;charset=utf-8" />
  <meta name='ocr-system' content='tesseract 3.04.00' />
  <meta name='ocr-capabilities' content='ocr_page ocr_carea ocr_par ocr_line ocrx_word'/>
</head>
<body>
  <div class='ocr_page' id='page_1' title='image "./qhoratiiflaccio05unkngoog_0200.png"; bbox 0 0 3092 5059; ppageno 0'>
   <div class='ocr_carea' id='block_1_1' title="bbox 437 234 557 299">
    <p class='ocr_par' dir='ltr' id='par_1_1' title="bbox 437 234 557 299">
     <span class='ocr_line' id='line_1_1' title="bbox 437 234 557 299; baseline 0.017 -2"><span class='ocrx_word' id='word_1_1' title='bbox 437 234 557 299; x_wconf 89' lang='grc'><strong>170</strong></span> 
     </span>
    </p>
   </div>
   <div class='ocr_carea' id='block_1_2' title="bbox 1397 232 1855 300">
    <p class='ocr_par' dir='ltr' id='par_1_2' title="bbox 1397 232 1855 300">
     <span class='ocr_line' id='line_1_2' title="bbox 1397 232 1855 300; baseline -0.007 0"><span class='ocrx_word' id='word_1_2' title='bbox 1397 232 1855 300; x_wconf 85' lang='lat' dir='ltr'><strong>CARMINUM</strong></span> 
     </span>
    </p>
   </div>
   <div class='ocr_carea' id='block_1_3' title="bbox 1347 442 1936 528">
    <p class='ocr_par' dir='ltr' id='par_1_3' title="bbox 1347 442 1936 528">
     <span class='ocr_line' id='line_1_3' title="bbox 1347 442 1936 528; baseline -0.007 0"><span class='ocrx_word' id='word_1_3' title='bbox 1347 442 1729 528; x_wconf 82' lang='lat' dir='ltr'>CARMEN</span> <span class='ocrx_word' id='word_1_4' title='bbox 1792 442 1936 525; x_wconf 93' lang='lat' dir='ltr'><strong>III.</strong></span> 
     </span>
    </p>
   </div>
   <div class='ocr_carea' id='block_1_4' title="bbox 828 605 2408 834">
    <p class='ocr_par' dir='ltr' id='par_1_4' title="bbox 828 605 2408 834">
     <span class='ocr_line' id='line_1_4' title="bbox 829 605 2380 707; baseline -0.002 -25"><span class='ocrx_word' id='word_1_5' title='bbox 829 608 1121 684; x_wconf 88' lang='lat' dir='ltr'><strong>Iustum</strong></span> <span class='ocrx_word' id='word_1_6' title='bbox 1179 622 1254 685; x_wconf 87' lang='lat' dir='ltr'><strong>et</strong></span> <span class='ocrx_word' id='word_1_7' title='bbox 1306 621 1653 684; x_wconf 77' lang='lat' dir='ltr'>tenacem</span> <span class='ocrx_word' id='word_1_8' title='bbox 1704 607 2082 707; x_wconf 83' lang='lat' dir='ltr'>propositi</span> <span class='ocrx_word' id='word_1_9' title='bbox 2134 605 2380 680; x_wconf 86' lang='lat' dir='ltr'><strong>virum</strong></span> 
     </span>
     <span class='ocr_line' id='line_1_5' title="bbox 828 731 2408 834; baseline -0.003 -25"><span class='ocrx_word' id='word_1_10' title='bbox 828 732 999 809; x_wconf 91' lang='lat' dir='ltr'><strong>Non</strong></span> <span class='ocrx_word' id='word_1_11' title='bbox 1055 734 1333 810; x_wconf 86' lang='lat' dir='ltr'><strong>civium</strong></span> <span class='ocrx_word' id='word_1_12' title='bbox 1385 733 1622 810; x_wconf 88' lang='lat' dir='ltr'><strong>ardor</strong></span> <span class='ocrx_word' id='word_1_13' title='bbox 1672 758 1911 834; x_wconf 85' lang='lat' dir='ltr'><strong>prava</strong></span> <span class='ocrx_word' id='word_1_14' title='bbox 1956 731 2408 824; x_wconf 89' lang='lat' dir='ltr'><strong>iubentium,</strong></span> 
     </span>
    </p>
   </div>
   <div class='ocr_carea' id='block_1_5' title="bbox 803 981 1221 1037">
    <p class='ocr_par' dir='ltr' id='par_1_5' title="bbox 803 981 1221 1037">
     <span class='ocr_line' id='line_1_6' title="bbox 803 981 1221 1037; baseline 0 0"><span class='ocrx_word' id='word_1_15' title='bbox 803 981 1084 1037; x_wconf 81' lang='lat' dir='ltr'><strong>Carmen</strong></span> <span class='ocrx_word' id='word_1_16' title='bbox 1119 982 1221 1037; x_wconf 90' lang='grc' dir='ltr'><strong>ΠΙ.</strong></span> 
     </span>
    </p>
   </div>
   <div class='ocr_carea' id='block_1_6' title="bbox 432 1076 1586 4646">
    <p class='ocr_par' dir='ltr' id='par_1_6' title="bbox 432 1076 1586 4646">
     <span class='ocr_line' id='line_1_7' title="bbox 506 1076 1586 1149; baseline 0.002 -18"><span class='ocrx_word' id='word_1_17' title='bbox 506 1076 589 1131; x_wconf 87' lang='lat' dir='ltr'><strong>Ne</strong></span> <span class='ocrx_word' id='word_1_18' title='bbox 628 1077 759 1133; x_wconf 91' lang='lat' dir='ltr'><strong>huic</strong></span> <span class='ocrx_word' id='word_1_19' title='bbox 796 1079 1023 1148; x_wconf 90' lang='lat' dir='ltr'><strong>quidem</strong></span> <span class='ocrx_word' id='word_1_20' title='bbox 1060 1080 1295 1133; x_wconf 79' lang='lat' dir='ltr'><strong>carmini</strong></span> <span class='ocrx_word' id='word_1_21' title='bbox 1323 1079 1586 1149; x_wconf 89' lang='lat' dir='ltr'><strong>proprius</strong></span> 
     </span>
     <span class='ocr_line' id='line_1_8' title="bbox 435 1147 1586 1220; baseline 0.002 -18"><span class='ocrx_word' id='word_1_22' title='bbox 435 1147 621 1202; x_wconf 89' lang='lat' dir='ltr'><strong>aditus</strong></span> <span class='ocrx_word' id='word_1_23' title='bbox 669 1155 920 1219; x_wconf 86' lang='lat' dir='ltr'><strong>paratur,</strong></span> <span class='ocrx_word' id='word_1_24' title='bbox 965 1150 1063 1204; x_wconf 88' lang='lat' dir='ltr'><strong>sed</strong></span> <span class='ocrx_word' id='word_1_25' title='bbox 1109 1150 1297 1205; x_wconf 90' lang='lat' dir='ltr'><strong>subita</strong></span> <span class='ocrx_word' id='word_1_26' title='bbox 1343 1152 1586 1220; x_wconf 89' lang='lat' dir='ltr'><strong>quadam</strong></span> 
     </span>
     <span class='ocr_line' id='line_1_9' title="bbox 435 1220 1585 1291; baseline 0.003 -19"><span class='ocrx_word' id='word_1_27' title='bbox 435 1220 674 1289; x_wconf 88' lang='lat' dir='ltr'><strong>ratione,</strong></span> <span class='ocrx_word' id='word_1_28' title='bbox 737 1225 802 1275; x_wconf 87' lang='lat' dir='ltr'><strong>ut</strong></span> <span class='ocrx_word' id='word_1_29' title='bbox 849 1239 974 1276; x_wconf 90' lang='lat' dir='ltr'><strong>cum</strong></span> <span class='ocrx_word' id='word_1_30' title='bbox 1021 1223 1400 1291; x_wconf 88' lang='lat' dir='ltr'><strong>superioribus</strong></span> <span class='ocrx_word' id='word_1_31' title='bbox 1457 1240 1585 1277; x_wconf 88' lang='lat' dir='ltr'><strong>con-</strong></span> 
     </span>
     <span class='ocr_line' id='line_1_10' title="bbox 437 1292 1584 1362; baseline 0.003 -18"><span class='ocrx_word' id='word_1_32' title='bbox 437 1292 648 1346; x_wconf 88' lang='lat' dir='ltr'><strong>iunctio</strong></span> <span class='ocrx_word' id='word_1_33' title='bbox 677 1298 966 1361; x_wconf 76' lang='lat' dir='ltr'><strong>appareat,</strong></span> <span class='ocrx_word' id='word_1_34' title='bbox 994 1300 1193 1362; x_wconf 89' lang='lat' dir='ltr'><strong>quarta</strong></span> <span class='ocrx_word' id='word_1_35' title='bbox 1221 1294 1448 1349; x_wconf 81' lang='lat' dir='ltr'><strong>additur</strong></span> <span class='ocrx_word' id='word_1_36' title='bbox 1474 1295 1584 1348; x_wconf 84' lang='lat' dir='ltr'><strong>vir-</strong></span> 
     </span>
     <span class='ocr_line' id='line_1_11' title="bbox 435 1365 1586 1431; baseline 0.003 -15"><span class='ocrx_word' id='word_1_37' title='bbox 435 1366 526 1416; x_wconf 89' lang='lat' dir='ltr'><strong>tus</strong></span> <span class='ocrx_word' id='word_1_38' title='bbox 563 1366 920 1420; x_wconf 73' lang='lat' dir='ltr'><strong>constantiae.</strong></span> <span class='ocrx_word' id='word_1_39' title='bbox 993 1365 1080 1419; x_wconf 89' lang='lat' dir='ltr'><strong>Ea</strong></span> <span class='ocrx_word' id='word_1_40' title='bbox 1130 1366 1296 1431; x_wconf 89' lang='lat' dir='ltr'><strong>enim,</strong></span> <span class='ocrx_word' id='word_1_41' title='bbox 1333 1366 1586 1420; x_wconf 89' lang='lat' dir='ltr'><strong>iustitiae</strong></span> 
     </span>
     <span class='ocr_line' id='line_1_12' title="bbox 437 1436 1585 1506; baseline 0.003 -19"><span class='ocrx_word' id='word_1_42' title='bbox 437 1451 634 1503; x_wconf 86' lang='lat' dir='ltr'><strong>comes,</strong></span> <span class='ocrx_word' id='word_1_43' title='bbox 673 1437 870 1505; x_wconf 87' lang='lat' dir='ltr'><strong>primis</strong></span> <span class='ocrx_word' id='word_1_44' title='bbox 908 1438 1098 1491; x_wconf 86' lang='lat' dir='ltr'><strong>statim</strong></span> <span class='ocrx_word' id='word_1_45' title='bbox 1134 1438 1386 1492; x_wconf 87' lang='lat' dir='ltr'><strong>versibus</strong></span> <span class='ocrx_word' id='word_1_46' title='bbox 1425 1436 1585 1506; x_wconf 88' lang='lat' dir='ltr'><strong>quasi</strong></span> 
     </span>
     <span class='ocr_line' id='line_1_13' title="bbox 433 1508 1585 1576; baseline 0.003 -17"><span class='ocrx_word' id='word_1_47' title='bbox 433 1522 635 1575; x_wconf 91' lang='lat' dir='ltr'><strong>parens</strong></span> <span class='ocrx_word' id='word_1_48' title='bbox 708 1508 1068 1576; x_wconf 87' lang='lat' dir='ltr'><strong>praedicatur</strong></span> <span class='ocrx_word' id='word_1_49' title='bbox 1132 1510 1331 1564; x_wconf 85' lang='lat' dir='ltr'><strong>invicti</strong></span> <span class='ocrx_word' id='word_1_50' title='bbox 1393 1510 1585 1573; x_wconf 88' lang='lat' dir='ltr'><strong>animi,</strong></span> 
     </span>
     <span class='ocr_line' id='line_1_14' title="bbox 437 1577 1582 1650; baseline 0.004 -20"><span class='ocrx_word' id='word_1_51' title='bbox 437 1577 534 1645; x_wconf 88' lang='lat' dir='ltr'><strong>qui</strong></span> <span class='ocrx_word' id='word_1_52' title='bbox 568 1595 640 1633; x_wconf 92' lang='lat' dir='ltr'><strong>ne</strong></span> <span class='ocrx_word' id='word_1_53' title='bbox 675 1596 922 1635; x_wconf 87' lang='lat' dir='ltr'><strong>summae</strong></span> <span class='ocrx_word' id='word_1_54' title='bbox 956 1579 1182 1649; x_wconf 89' lang='lat' dir='ltr'><strong>quidem</strong></span> <span class='ocrx_word' id='word_1_55' title='bbox 1205 1582 1490 1650; x_wconf 86' lang='lat' dir='ltr'><strong>potentiae</strong></span> <span class='ocrx_word' id='word_1_56' title='bbox 1515 1610 1582 1621; x_wconf 94' lang='lat'><strong>--</strong></span> 
     </span>
     <span class='ocr_line' id='line_1_15' title="bbox 435 1648 1582 1720; baseline 0.004 -19"><span class='ocrx_word' id='word_1_57' title='bbox 435 1648 494 1701; x_wconf 90' lang='lat' dir='ltr'><strong>in</strong></span> <span class='ocrx_word' id='word_1_58' title='bbox 531 1666 642 1717; x_wconf 90' lang='lat' dir='ltr'><strong>qua</strong></span> <span class='ocrx_word' id='word_1_59' title='bbox 679 1650 1046 1720; x_wconf 81' lang='lat' dir='ltr'><strong>significanda</strong></span> <span class='ocrx_word' id='word_1_60' title='bbox 1084 1670 1117 1705; x_wconf 89' lang='lat' dir='ltr'><strong>a</strong></span> <span class='ocrx_word' id='word_1_61' title='bbox 1152 1654 1368 1706; x_wconf 88' lang='lat' dir='ltr'><strong>minore</strong></span> <span class='ocrx_word' id='word_1_62' title='bbox 1404 1652 1582 1707; x_wconf 90' lang='lat' dir='ltr'><strong>homi-</strong></span> 
     </span>
     <span class='ocr_line' id='line_1_16' title="bbox 433 1722 1583 1793; baseline 0.005 -21"><span class='ocrx_word' id='word_1_63' title='bbox 433 1737 567 1773; x_wconf 92' lang='lat' dir='ltr'><strong>num</strong></span> <span class='ocrx_word' id='word_1_64' title='bbox 593 1722 650 1773; x_wconf 88' lang='lat' dir='ltr'><strong>vi</strong></span> <span class='ocrx_word' id='word_1_65' title='bbox 685 1740 788 1790; x_wconf 91' lang='lat' dir='ltr'><strong>per</strong></span> <span class='ocrx_word' id='word_1_66' title='bbox 818 1724 1166 1777; x_wconf 75' lang='lat' dir='ltr'><strong>naturalium</strong></span> <span class='ocrx_word' id='word_1_67' title='bbox 1201 1740 1390 1777; x_wconf 88' lang='lat' dir='ltr'><strong>rerum</strong></span> <span class='ocrx_word' id='word_1_68' title='bbox 1427 1730 1583 1793; x_wconf 89' lang='lat' dir='ltr'><strong>pote-</strong></span> 
     </span>
     <span class='ocr_line' id='line_1_17' title="bbox 434 1794 1584 1864; baseline 0.003 -19"><span class='ocrx_word' id='word_1_69' title='bbox 434 1795 639 1846; x_wconf 87' lang='lat' dir='ltr'><strong>statem</strong></span> <span class='ocrx_word' id='word_1_70' title='bbox 675 1794 746 1847; x_wconf 90' lang='lat' dir='ltr'><strong>ad</strong></span> <span class='ocrx_word' id='word_1_71' title='bbox 783 1794 1186 1849; x_wconf 82' lang='lat' dir='ltr'><strong>validissimam</strong></span> <span class='ocrx_word' id='word_1_72' title='bbox 1223 1796 1396 1864; x_wconf 89' lang='lat' dir='ltr'><strong>ipsius</strong></span> <span class='ocrx_word' id='word_1_73' title='bbox 1434 1796 1584 1850; x_wconf 87' lang='lat' dir='ltr'><strong>Iovis</strong></span> 
     </span>
     <span class='ocr_line' id='line_1_18' title="bbox 433 1866 1583 1935; baseline 0.004 -19"><span class='ocrx_word' id='word_1_74' title='bbox 433 1881 660 1918; x_wconf 89' lang='lat' dir='ltr'><strong>manum</strong></span> <span class='ocrx_word' id='word_1_75' title='bbox 710 1866 1029 1921; x_wconf 76' lang='lat' dir='ltr'><strong>ascenditur</strong></span> <span class='ocrx_word' id='word_1_76' title='bbox 1085 1896 1150 1905; x_wconf 92' lang='lat'><strong>—</strong></span> <span class='ocrx_word' id='word_1_77' title='bbox 1201 1884 1450 1935; x_wconf 87' lang='lat' dir='ltr'><strong>unquam</strong></span> <span class='ocrx_word' id='word_1_78' title='bbox 1499 1885 1583 1921; x_wconf 88' lang='lat' dir='ltr'><strong>ce-</strong></span> 
     </span>
     <span class='ocr_line' id='line_1_19' title="bbox 434 1934 1583 2007; baseline 0.003 -20"><span class='ocrx_word' id='word_1_79' title='bbox 434 1934 535 1988; x_wconf 90' lang='lat' dir='ltr'><strong>dit.</strong></span> <span class='ocrx_word' id='word_1_80' title='bbox 615 1936 938 1992; x_wconf 88' lang='lat' dir='ltr'><strong>Constantia</strong></span> <span class='ocrx_word' id='word_1_81' title='bbox 983 1938 1163 1992; x_wconf 84' lang='lat' dir='ltr'><strong>virtus</strong></span> <span class='ocrx_word' id='word_1_82' title='bbox 1211 1943 1294 1992; x_wconf 87' lang='lat' dir='ltr'><strong>est</strong></span> <span class='ocrx_word' id='word_1_83' title='bbox 1338 1955 1449 2007; x_wconf 91' lang='lat' dir='ltr'><strong>qua</strong></span> <span class='ocrx_word' id='word_1_84' title='bbox 1486 1939 1583 2006; x_wconf 91' lang='lat' dir='ltr'><strong>qui</strong></span> 
     </span>
     <span class='ocr_line' id='line_1_20' title="bbox 433 2007 1583 2078; baseline 0.003 -19"><span class='ocrx_word' id='word_1_85' title='bbox 433 2007 586 2060; x_wconf 91' lang='lat' dir='ltr'><strong>omni</strong></span> <span class='ocrx_word' id='word_1_86' title='bbox 631 2012 884 2078; x_wconf 85' lang='lat' dir='ltr'><strong>tempore</strong></span> <span class='ocrx_word' id='word_1_87' title='bbox 931 2010 1072 2063; x_wconf 89' lang='lat' dir='ltr'><strong>bene</strong></span> <span class='ocrx_word' id='word_1_88' title='bbox 1125 2026 1340 2064; x_wconf 88' lang='lat' dir='ltr'><strong>merere</strong></span> <span class='ocrx_word' id='word_1_89' title='bbox 1395 2011 1583 2063; x_wconf 84' lang='lat' dir='ltr'><strong>volue-</strong></span> 
     </span>
     <span class='ocr_line' id='line_1_21' title="bbox 432 2078 1582 2152; baseline 0.004 -22"><span class='ocrx_word' id='word_1_90' title='bbox 432 2082 567 2131; x_wconf 90' lang='lat' dir='ltr'><strong>runt</strong></span> <span class='ocrx_word' id='word_1_91' title='bbox 602 2078 670 2133; x_wconf 93' lang='lat' dir='ltr'><strong>de</strong></span> <span class='ocrx_word' id='word_1_92' title='bbox 707 2080 1043 2149; x_wconf 86' lang='lat' dir='ltr'><strong>hominibus,</strong></span> <span class='ocrx_word' id='word_1_93' title='bbox 1068 2099 1274 2152; x_wconf 81' lang='lat' dir='ltr'><strong>magna</strong></span> <span class='ocrx_word' id='word_1_94' title='bbox 1311 2099 1412 2134; x_wconf 89' lang='lat' dir='ltr'><strong>sua</strong></span> <span class='ocrx_word' id='word_1_95' title='bbox 1449 2081 1582 2135; x_wconf 87' lang='lat' dir='ltr'><strong>faci·</strong></span> 
     </span>
     <span class='ocr_line' id='line_1_22' title="bbox 433 2152 1583 2220; baseline 0.003 -18"><span class='ocrx_word' id='word_1_96' title='bbox 433 2167 574 2204; x_wconf 93' lang='lat' dir='ltr'><strong>nora</strong></span> <span class='ocrx_word' id='word_1_97' title='bbox 609 2156 853 2220; x_wconf 87' lang='lat' dir='ltr'><strong>patrare,</strong></span> <span class='ocrx_word' id='word_1_98' title='bbox 895 2157 1180 2207; x_wconf 84' lang='lat' dir='ltr'><strong>aeternam</strong></span> <span class='ocrx_word' id='word_1_99' title='bbox 1218 2152 1440 2208; x_wconf 89' lang='lat' dir='ltr'><strong>laudem</strong></span> <span class='ocrx_word' id='word_1_100' title='bbox 1476 2152 1583 2206; x_wconf 90' lang='lat' dir='ltr'><strong>sibi</strong></span> 
     </span>
     <span class='ocr_line' id='line_1_23' title="bbox 433 2224 1583 2293; baseline 0.003 -19"><span class='ocrx_word' id='word_1_101' title='bbox 433 2238 636 2290; x_wconf 89' lang='lat' dir='ltr'><strong>parare</strong></span> <span class='ocrx_word' id='word_1_102' title='bbox 674 2224 936 2293; x_wconf 87' lang='lat' dir='ltr'><strong>viamque</strong></span> <span class='ocrx_word' id='word_1_103' title='bbox 985 2224 1057 2278; x_wconf 91' lang='lat' dir='ltr'><strong>ad</strong></span> <span class='ocrx_word' id='word_1_104' title='bbox 1104 2224 1317 2279; x_wconf 91' lang='lat' dir='ltr'><strong>caelum</strong></span> <span class='ocrx_word' id='word_1_105' title='bbox 1364 2224 1583 2278; x_wconf 88' lang='lat' dir='ltr'><strong>munire</strong></span> 
     </span>
     <span class='ocr_line' id='line_1_24' title="bbox 433 2295 1584 2364; baseline 0.003 -19"><span class='ocrx_word' id='word_1_106' title='bbox 433 2298 756 2362; x_wconf 88' lang='lat' dir='ltr'><strong>potuerunt.</strong></span> <span class='ocrx_word' id='word_1_107' title='bbox 818 2295 1064 2363; x_wconf 80' lang='lat' dir='ltr'><strong>Quorum</strong></span> <span class='ocrx_word' id='word_1_108' title='bbox 1102 2295 1455 2364; x_wconf 89' lang='lat' dir='ltr'><strong>splendidum</strong></span> <span class='ocrx_word' id='word_1_109' title='bbox 1491 2312 1584 2349; x_wconf 85' lang='lat' dir='ltr'><strong>ex-</strong></span> 
     </span>
     <span class='ocr_line' id='line_1_25' title="bbox 435 2364 1584 2436; baseline 0 -17"><span class='ocrx_word' id='word_1_110' title='bbox 435 2365 682 2433; x_wconf 89' lang='lat' dir='ltr'><strong>emplum</strong></span> <span class='ocrx_word' id='word_1_111' title='bbox 721 2364 989 2421; x_wconf 82' lang='lat' dir='ltr'><strong>Romulus</strong></span> <span class='ocrx_word' id='word_1_112' title='bbox 1029 2371 1129 2435; x_wconf 88' lang='lat' dir='ltr'><strong>est,</strong></span> <span class='ocrx_word' id='word_1_113' title='bbox 1169 2368 1265 2436; x_wconf 91' lang='lat' dir='ltr'><strong>qui</strong></span> <span class='ocrx_word' id='word_1_114' title='bbox 1305 2385 1415 2435; x_wconf 91' lang='lat' dir='ltr'><strong>qua</strong></span> <span class='ocrx_word' id='word_1_115' title='bbox 1450 2368 1584 2421; x_wconf 91' lang='lat' dir='ltr'><strong>emi-</strong></span> 
     </span>
     <span class='ocr_line' id='line_1_26' title="bbox 433 2436 1583 2493; baseline 0.003 -5"><span class='ocrx_word' id='word_1_116' title='bbox 433 2436 561 2489; x_wconf 90' lang='lat' dir='ltr'><strong>nuit</strong></span> <span class='ocrx_word' id='word_1_117' title='bbox 586 2437 798 2491; x_wconf 85' lang='lat' dir='ltr'><strong>virtute</strong></span> <span class='ocrx_word' id='word_1_118' title='bbox 825 2439 1096 2493; x_wconf 87' lang='lat' dir='ltr'><strong>invidiam</strong></span> <span class='ocrx_word' id='word_1_119' title='bbox 1123 2442 1176 2493; x_wconf 92' lang='lat' dir='ltr'><strong>et</strong></span> <span class='ocrx_word' id='word_1_120' title='bbox 1207 2439 1397 2493; x_wconf 90' lang='lat' dir='ltr'><strong>odium</strong></span> <span class='ocrx_word' id='word_1_121' title='bbox 1433 2455 1583 2492; x_wconf 85' lang='lat' dir='ltr'><strong>acer-</strong></span> 
     </span>
     <span class='ocr_line' id='line_1_27' title="bbox 432 2507 1585 2580; baseline 0.003 -21"><span class='ocrx_word' id='word_1_122' title='bbox 432 2507 649 2561; x_wconf 88' lang='lat' dir='ltr'><strong>bissimi</strong></span> <span class='ocrx_word' id='word_1_123' title='bbox 706 2510 876 2563; x_wconf 90' lang='lat' dir='ltr'><strong>etiam</strong></span> <span class='ocrx_word' id='word_1_124' title='bbox 934 2510 1242 2565; x_wconf 85' lang='lat' dir='ltr'><strong>adversarii</strong></span> <span class='ocrx_word' id='word_1_125' title='bbox 1297 2510 1585 2580; x_wconf 85' lang='lat' dir='ltr'><strong>superavit</strong></span> 
     </span>
     <span class='ocr_line' id='line_1_28' title="bbox 434 2578 1583 2649; baseline 0.004 -19"><span class='ocrx_word' id='word_1_126' title='bbox 434 2578 738 2649; x_wconf 88' lang='lat' dir='ltr'><strong>urbemque</strong></span> <span class='ocrx_word' id='word_1_127' title='bbox 787 2580 1024 2636; x_wconf 87' lang='lat' dir='ltr'><strong>Romam</strong></span> <span class='ocrx_word' id='word_1_128' title='bbox 1083 2582 1319 2636; x_wconf 90' lang='lat' dir='ltr'><strong>condere</strong></span> <span class='ocrx_word' id='word_1_129' title='bbox 1375 2599 1440 2635; x_wconf 90' lang='lat' dir='ltr'><strong>ac</strong></span> <span class='ocrx_word' id='word_1_130' title='bbox 1489 2580 1583 2635; x_wconf 88' lang='lat' dir='ltr'><strong>fir-</strong></span> 
     </span>
     <span class='ocr_line' id='line_1_29' title="bbox 432 2652 1583 2722; baseline 0.004 -20"><span class='ocrx_word' id='word_1_131' title='bbox 432 2667 586 2704; x_wconf 89' lang='lat' dir='ltr'><strong>mare</strong></span> <span class='ocrx_word' id='word_1_132' title='bbox 639 2654 843 2720; x_wconf 88' lang='lat' dir='ltr'><strong>potuit.</strong></span> <span class='ocrx_word' id='word_1_133' title='bbox 925 2652 1065 2706; x_wconf 93' lang='lat' dir='ltr'><strong>Iuno</strong></span> <span class='ocrx_word' id='word_1_134' title='bbox 1119 2654 1287 2722; x_wconf 88' lang='lat' dir='ltr'><strong>enim,</strong></span> <span class='ocrx_word' id='word_1_135' title='bbox 1348 2670 1456 2707; x_wconf 85' lang='lat' dir='ltr'><strong>non</strong></span> <span class='ocrx_word' id='word_1_136' title='bbox 1501 2658 1583 2707; x_wconf 87' lang='lat' dir='ltr'><strong>te-</strong></span> 
     </span>
     <span class='ocr_line' id='line_1_30' title="bbox 433 2724 1583 2791; baseline 0.003 -17"><span class='ocrx_word' id='word_1_137' title='bbox 433 2738 585 2775; x_wconf 88' lang='lat' dir='ltr'><strong>mere</strong></span> <span class='ocrx_word' id='word_1_138' title='bbox 621 2729 924 2791; x_wconf 88' lang='lat' dir='ltr'><strong>provocata</strong></span> <span class='ocrx_word' id='word_1_139' title='bbox 962 2726 1058 2779; x_wconf 90' lang='lat' dir='ltr'><strong>sed</strong></span> <span class='ocrx_word' id='word_1_140' title='bbox 1094 2725 1288 2779; x_wconf 82' lang='lat' dir='ltr'><strong>nativa</strong></span> <span class='ocrx_word' id='word_1_141' title='bbox 1307 2724 1583 2779; x_wconf 88' lang='lat' dir='ltr'><strong>Romano-</strong></span> 
     </span>
     <span class='ocr_line' id='line_1_31' title="bbox 436 2794 1581 2865; baseline 0.003 -19"><span class='ocrx_word' id='word_1_142' title='bbox 436 2810 563 2846; x_wconf 89' lang='lat' dir='ltr'><strong>rum</strong></span> <span class='ocrx_word' id='word_1_143' title='bbox 608 2794 944 2858; x_wconf 88' lang='lat' dir='ltr'><strong>adversaria,</strong></span> <span class='ocrx_word' id='word_1_144' title='bbox 988 2814 1130 2865; x_wconf 89' lang='lat' dir='ltr'><strong>quae</strong></span> <span class='ocrx_word' id='word_1_145' title='bbox 1177 2797 1443 2865; x_wconf 92' lang='lat' dir='ltr'><strong>quicquid</strong></span> <span class='ocrx_word' id='word_1_146' title='bbox 1487 2814 1581 2850; x_wconf 88' lang='lat' dir='ltr'><strong>vo—</strong></span> 
     </span>
     <span class='ocr_line' id='line_1_32' title="bbox 435 2864 1585 2936; baseline 0.004 -20"><span class='ocrx_word' id='word_1_147' title='bbox 435 2864 652 2918; x_wconf 89' lang='lat' dir='ltr'><strong>luntate</strong></span> <span class='ocrx_word' id='word_1_148' title='bbox 699 2884 764 2919; x_wconf 88' lang='lat' dir='ltr'><strong>ac</strong></span> <span class='ocrx_word' id='word_1_149' title='bbox 815 2869 1073 2936; x_wconf 88' lang='lat' dir='ltr'><strong>potentia</strong></span> <span class='ocrx_word' id='word_1_150' title='bbox 1124 2869 1314 2936; x_wconf 90' lang='lat' dir='ltr'><strong>potuit</strong></span> <span class='ocrx_word' id='word_1_151' title='bbox 1363 2867 1585 2922; x_wconf 82' lang='lat' dir='ltr'><strong>efficere</strong></span> 
     </span>
     <span class='ocr_line' id='line_1_33' title="bbox 436 2935 1582 2994; baseline 0.005 -7"><span class='ocrx_word' id='word_1_152' title='bbox 436 2935 498 2988; x_wconf 90' lang='lat' dir='ltr'><strong>in</strong></span> <span class='ocrx_word' id='word_1_153' title='bbox 515 2936 802 2991; x_wconf 88' lang='lat' dir='ltr'><strong>delendam</strong></span> <span class='ocrx_word' id='word_1_154' title='bbox 825 2939 1020 2993; x_wconf 88' lang='lat' dir='ltr'><strong>urbem</strong></span> <span class='ocrx_word' id='word_1_155' title='bbox 1044 2939 1268 2993; x_wconf 90' lang='lat' dir='ltr'><strong>Troiam</strong></span> <span class='ocrx_word' id='word_1_156' title='bbox 1294 2940 1429 2994; x_wconf 91' lang='lat' dir='ltr'><strong>olim</strong></span> <span class='ocrx_word' id='word_1_157' title='bbox 1453 2957 1582 2993; x_wconf 92' lang='lat' dir='ltr'><strong>con-</strong></span> 
     </span>
     <span class='ocr_line' id='line_1_34' title="bbox 437 3007 1582 3077; baseline 0.003 -16"><span class='ocrx_word' id='word_1_158' title='bbox 437 3007 662 3076; x_wconf 79' lang='lat' dir='ltr'><strong>tulerat,</strong></span> <span class='ocrx_word' id='word_1_159' title='bbox 701 3027 842 3077; x_wconf 85' lang='lat' dir='ltr'><strong>quae</strong></span> <span class='ocrx_word' id='word_1_160' title='bbox 881 3028 1006 3065; x_wconf 90' lang='lat' dir='ltr'><strong>cum</strong></span> <span class='ocrx_word' id='word_1_161' title='bbox 1042 3027 1197 3064; x_wconf 87' lang='lat' dir='ltr'><strong>suam</strong></span> <span class='ocrx_word' id='word_1_162' title='bbox 1233 3012 1582 3065; x_wconf 87' lang='lat' dir='ltr'><strong>maiestatem</strong></span> 
     </span>
     <span class='ocr_line' id='line_1_35' title="bbox 437 3076 1582 3151; baseline 0.003 -20"><span class='ocrx_word' id='word_1_163' title='bbox 437 3076 832 3149; x_wconf 81' lang='lat' dir='ltr'><strong>Minervaeque</strong></span> <span class='ocrx_word' id='word_1_164' title='bbox 879 3082 1191 3136; x_wconf 82' lang='lat' dir='ltr'><strong>castitatem</strong></span> <span class='ocrx_word' id='word_1_165' title='bbox 1237 3100 1373 3151; x_wconf 88' lang='lat' dir='ltr'><strong>prae</strong></span> <span class='ocrx_word' id='word_1_166' title='bbox 1421 3083 1582 3135; x_wconf 84' lang='lat' dir='ltr'><strong>luxu-</strong></span> 
     </span>
     <span class='ocr_line' id='line_1_36' title="bbox 436 3150 1582 3222; baseline 0.003 -19"><span class='ocrx_word' id='word_1_167' title='bbox 436 3150 522 3204; x_wconf 90' lang='lat' dir='ltr'><strong>ria</strong></span> <span class='ocrx_word' id='word_1_168' title='bbox 573 3168 638 3205; x_wconf 94' lang='lat' dir='ltr'><strong>ac</strong></span> <span class='ocrx_word' id='word_1_169' title='bbox 681 3153 916 3207; x_wconf 90' lang='lat' dir='ltr'><strong>mollitie</strong></span> <span class='ocrx_word' id='word_1_170' title='bbox 955 3158 1328 3222; x_wconf 83' lang='lat' dir='ltr'><strong>contemptam</strong></span> <span class='ocrx_word' id='word_1_171' title='bbox 1378 3171 1411 3205; x_wconf 91' lang='lat' dir='ltr'><strong>a</strong></span> <span class='ocrx_word' id='word_1_172' title='bbox 1446 3152 1582 3207; x_wconf 89' lang='lat' dir='ltr'><strong>Tro-</strong></span> 
     </span>
     <span class='ocr_line' id='line_1_37' title="bbox 436 3221 1584 3294; baseline 0.001 -18"><span class='ocrx_word' id='word_1_173' title='bbox 436 3221 578 3276; x_wconf 86' lang='lat' dir='ltr'><strong>ianis</strong></span> <span class='ocrx_word' id='word_1_174' title='bbox 637 3223 868 3278; x_wconf 90' lang='lat' dir='ltr'><strong>vidisset</strong></span> <span class='ocrx_word' id='word_1_175' title='bbox 925 3230 1104 3278; x_wconf 87' lang='lat' dir='ltr'><strong>totam</strong></span> <span class='ocrx_word' id='word_1_176' title='bbox 1169 3242 1286 3279; x_wconf 85' lang='lat' dir='ltr'><strong>sese</strong></span> <span class='ocrx_word' id='word_1_177' title='bbox 1351 3225 1584 3294; x_wconf 88' lang='lat' dir='ltr'><strong>stirpem</strong></span> 
     </span>
     <span class='ocr_line' id='line_1_38' title="bbox 437 3295 1583 3363; baseline 0.003 -17"><span class='ocrx_word' id='word_1_178' title='bbox 437 3310 752 3348; x_wconf 84' lang='lat' dir='ltr'><strong>eversuram</strong></span> <span class='ocrx_word' id='word_1_179' title='bbox 799 3296 1098 3363; x_wconf 86' lang='lat' dir='ltr'><strong>iuraverat,</strong></span> <span class='ocrx_word' id='word_1_180' title='bbox 1135 3300 1321 3350; x_wconf 87' lang='lat' dir='ltr'><strong>tamen</strong></span> <span class='ocrx_word' id='word_1_181' title='bbox 1356 3295 1583 3349; x_wconf 84' lang='lat' dir='ltr'><strong>Romuli</strong></span> 
     </span>
     <span class='ocr_line' id='line_1_39' title="bbox 437 3366 1582 3435; baseline 0.003 -18"><span class='ocrx_word' id='word_1_182' title='bbox 437 3366 644 3434; x_wconf 86' lang='lat' dir='ltr'><strong>insigni</strong></span> <span class='ocrx_word' id='word_1_183' title='bbox 697 3368 910 3421; x_wconf 84' lang='lat' dir='ltr'><strong>virtute</strong></span> <span class='ocrx_word' id='word_1_184' title='bbox 963 3372 1240 3421; x_wconf 90' lang='lat' dir='ltr'><strong>commota</strong></span> <span class='ocrx_word' id='word_1_185' title='bbox 1289 3368 1582 3435; x_wconf 85' lang='lat' dir='ltr'><strong>quominus</strong></span> 
     </span>
     <span class='ocr_line' id='line_1_40' title="bbox 436 3436 1583 3507; baseline 0.002 -18"><span class='ocrx_word' id='word_1_186' title='bbox 436 3437 585 3490; x_wconf 88' lang='lat' dir='ltr'><strong>inter</strong></span> <span class='ocrx_word' id='word_1_187' title='bbox 620 3436 751 3491; x_wconf 81' lang='lat' dir='ltr'><strong>deos</strong></span> <span class='ocrx_word' id='word_1_188' title='bbox 788 3439 832 3491; x_wconf 89' lang='lat' dir='ltr'><strong>is</strong></span> <span class='ocrx_word' id='word_1_189' title='bbox 871 3440 1175 3507; x_wconf 85' lang='lat' dir='ltr'><strong>recipiatur</strong></span> <span class='ocrx_word' id='word_1_190' title='bbox 1207 3456 1318 3492; x_wconf 92' lang='lat' dir='ltr'><strong>non</strong></span> <span class='ocrx_word' id='word_1_191' title='bbox 1343 3439 1583 3507; x_wconf 88' lang='lat' dir='ltr'><strong>amplius</strong></span> 
     </span>
     <span class='ocr_line' id='line_1_41' title="bbox 437 3508 1582 3579; baseline 0.003 -20"><span class='ocrx_word' id='word_1_192' title='bbox 437 3508 562 3561; x_wconf 81' lang='lat' dir='ltr'><strong>vult</strong></span> <span class='ocrx_word' id='word_1_193' title='bbox 617 3509 915 3576; x_wconf 90' lang='lat' dir='ltr'><strong>prohibere</strong></span> <span class='ocrx_word' id='word_1_194' title='bbox 961 3528 1140 3579; x_wconf 85' lang='lat' dir='ltr'><strong>neque</strong></span> <span class='ocrx_word' id='word_1_195' title='bbox 1187 3510 1366 3579; x_wconf 83' lang='lat' dir='ltr'><strong>magis</strong></span> <span class='ocrx_word' id='word_1_196' title='bbox 1411 3510 1582 3578; x_wconf 88' lang='lat' dir='ltr'><strong>impe-</strong></span> 
     </span>
     <span class='ocr_line' id='line_1_42' title="bbox 437 3578 1582 3649; baseline 0.003 -19"><span class='ocrx_word' id='word_1_197' title='bbox 437 3578 558 3632; x_wconf 89' lang='lat' dir='ltr'><strong>dire</strong></span> <span class='ocrx_word' id='word_1_198' title='bbox 612 3581 905 3646; x_wconf 86' lang='lat' dir='ltr'><strong>quominus</strong></span> <span class='ocrx_word' id='word_1_199' title='bbox 952 3581 1322 3635; x_wconf 87' lang='lat' dir='ltr'><strong>Troianorum</strong></span> <span class='ocrx_word' id='word_1_200' title='bbox 1371 3581 1582 3649; x_wconf 83' lang='lat' dir='ltr'><strong>posteri</strong></span> 
     </span>
     <span class='ocr_line' id='line_1_43' title="bbox 437 3650 1581 3719; baseline 0.002 -16"><span class='ocrx_word' id='word_1_201' title='bbox 437 3667 506 3703; x_wconf 87' lang='lat' dir='ltr'><strong>ex</strong></span> <span class='ocrx_word' id='word_1_202' title='bbox 542 3650 682 3703; x_wconf 89' lang='lat' dir='ltr'><strong>urbe</strong></span> <span class='ocrx_word' id='word_1_203' title='bbox 718 3670 818 3705; x_wconf 90' lang='lat' dir='ltr'><strong>sua</strong></span> <span class='ocrx_word' id='word_1_204' title='bbox 837 3652 1079 3719; x_wconf 89' lang='lat' dir='ltr'><strong>Italiam,</strong></span> <span class='ocrx_word' id='word_1_205' title='bbox 1117 3670 1182 3707; x_wconf 89' lang='lat' dir='ltr'><strong>ex</strong></span> <span class='ocrx_word' id='word_1_206' title='bbox 1201 3651 1368 3707; x_wconf 89' lang='lat' dir='ltr'><strong>Italia</strong></span> <span class='ocrx_word' id='word_1_207' title='bbox 1403 3656 1581 3705; x_wconf 87' lang='lat' dir='ltr'><strong>totam</strong></span> 
     </span>
     <span class='ocr_line' id='line_1_44' title="bbox 437 3723 1581 3791; baseline 0.002 -18"><span class='ocrx_word' id='word_1_208' title='bbox 437 3726 650 3775; x_wconf 85' lang='lat' dir='ltr'><strong>terram</strong></span> <span class='ocrx_word' id='word_1_209' title='bbox 699 3724 992 3791; x_wconf 88' lang='lat' dir='ltr'><strong>subiciant,</strong></span> <span class='ocrx_word' id='word_1_210' title='bbox 1029 3723 1328 3778; x_wconf 88' lang='lat' dir='ltr'><strong>dummodo</strong></span> <span class='ocrx_word' id='word_1_211' title='bbox 1369 3728 1432 3776; x_wconf 87' lang='lat' dir='ltr'><strong>ut</strong></span> <span class='ocrx_word' id='word_1_212' title='bbox 1481 3724 1581 3776; x_wconf 90' lang='lat' dir='ltr'><strong>im-</strong></span> 
     </span>
     <span class='ocr_line' id='line_1_45' title="bbox 436 3793 1583 3865; baseline 0.003 -21"><span class='ocrx_word' id='word_1_213' title='bbox 436 3793 581 3860; x_wconf 92' lang='lat' dir='ltr'><strong>perii</strong></span> <span class='ocrx_word' id='word_1_214' title='bbox 626 3811 826 3862; x_wconf 88' lang='lat' dir='ltr'><strong>parens</strong></span> <span class='ocrx_word' id='word_1_215' title='bbox 874 3795 1143 3849; x_wconf 87' lang='lat' dir='ltr'><strong>Romulus</strong></span> <span class='ocrx_word' id='word_1_216' title='bbox 1193 3813 1301 3865; x_wconf 90' lang='lat' dir='ltr'><strong>quo</strong></span> <span class='ocrx_word' id='word_1_217' title='bbox 1351 3794 1583 3849; x_wconf 87' lang='lat' dir='ltr'><strong>tendere</strong></span> 
     </span>
     <span class='ocr_line' id='line_1_46' title="bbox 437 3863 1581 3936; baseline 0.003 -20"><span class='ocrx_word' id='word_1_218' title='bbox 437 3863 677 3919; x_wconf 88' lang='lat' dir='ltr'><strong>debeant</strong></span> <span class='ocrx_word' id='word_1_219' title='bbox 713 3870 866 3919; x_wconf 91' lang='lat' dir='ltr'><strong>recte</strong></span> <span class='ocrx_word' id='word_1_220' title='bbox 901 3872 1236 3936; x_wconf 86' lang='lat' dir='ltr'><strong>pernoscant</strong></span> <span class='ocrx_word' id='word_1_221' title='bbox 1261 3883 1437 3935; x_wconf 89' lang='lat' dir='ltr'><strong>neque</strong></span> <span class='ocrx_word' id='word_1_222' title='bbox 1457 3884 1581 3935; x_wconf 91' lang='lat' dir='ltr'><strong>per·</strong></span> 
     </span>
     <span class='ocr_line' id='line_1_47' title="bbox 436 3933 1582 3992; baseline 0.002 -4"><span class='ocrx_word' id='word_1_223' title='bbox 436 3933 580 3989; x_wconf 87' lang='lat' dir='ltr'><strong>fidae</strong></span> <span class='ocrx_word' id='word_1_224' title='bbox 626 3934 828 3991; x_wconf 89' lang='lat' dir='ltr'><strong>Troiae</strong></span> <span class='ocrx_word' id='word_1_225' title='bbox 877 3946 932 3992; x_wconf 91' lang='lat' dir='ltr'><strong>et</strong></span> <span class='ocrx_word' id='word_1_226' title='bbox 980 3939 1254 3992; x_wconf 89' lang='lat' dir='ltr'><strong>maiorum</strong></span> <span class='ocrx_word' id='word_1_227' title='bbox 1305 3938 1446 3991; x_wconf 82' lang='lat' dir='ltr'><strong>falsa</strong></span> <span class='ocrx_word' id='word_1_228' title='bbox 1491 3954 1582 3991; x_wconf 82' lang='lat' dir='ltr'><strong>ve-</strong></span> 
     </span>
     <span class='ocr_line' id='line_1_48' title="bbox 437 4007 1584 4077; baseline 0 -16"><span class='ocrx_word' id='word_1_229' title='bbox 437 4007 605 4077; x_wconf 85' lang='lat' dir='ltr'><strong>stigia</strong></span> <span class='ocrx_word' id='word_1_230' title='bbox 657 4016 979 4076; x_wconf 88' lang='lat' dir='ltr'><strong>sequantur.</strong></span> <span class='ocrx_word' id='word_1_231' title='bbox 1052 4009 1206 4063; x_wconf 90' lang='lat' dir='ltr'><strong>Inter</strong></span> <span class='ocrx_word' id='word_1_232' title='bbox 1243 4008 1478 4062; x_wconf 89' lang='lat' dir='ltr'><strong>Romam</strong></span> <span class='ocrx_word' id='word_1_233' title='bbox 1525 4012 1584 4062; x_wconf 91' lang='lat' dir='ltr'><strong>et</strong></span> 
     </span>
     <span class='ocr_line' id='line_1_49' title="bbox 437 4078 1582 4143; baseline 0.002 -12"><span class='ocrx_word' id='word_1_234' title='bbox 437 4078 665 4133; x_wconf 89' lang='lat' dir='ltr'><strong>Troiam</strong></span> <span class='ocrx_word' id='word_1_235' title='bbox 727 4098 880 4135; x_wconf 88' lang='lat' dir='ltr'><strong>mare</strong></span> <span class='ocrx_word' id='word_1_236' title='bbox 935 4082 1146 4135; x_wconf 87' lang='lat' dir='ltr'><strong>saeviat</strong></span> <span class='ocrx_word' id='word_1_237' title='bbox 1205 4096 1424 4134; x_wconf 90' lang='lat' dir='ltr'><strong>necesse</strong></span> <span class='ocrx_word' id='word_1_238' title='bbox 1482 4085 1582 4143; x_wconf 87' lang='lat' dir='ltr'><strong>est,</strong></span> 
     </span>
     <span class='ocr_line' id='line_1_50' title="bbox 435 4148 1585 4220; baseline 0.002 -19"><span class='ocrx_word' id='word_1_239' title='bbox 435 4148 606 4203; x_wconf 90' lang='lat' dir='ltr'><strong>Troia</strong></span> <span class='ocrx_word' id='word_1_240' title='bbox 643 4156 708 4205; x_wconf 89' lang='lat' dir='ltr'><strong>ut</strong></span> <span class='ocrx_word' id='word_1_241' title='bbox 743 4156 1067 4206; x_wconf 87' lang='lat' dir='ltr'><strong>renascatur</strong></span> <span class='ocrx_word' id='word_1_242' title='bbox 1086 4169 1370 4220; x_wconf 87' lang='lat' dir='ltr'><strong>nunquam</strong></span> <span class='ocrx_word' id='word_1_243' title='bbox 1397 4154 1585 4219; x_wconf 86' lang='lat' dir='ltr'><strong>potest</strong></span> 
     </span>
     <span class='ocr_line' id='line_1_51' title="bbox 437 4222 1585 4285; baseline 0 -10"><span class='ocrx_word' id='word_1_244' title='bbox 437 4222 679 4285; x_wconf 87' lang='lat' dir='ltr'><strong>concedi,</strong></span> <span class='ocrx_word' id='word_1_245' title='bbox 715 4222 769 4276; x_wconf 88' lang='lat' dir='ltr'><strong>h.</strong></span> <span class='ocrx_word' id='word_1_246' title='bbox 797 4241 842 4275; x_wconf 90' lang='lat' dir='ltr'><strong>e.</strong></span> <span class='ocrx_word' id='word_1_247' title='bbox 867 4223 1174 4277; x_wconf 88' lang='lat' dir='ltr'><strong>cavendum</strong></span> <span class='ocrx_word' id='word_1_248' title='bbox 1197 4227 1283 4277; x_wconf 89' lang='lat' dir='ltr'><strong>est</strong></span> <span class='ocrx_word' id='word_1_249' title='bbox 1314 4240 1384 4275; x_wconf 88' lang='lat' dir='ltr'><strong>ne</strong></span> <span class='ocrx_word' id='word_1_250' title='bbox 1403 4222 1585 4275; x_wconf 87' lang='lat' dir='ltr'><strong>Roma</strong></span> 
     </span>
     <span class='ocr_line' id='line_1_52' title="bbox 438 4292 1582 4362; baseline 0 -17"><span class='ocrx_word' id='word_1_251' title='bbox 438 4294 752 4361; x_wconf 82' lang='lat' dir='ltr'><strong>exemplum</strong></span> <span class='ocrx_word' id='word_1_252' title='bbox 789 4294 990 4348; x_wconf 86' lang='lat' dir='ltr'><strong>Troiae</strong></span> <span class='ocrx_word' id='word_1_253' title='bbox 1039 4300 1320 4362; x_wconf 87' lang='lat' dir='ltr'><strong>sequatur,</strong></span> <span class='ocrx_word' id='word_1_254' title='bbox 1366 4310 1435 4346; x_wconf 91' lang='lat' dir='ltr'><strong>ne</strong></span> <span class='ocrx_word' id='word_1_255' title='bbox 1472 4292 1582 4345; x_wconf 91' lang='lat' dir='ltr'><strong>Ro-</strong></span> 
     </span>
     <span class='ocr_line' id='line_1_53' title="bbox 437 4364 1584 4431; baseline 0.001 -15"><span class='ocrx_word' id='word_1_256' title='bbox 437 4382 528 4417; x_wconf 88' lang='lat' dir='ltr'><strong>ma</strong></span> <span class='ocrx_word' id='word_1_257' title='bbox 587 4366 747 4431; x_wconf 87' lang='lat' dir='ltr'><strong>quasi</strong></span> <span class='ocrx_word' id='word_1_258' title='bbox 795 4366 994 4419; x_wconf 87' lang='lat' dir='ltr'><strong>evadat</strong></span> <span class='ocrx_word' id='word_1_259' title='bbox 1041 4366 1217 4418; x_wconf 87' lang='lat' dir='ltr'><strong>altera</strong></span> <span class='ocrx_word' id='word_1_260' title='bbox 1271 4364 1456 4425; x_wconf 89' lang='lat' dir='ltr'><strong>Troia,</strong></span> <span class='ocrx_word' id='word_1_261' title='bbox 1513 4381 1584 4417; x_wconf 87' lang='lat' dir='ltr'><strong>ne</strong></span> 
     </span>
     <span class='ocr_line' id='line_1_54' title="bbox 437 4433 1584 4489; baseline -0.001 -1"><span class='ocrx_word' id='word_1_262' title='bbox 437 4433 676 4488; x_wconf 84' lang='lat' dir='ltr'><strong>Romani</strong></span> <span class='ocrx_word' id='word_1_263' title='bbox 724 4435 871 4489; x_wconf 85' lang='lat' dir='ltr'><strong>cives</strong></span> <span class='ocrx_word' id='word_1_264' title='bbox 919 4436 1245 4489; x_wconf 88' lang='lat' dir='ltr'><strong>divitiarum</strong></span> <span class='ocrx_word' id='word_1_265' title='bbox 1291 4434 1584 4488; x_wconf 87' lang='lat' dir='ltr'><strong>blanditiis</strong></span> 
     </span>
     <span class='ocr_line' id='line_1_55' title="bbox 438 4504 1580 4575; baseline 0.001 -18"><span class='ocrx_word' id='word_1_266' title='bbox 438 4504 670 4559; x_wconf 90' lang='lat' dir='ltr'><strong>deleniti</strong></span> <span class='ocrx_word' id='word_1_267' title='bbox 709 4506 1202 4575; x_wconf 86' lang='lat' dir='ltr'><strong>voluptatibusque</strong></span> <span class='ocrx_word' id='word_1_268' title='bbox 1244 4508 1394 4575; x_wconf 85' lang='lat' dir='ltr'><strong>capti</strong></span> <span class='ocrx_word' id='word_1_269' title='bbox 1439 4506 1580 4559; x_wconf 84' lang='lat' dir='ltr'><strong>divi-</strong></span> 
     </span>
     <span class='ocr_line' id='line_1_56' title="bbox 441 4576 1581 4646; baseline 0.003 -19"><span class='ocrx_word' id='word_1_270' title='bbox 441 4592 572 4628; x_wconf 88' lang='lat' dir='ltr'><strong>nam</strong></span> <span class='ocrx_word' id='word_1_271' title='bbox 606 4576 954 4631; x_wconf 88' lang='lat' dir='ltr'><strong>maiestatem</strong></span> <span class='ocrx_word' id='word_1_272' title='bbox 991 4581 1049 4631; x_wconf 87' lang='lat' dir='ltr'><strong>et</strong></span> <span class='ocrx_word' id='word_1_273' title='bbox 1076 4576 1401 4645; x_wconf 86' lang='lat' dir='ltr'><strong>sapientiam</strong></span> <span class='ocrx_word' id='word_1_274' title='bbox 1431 4592 1581 4646; x_wconf 87' lang='lat' dir='ltr'><strong>sper-</strong></span> 
     </span>
    </p>
   </div>
   <div class='ocr_carea' id='block_1_7' title="bbox 1673 934 2839 4649">
    <p class='ocr_par' dir='ltr' id='par_1_7' title="bbox 1673 934 2839 4220">
     <span class='ocr_line' id='line_1_57' title="bbox 1679 934 2829 1006; baseline -0.004 -13"><span class='ocrx_word' id='word_1_275' title='bbox 1679 942 1832 993; x_wconf 88' lang='lat' dir='ltr'><strong>nant.</strong></span> <span class='ocrx_word' id='word_1_276' title='bbox 1904 938 2190 993; x_wconf 80' lang='lat' dir='ltr'><strong>Audacter</strong></span> <span class='ocrx_word' id='word_1_277' title='bbox 2236 940 2405 1006; x_wconf 87' lang='lat' dir='ltr'><strong>poeta</strong></span> <span class='ocrx_word' id='word_1_278' title='bbox 2446 935 2623 1005; x_wconf 84' lang='lat' dir='ltr'><strong>ipsam</strong></span> <span class='ocrx_word' id='word_1_279' title='bbox 2660 934 2829 989; x_wconf 88' lang='lat' dir='ltr'><strong>Iuno-</strong></span> 
     </span>
     <span class='ocr_line' id='line_1_58' title="bbox 1678 1007 2827 1077; baseline -0.003 -14"><span class='ocrx_word' id='word_1_280' title='bbox 1678 1028 1805 1065; x_wconf 87' lang='lat' dir='ltr'><strong>nem</strong></span> <span class='ocrx_word' id='word_1_281' title='bbox 1852 1009 1925 1064; x_wconf 88' lang='lat' dir='ltr'><strong>ad</strong></span> <span class='ocrx_word' id='word_1_282' title='bbox 1960 1009 2092 1065; x_wconf 89' lang='lat' dir='ltr'><strong>deos</strong></span> <span class='ocrx_word' id='word_1_283' title='bbox 2130 1009 2199 1063; x_wconf 92' lang='lat' dir='ltr'><strong>de</strong></span> <span class='ocrx_word' id='word_1_284' title='bbox 2242 1007 2562 1077; x_wconf 89' lang='lat' dir='ltr'><strong>recipiendo</strong></span> <span class='ocrx_word' id='word_1_285' title='bbox 2608 1007 2667 1060; x_wconf 91' lang='lat' dir='ltr'><strong>in</strong></span> <span class='ocrx_word' id='word_1_286' title='bbox 2704 1024 2827 1061; x_wconf 85' lang='lat' dir='ltr'><strong>cae-</strong></span> 
     </span>
     <span class='ocr_line' id='line_1_59' title="bbox 1677 1078 2827 1147; baseline -0.004 -11"><span class='ocrx_word' id='word_1_287' title='bbox 1677 1083 1793 1136; x_wconf 91' lang='lat' dir='ltr'><strong>lum</strong></span> <span class='ocrx_word' id='word_1_288' title='bbox 1816 1081 2055 1136; x_wconf 88' lang='lat' dir='ltr'><strong>Romulo</strong></span> <span class='ocrx_word' id='word_1_289' title='bbox 2082 1082 2359 1136; x_wconf 88' lang='lat' dir='ltr'><strong>dicentem</strong></span> <span class='ocrx_word' id='word_1_290' title='bbox 2396 1079 2547 1147; x_wconf 84' lang='lat' dir='ltr'><strong>fecit,</strong></span> <span class='ocrx_word' id='word_1_291' title='bbox 2583 1078 2684 1133; x_wconf 88' lang='lat' dir='ltr'><strong>sed</strong></span> <span class='ocrx_word' id='word_1_292' title='bbox 2708 1094 2827 1132; x_wconf 90' lang='lat' dir='ltr'><strong>non</strong></span> 
     </span>
     <span class='ocr_line' id='line_1_60' title="bbox 1678 1149 2827 1221; baseline -0.003 -14"><span class='ocrx_word' id='word_1_293' title='bbox 1678 1154 1888 1207; x_wconf 89' lang='lat' dir='ltr'><strong>maiore</strong></span> <span class='ocrx_word' id='word_1_294' title='bbox 1923 1153 2155 1207; x_wconf 90' lang='lat' dir='ltr'><strong>audacia</strong></span> <span class='ocrx_word' id='word_1_295' title='bbox 2190 1170 2359 1221; x_wconf 81' lang='lat' dir='ltr'><strong>quam</strong></span> <span class='ocrx_word' id='word_1_296' title='bbox 2392 1149 2678 1205; x_wconf 83' lang='lat' dir='ltr'><strong>felicitate.</strong></span> <span class='ocrx_word' id='word_1_297' title='bbox 2727 1150 2827 1203; x_wconf 89' lang='lat' dir='ltr'><strong>Vi—</strong></span> 
     </span>
     <span class='ocr_line' id='line_1_61' title="bbox 1678 1222 2829 1293; baseline -0.003 -14"><span class='ocrx_word' id='word_1_298' title='bbox 1678 1225 1773 1280; x_wconf 90' lang='lat' dir='ltr'><strong>des</strong></span> <span class='ocrx_word' id='word_1_299' title='bbox 1834 1224 2001 1293; x_wconf 90' lang='lat' dir='ltr'><strong>enim,</strong></span> <span class='ocrx_word' id='word_1_300' title='bbox 2058 1230 2267 1293; x_wconf 86' lang='lat' dir='ltr'><strong>quanta</strong></span> <span class='ocrx_word' id='word_1_301' title='bbox 2327 1226 2467 1289; x_wconf 84' lang='lat' dir='ltr'><strong>arte,</strong></span> <span class='ocrx_word' id='word_1_302' title='bbox 2521 1222 2829 1291; x_wconf 86' lang='lat' dir='ltr'><strong>praemissa</strong></span> 
     </span>
     <span class='ocr_line' id='line_1_62' title="bbox 1676 1292 2829 1367; baseline -0.004 -16"><span class='ocrx_word' id='word_1_303' title='bbox 1676 1297 1926 1367; x_wconf 83' lang='lat' dir='ltr'><strong>generali</strong></span> <span class='ocrx_word' id='word_1_304' title='bbox 1973 1296 2214 1365; x_wconf 88' lang='lat' dir='ltr'><strong>quadam</strong></span> <span class='ocrx_word' id='word_1_305' title='bbox 2262 1295 2333 1349; x_wconf 91' lang='lat' dir='ltr'><strong>de</strong></span> <span class='ocrx_word' id='word_1_306' title='bbox 2378 1294 2693 1348; x_wconf 83' lang='lat' dir='ltr'><strong>constantia</strong></span> <span class='ocrx_word' id='word_1_307' title='bbox 2726 1292 2829 1347; x_wconf 91' lang='lat' dir='ltr'><strong>do-</strong></span> 
     </span>
     <span class='ocr_line' id='line_1_63' title="bbox 1676 1364 2833 1436; baseline -0.004 -14"><span class='ocrx_word' id='word_1_308' title='bbox 1676 1368 1876 1435; x_wconf 88' lang='lat' dir='ltr'><strong>ctrina,</strong></span> <span class='ocrx_word' id='word_1_309' title='bbox 1917 1366 2052 1436; x_wconf 89' lang='lat' dir='ltr'><strong>quid</strong></span> <span class='ocrx_word' id='word_1_310' title='bbox 2086 1367 2215 1421; x_wconf 90' lang='lat' dir='ltr'><strong>inde</strong></span> <span class='ocrx_word' id='word_1_311' title='bbox 2254 1364 2527 1420; x_wconf 88' lang='lat' dir='ltr'><strong>commodi</strong></span> <span class='ocrx_word' id='word_1_312' title='bbox 2552 1364 2833 1419; x_wconf 89' lang='lat' dir='ltr'><strong>redunda-</strong></span> 
     </span>
     <span class='ocr_line' id='line_1_64' title="bbox 1676 1436 2830 1505; baseline -0.003 -12"><span class='ocrx_word' id='word_1_313' title='bbox 1676 1440 1759 1494; x_wconf 91' lang='lat' dir='ltr'><strong>rit</strong></span> <span class='ocrx_word' id='word_1_314' title='bbox 1814 1443 1870 1494; x_wconf 88' lang='lat' dir='ltr'><strong>et</strong></span> <span class='ocrx_word' id='word_1_315' title='bbox 1923 1439 2203 1495; x_wconf 87' lang='lat' dir='ltr'><strong>redundet</strong></span> <span class='ocrx_word' id='word_1_316' title='bbox 2252 1438 2313 1491; x_wconf 90' lang='lat' dir='ltr'><strong>in</strong></span> <span class='ocrx_word' id='word_1_317' title='bbox 2367 1437 2663 1505; x_wconf 90' lang='lat' dir='ltr'><strong>imperium</strong></span> <span class='ocrx_word' id='word_1_318' title='bbox 2711 1436 2830 1490; x_wconf 85' lang='lat' dir='ltr'><strong>Ro-</strong></span> 
     </span>
     <span class='ocr_line' id='line_1_65' title="bbox 1676 1507 2830 1565; baseline -0.003 0"><span class='ocrx_word' id='word_1_319' title='bbox 1676 1527 1967 1565; x_wconf 87' lang='lat' dir='ltr'><strong>manorum</strong></span> <span class='ocrx_word' id='word_1_320' title='bbox 2026 1510 2188 1564; x_wconf 91' lang='lat' dir='ltr'><strong>deam</strong></span> <span class='ocrx_word' id='word_1_321' title='bbox 2243 1509 2533 1563; x_wconf 89' lang='lat' dir='ltr'><strong>docentem</strong></span> <span class='ocrx_word' id='word_1_322' title='bbox 2594 1507 2830 1562; x_wconf 85' lang='lat' dir='ltr'><strong>induxe—</strong></span> 
     </span>
     <span class='ocr_line' id='line_1_66' title="bbox 1676 1579 2829 1652; baseline -0.004 -15"><span class='ocrx_word' id='word_1_323' title='bbox 1676 1583 1777 1651; x_wconf 81' lang='lat' dir='ltr'><strong>rit3</strong></span> <span class='ocrx_word' id='word_1_324' title='bbox 1827 1600 1993 1651; x_wconf 89' lang='lat' dir='ltr'><strong>quam</strong></span> <span class='ocrx_word' id='word_1_325' title='bbox 2042 1581 2267 1652; x_wconf 83' lang='lat' dir='ltr'><strong>egregie</strong></span> <span class='ocrx_word' id='word_1_326' title='bbox 2314 1598 2381 1635; x_wconf 89' lang='lat' dir='ltr'><strong>ea</strong></span> <span class='ocrx_word' id='word_1_327' title='bbox 2428 1579 2655 1633; x_wconf 89' lang='lat' dir='ltr'><strong>deorum</strong></span> <span class='ocrx_word' id='word_1_328' title='bbox 2694 1596 2829 1633; x_wconf 89' lang='lat' dir='ltr'><strong>con-</strong></span> 
     </span>
     <span class='ocr_line' id='line_1_67' title="bbox 1676 1650 2827 1721; baseline -0.003 -13"><span class='ocrx_word' id='word_1_329' title='bbox 1676 1655 1759 1708; x_wconf 89' lang='lat' dir='ltr'><strong>tio</strong></span> <span class='ocrx_word' id='word_1_330' title='bbox 1810 1655 2040 1709; x_wconf 88' lang='lat' dir='ltr'><strong>inventa</strong></span> <span class='ocrx_word' id='word_1_331' title='bbox 2084 1652 2175 1721; x_wconf 89' lang='lat' dir='ltr'><strong>sit,</strong></span> <span class='ocrx_word' id='word_1_332' title='bbox 2225 1669 2335 1721; x_wconf 89' lang='lat' dir='ltr'><strong>quo</strong></span> <span class='ocrx_word' id='word_1_333' title='bbox 2386 1650 2615 1705; x_wconf 86' lang='lat' dir='ltr'><strong>consilio</strong></span> <span class='ocrx_word' id='word_1_334' title='bbox 2659 1651 2827 1705; x_wconf 90' lang='lat' dir='ltr'><strong>Iuno-</strong></span> 
     </span>
     <span class='ocr_line' id='line_1_68' title="bbox 1676 1723 2828 1793; baseline -0.002 -14"><span class='ocrx_word' id='word_1_335' title='bbox 1676 1726 1779 1793; x_wconf 92' lang='lat' dir='ltr'><strong>nis,</strong></span> <span class='ocrx_word' id='word_1_336' title='bbox 1816 1743 1929 1779; x_wconf 89' lang='lat' dir='ltr'><strong>non</strong></span> <span class='ocrx_word' id='word_1_337' title='bbox 1966 1725 2112 1780; x_wconf 66' lang='lat' dir='ltr'><strong>alius⁴</strong></span> <span class='ocrx_word' id='word_1_338' title='bbox 2133 1725 2223 1779; x_wconf 90' lang='lat' dir='ltr'><strong>dei</strong></span> <span class='ocrx_word' id='word_1_339' title='bbox 2257 1723 2568 1778; x_wconf 88' lang='lat' dir='ltr'><strong>orationem</strong></span> <span class='ocrx_word' id='word_1_340' title='bbox 2592 1723 2828 1778; x_wconf 88' lang='lat' dir='ltr'><strong>rettule-</strong></span> 
     </span>
     <span class='ocr_line' id='line_1_69' title="bbox 1676 1793 2829 1852; baseline -0.002 -1"><span class='ocrx_word' id='word_1_341' title='bbox 1676 1798 1770 1852; x_wconf 87' lang='lat' dir='ltr'><strong>rit.</strong></span> <span class='ocrx_word' id='word_1_342' title='bbox 1842 1796 1997 1851; x_wconf 82' lang='lat' dir='ltr'><strong>Nihil</strong></span> <span class='ocrx_word' id='word_1_343' title='bbox 2044 1796 2104 1850; x_wconf 87' lang='lat' dir='ltr'><strong>in</strong></span> <span class='ocrx_word' id='word_1_344' title='bbox 2138 1796 2245 1850; x_wconf 89' lang='lat' dir='ltr'><strong>hac</strong></span> <span class='ocrx_word' id='word_1_345' title='bbox 2285 1794 2507 1849; x_wconf 85' lang='lat' dir='ltr'><strong>ratione</strong></span> <span class='ocrx_word' id='word_1_346' title='bbox 2550 1794 2695 1849; x_wconf 87' lang='lat' dir='ltr'><strong>inest</strong></span> <span class='ocrx_word' id='word_1_347' title='bbox 2728 1793 2829 1849; x_wconf 86' lang='lat' dir='ltr'><strong>de-</strong></span> 
     </span>
     <span class='ocr_line' id='line_1_70' title="bbox 1676 1866 2831 1939; baseline -0.003 -16"><span class='ocrx_word' id='word_1_348' title='bbox 1676 1870 1975 1939; x_wconf 83' lang='lat' dir='ltr'><strong>gressionis</strong></span> <span class='ocrx_word' id='word_1_349' title='bbox 2051 1869 2236 1922; x_wconf 90' lang='lat' dir='ltr'><strong>nescio</strong></span> <span class='ocrx_word' id='word_1_350' title='bbox 2311 1866 2467 1921; x_wconf 90' lang='lat' dir='ltr'><strong>cuius</strong></span> <span class='ocrx_word' id='word_1_351' title='bbox 2542 1867 2831 1935; x_wconf 82' lang='lat' dir='ltr'><strong>poeticae3</strong></span> 
     </span>
     <span class='ocr_line' id='line_1_71' title="bbox 1678 1938 2831 2006; baseline -0.003 -12"><span class='ocrx_word' id='word_1_352' title='bbox 1678 1941 1818 1995; x_wconf 88' lang='lat' dir='ltr'><strong>latet</strong></span> <span class='ocrx_word' id='word_1_353' title='bbox 1852 1940 1932 1994; x_wconf 91' lang='lat' dir='ltr'><strong>ibi</strong></span> <span class='ocrx_word' id='word_1_354' title='bbox 1975 1957 2188 1993; x_wconf 89' lang='lat' dir='ltr'><strong>summa</strong></span> <span class='ocrx_word' id='word_1_355' title='bbox 2217 1939 2497 2005; x_wconf 88' lang='lat' dir='ltr'><strong>carminis,</strong></span> <span class='ocrx_word' id='word_1_356' title='bbox 2536 1954 2703 2006; x_wconf 86' lang='lat' dir='ltr'><strong>quam</strong></span> <span class='ocrx_word' id='word_1_357' title='bbox 2738 1938 2831 1991; x_wconf 88' lang='lat' dir='ltr'><strong>in-</strong></span> 
     </span>
     <span class='ocr_line' id='line_1_72' title="bbox 1677 2008 2833 2080; baseline -0.002 -15"><span class='ocrx_word' id='word_1_358' title='bbox 1677 2012 1845 2065; x_wconf 89' lang='lat' dir='ltr'><strong>solita</strong></span> <span class='ocrx_word' id='word_1_359' title='bbox 1889 2010 2131 2080; x_wconf 87' lang='lat' dir='ltr'><strong>quadam</strong></span> <span class='ocrx_word' id='word_1_360' title='bbox 2184 2010 2367 2064; x_wconf 89' lang='lat' dir='ltr'><strong>forma</strong></span> <span class='ocrx_word' id='word_1_361' title='bbox 2415 2008 2687 2064; x_wconf 86' lang='lat' dir='ltr'><strong>inclusam</strong></span> <span class='ocrx_word' id='word_1_362' title='bbox 2732 2026 2833 2063; x_wconf 78' lang='lat' dir='ltr'><strong>ve-</strong></span> 
     </span>
     <span class='ocr_line' id='line_1_73' title="bbox 1676 2080 2833 2152; baseline -0.002 -16"><span class='ocrx_word' id='word_1_363' title='bbox 1676 2088 1840 2137; x_wconf 91' lang='lat' dir='ltr'><strong>nuste</strong></span> <span class='ocrx_word' id='word_1_364' title='bbox 1861 2088 2027 2152; x_wconf 87' lang='lat' dir='ltr'><strong>poeta</strong></span> <span class='ocrx_word' id='word_1_365' title='bbox 2053 2082 2339 2137; x_wconf 84' lang='lat' dir='ltr'><strong>excusavit</strong></span> <span class='ocrx_word' id='word_1_366' title='bbox 2358 2080 2637 2135; x_wconf 87' lang='lat' dir='ltr'><strong>clausulae</strong></span> <span class='ocrx_word' id='word_1_367' title='bbox 2657 2080 2833 2134; x_wconf 85' lang='lat' dir='ltr'><strong>simul</strong></span> 
     </span>
     <span class='ocr_line' id='line_1_74' title="bbox 1678 2152 2827 2223; baseline -0.002 -16"><span class='ocrx_word' id='word_1_368' title='bbox 1678 2154 2021 2223; x_wconf 85' lang='lat' dir='ltr'><strong>aptissimam</strong></span> <span class='ocrx_word' id='word_1_369' title='bbox 2079 2152 2351 2207; x_wconf 86' lang='lat' dir='ltr'><strong>rationem</strong></span> <span class='ocrx_word' id='word_1_370' title='bbox 2410 2156 2623 2206; x_wconf 88' lang='lat' dir='ltr'><strong>nactus.</strong></span> <span class='ocrx_word' id='word_1_371' title='bbox 2704 2152 2827 2205; x_wconf 75' lang='lat' dir='ltr'><strong>Ad-</strong></span> 
     </span>
     <span class='ocr_line' id='line_1_75' title="bbox 1676 2222 2835 2291; baseline 0 -13"><span class='ocrx_word' id='word_1_372' title='bbox 1676 2226 1932 2279; x_wconf 88' lang='lat' dir='ltr'><strong>miranda</strong></span> <span class='ocrx_word' id='word_1_373' title='bbox 1981 2226 2151 2280; x_wconf 89' lang='lat' dir='ltr'><strong>etiam</strong></span> <span class='ocrx_word' id='word_1_374' title='bbox 2201 2228 2287 2278; x_wconf 90' lang='lat' dir='ltr'><strong>est</strong></span> <span class='ocrx_word' id='word_1_375' title='bbox 2323 2222 2624 2277; x_wconf 85' lang='lat' dir='ltr'><strong>admodum</strong></span> <span class='ocrx_word' id='word_1_376' title='bbox 2660 2228 2835 2291; x_wconf 83' lang='lat' dir='ltr'><strong>grata</strong></span> 
     </span>
     <span class='ocr_line' id='line_1_76' title="bbox 1677 2296 2833 2365; baseline -0.001 -15"><span class='ocrx_word' id='word_1_377' title='bbox 1677 2298 1985 2364; x_wconf 77' lang='lat' dir='ltr'><strong>urbanitas,</strong></span> <span class='ocrx_word' id='word_1_378' title='bbox 2024 2314 2133 2365; x_wconf 91' lang='lat' dir='ltr'><strong>qua</strong></span> <span class='ocrx_word' id='word_1_379' title='bbox 2178 2314 2269 2349; x_wconf 80' lang='lat' dir='ltr'><strong>vv.</strong></span> <span class='ocrx_word' id='word_1_380' title='bbox 2313 2298 2395 2350; x_wconf 89' lang='grc'><strong>11.</strong></span> <span class='ocrx_word' id='word_1_381' title='bbox 2436 2298 2501 2347; x_wconf 88' lang='grc'><strong>12</strong></span> <span class='ocrx_word' id='word_1_382' title='bbox 2536 2296 2833 2364; x_wconf 80' lang='lat' dir='ltr'><strong>Augustus</strong></span> 
     </span>
     <span class='ocr_line' id='line_1_77' title="bbox 1677 2366 2831 2438; baseline -0.003 -16"><span class='ocrx_word' id='word_1_383' title='bbox 1677 2386 2005 2438; x_wconf 86' lang='lat' dir='ltr'><strong>magnorum</strong></span> <span class='ocrx_word' id='word_1_384' title='bbox 2033 2368 2301 2432; x_wconf 87' lang='lat' dir='ltr'><strong>virorum,</strong></span> <span class='ocrx_word' id='word_1_385' title='bbox 2339 2382 2576 2435; x_wconf 90' lang='lat' dir='ltr'><strong>quorum</strong></span> <span class='ocrx_word' id='word_1_386' title='bbox 2617 2366 2831 2420; x_wconf 89' lang='lat' dir='ltr'><strong>labori·</strong></span> 
     </span>
     <span class='ocr_line' id='line_1_78' title="bbox 1675 2436 2831 2494; baseline -0.001 -1"><span class='ocrx_word' id='word_1_387' title='bbox 1675 2440 1780 2493; x_wconf 93' lang='lat' dir='ltr'><strong>bus</strong></span> <span class='ocrx_word' id='word_1_388' title='bbox 1819 2440 2083 2494; x_wconf 88' lang='lat' dir='ltr'><strong>securitas</strong></span> <span class='ocrx_word' id='word_1_389' title='bbox 2116 2443 2173 2492; x_wconf 92' lang='lat' dir='ltr'><strong>et</strong></span> <span class='ocrx_word' id='word_1_390' title='bbox 2212 2438 2391 2493; x_wconf 87' lang='lat' dir='ltr'><strong>otium</strong></span> <span class='ocrx_word' id='word_1_391' title='bbox 2423 2437 2699 2491; x_wconf 90' lang='lat' dir='ltr'><strong>bonorum</strong></span> <span class='ocrx_word' id='word_1_392' title='bbox 2728 2436 2831 2492; x_wconf 87' lang='lat' dir='ltr'><strong>ho-</strong></span> 
     </span>
     <span class='ocr_line' id='line_1_79' title="bbox 1677 2508 2832 2565; baseline -0.002 0"><span class='ocrx_word' id='word_1_393' title='bbox 1677 2512 1889 2565; x_wconf 91' lang='lat' dir='ltr'><strong>minum</strong></span> <span class='ocrx_word' id='word_1_394' title='bbox 1927 2512 1997 2565; x_wconf 90' lang='lat' dir='ltr'><strong>ab</strong></span> <span class='ocrx_word' id='word_1_395' title='bbox 2036 2508 2251 2563; x_wconf 86' lang='lat' dir='ltr'><strong>insidiis</strong></span> <span class='ocrx_word' id='word_1_396' title='bbox 2288 2513 2346 2563; x_wconf 91' lang='lat' dir='ltr'><strong>et</strong></span> <span class='ocrx_word' id='word_1_397' title='bbox 2370 2508 2514 2563; x_wconf 91' lang='lat' dir='ltr'><strong>dolis</strong></span> <span class='ocrx_word' id='word_1_398' title='bbox 2552 2509 2832 2563; x_wconf 89' lang='lat' dir='ltr'><strong>malorum</strong></span> 
     </span>
     <span class='ocr_line' id='line_1_80' title="bbox 1678 2580 2833 2637; baseline -0.001 -2"><span class='ocrx_word' id='word_1_399' title='bbox 1678 2582 1965 2637; x_wconf 88' lang='lat' dir='ltr'><strong>hominum</strong></span> <span class='ocrx_word' id='word_1_400' title='bbox 2001 2587 2058 2635; x_wconf 90' lang='lat' dir='ltr'><strong>et</strong></span> <span class='ocrx_word' id='word_1_401' title='bbox 2094 2581 2341 2635; x_wconf 80' lang='lat' dir='ltr'><strong>ferarum</strong></span> <span class='ocrx_word' id='word_1_402' title='bbox 2373 2581 2681 2635; x_wconf 86' lang='lat' dir='ltr'><strong>bestiarum</strong></span> <span class='ocrx_word' id='word_1_403' title='bbox 2707 2580 2833 2635; x_wconf 81' lang='lat' dir='ltr'><strong>vin-</strong></span> 
     </span>
     <span class='ocr_line' id='line_1_81' title="bbox 1678 2651 2833 2713; baseline -0.002 -5"><span class='ocrx_word' id='word_1_404' title='bbox 1678 2654 1865 2708; x_wconf 86' lang='lat' dir='ltr'><strong>dicata</strong></span> <span class='ocrx_word' id='word_1_405' title='bbox 1922 2653 2051 2707; x_wconf 91' lang='lat' dir='ltr'><strong>olim</strong></span> <span class='ocrx_word' id='word_1_406' title='bbox 2102 2669 2219 2707; x_wconf 87' lang='lat' dir='ltr'><strong>esse</strong></span> <span class='ocrx_word' id='word_1_407' title='bbox 2279 2652 2598 2713; x_wconf 86' lang='lat' dir='ltr'><strong>traduntur,</strong></span> <span class='ocrx_word' id='word_1_408' title='bbox 2656 2651 2833 2706; x_wconf 78' lang='lat' dir='ltr'><strong>socie·</strong></span> 
     </span>
     <span class='ocr_line' id='line_1_82' title="bbox 1676 2723 2831 2792; baseline -0.002 -13"><span class='ocrx_word' id='word_1_409' title='bbox 1676 2726 1784 2779; x_wconf 89' lang='lat' dir='ltr'><strong>tati</strong></span> <span class='ocrx_word' id='word_1_410' title='bbox 1823 2725 2123 2779; x_wconf 84' lang='lat' dir='ltr'><strong>ascribitur</strong></span> <span class='ocrx_word' id='word_1_411' title='bbox 2158 2741 2283 2779; x_wconf 87' lang='lat' dir='ltr'><strong>cum</strong></span> <span class='ocrx_word' id='word_1_412' title='bbox 2302 2723 2653 2792; x_wconf 88' lang='lat' dir='ltr'><strong>Romuloque</strong></span> <span class='ocrx_word' id='word_1_413' title='bbox 2678 2740 2831 2777; x_wconf 87' lang='lat' dir='ltr'><strong>com-</strong></span> 
     </span>
     <span class='ocr_line' id='line_1_83' title="bbox 1674 2796 2831 2866; baseline 0.001 -17"><span class='ocrx_word' id='word_1_414' title='bbox 1674 2801 1909 2866; x_wconf 87' lang='lat' dir='ltr'><strong>paratur</strong></span> <span class='ocrx_word' id='word_1_415' title='bbox 1946 2796 2103 2866; x_wconf 91' lang='lat' dir='ltr'><strong>quasi</strong></span> <span class='ocrx_word' id='word_1_416' title='bbox 2151 2796 2295 2849; x_wconf 87' lang='lat' dir='ltr'><strong>alter</strong></span> <span class='ocrx_word' id='word_1_417' title='bbox 2338 2812 2540 2862; x_wconf 85' lang='lat' dir='ltr'><strong>parens</strong></span> <span class='ocrx_word' id='word_1_418' title='bbox 2588 2796 2831 2864; x_wconf 88' lang='lat' dir='ltr'><strong>imperii.</strong></span> 
     </span>
     <span class='ocr_line' id='line_1_84' title="bbox 1676 2864 2829 2937; baseline -0.003 -15"><span class='ocrx_word' id='word_1_419' title='bbox 1676 2868 1746 2923; x_wconf 86' lang='lat' dir='ltr'><strong>cf.</strong></span> <span class='ocrx_word' id='word_1_420' title='bbox 1807 2868 1987 2937; x_wconf 88' lang='lat' dir='ltr'><strong>Epist.</strong></span> <span class='ocrx_word' id='word_1_421' title='bbox 2035 2867 2106 2931; x_wconf 87' lang='lat'><strong>11,</strong></span> <span class='ocrx_word' id='word_1_422' title='bbox 2158 2870 2204 2934; x_wconf 87' lang='lat' dir='ltr'><strong>l,</strong></span> <span class='ocrx_word' id='word_1_423' title='bbox 2252 2867 2284 2919; x_wconf 82' lang='lat'>5</span> <span class='ocrx_word' id='word_1_424' title='bbox 2320 2883 2439 2935; x_wconf 89' lang='lat' dir='ltr'><strong>sqq.</strong></span> <span class='ocrx_word' id='word_1_425' title='bbox 2514 2864 2573 2919; x_wconf 86' lang='lat' dir='ltr'><strong>Si</strong></span> <span class='ocrx_word' id='word_1_426' title='bbox 2628 2884 2829 2920; x_wconf 77' lang='lat' dir='ltr'><strong>verum</strong></span> 
     </span>
     <span class='ocr_line' id='line_1_85' title="bbox 1676 2937 2833 3008; baseline -0.002 -15"><span class='ocrx_word' id='word_1_427' title='bbox 1676 2945 1759 2993; x_wconf 89' lang='lat' dir='ltr'><strong>est</strong></span> <span class='ocrx_word' id='word_1_428' title='bbox 1806 2939 1955 3008; x_wconf 90' lang='lat' dir='ltr'><strong>quod</strong></span> <span class='ocrx_word' id='word_1_429' title='bbox 2004 2938 2216 3004; x_wconf 88' lang='lat' dir='ltr'><strong>dicunt,</strong></span> <span class='ocrx_word' id='word_1_430' title='bbox 2267 2937 2527 2991; x_wconf 87' lang='lat' dir='ltr'><strong>habuisse</strong></span> <span class='ocrx_word' id='word_1_431' title='bbox 2564 2937 2697 2990; x_wconf 92' lang='lat' dir='ltr'><strong>olim</strong></span> <span class='ocrx_word' id='word_1_432' title='bbox 2738 2938 2833 2991; x_wconf 85' lang='lat' dir='ltr'><strong>Iu·</strong></span> 
     </span>
     <span class='ocr_line' id='line_1_86' title="bbox 1676 3008 2833 3077; baseline -0.001 -13"><span class='ocrx_word' id='word_1_433' title='bbox 1676 3012 1813 3064; x_wconf 90' lang='lat' dir='ltr'><strong>lium</strong></span> <span class='ocrx_word' id='word_1_434' title='bbox 1864 3011 2153 3065; x_wconf 89' lang='lat' dir='ltr'><strong>Caesarem</strong></span> <span class='ocrx_word' id='word_1_435' title='bbox 2208 3008 2351 3063; x_wconf 91' lang='lat' dir='ltr'><strong>sedis</strong></span> <span class='ocrx_word' id='word_1_436' title='bbox 2408 3008 2630 3077; x_wconf 90' lang='lat' dir='ltr'><strong>imperii</strong></span> <span class='ocrx_word' id='word_1_437' title='bbox 2691 3008 2833 3063; x_wconf 91' lang='lat' dir='ltr'><strong>Tro·</strong></span> 
     </span>
     <span class='ocr_line' id='line_1_87' title="bbox 1676 3080 2831 3146; baseline 0 -11"><span class='ocrx_word' id='word_1_438' title='bbox 1676 3083 1786 3137; x_wconf 87' lang='lat' dir='ltr'><strong>iam</strong></span> <span class='ocrx_word' id='word_1_439' title='bbox 1849 3080 2268 3137; x_wconf 84' lang='lat' dir='ltr'><strong>transferendae</strong></span> <span class='ocrx_word' id='word_1_440' title='bbox 2330 3080 2640 3146; x_wconf 91' lang='lat' dir='ltr'><strong>consilium,</strong></span> <span class='ocrx_word' id='word_1_441' title='bbox 2704 3080 2831 3135; x_wconf 85' lang='lat' dir='ltr'><strong>fieri</strong></span> 
     </span>
     <span class='ocr_line' id='line_1_88' title="bbox 1675 3152 2833 3223; baseline -0.002 -16"><span class='ocrx_word' id='word_1_442' title='bbox 1675 3154 1863 3223; x_wconf 86' lang='lat' dir='ltr'><strong>potuit</strong></span> <span class='ocrx_word' id='word_1_443' title='bbox 1898 3157 1962 3206; x_wconf 89' lang='lat' dir='ltr'><strong>ut</strong></span> <span class='ocrx_word' id='word_1_444' title='bbox 2008 3153 2137 3206; x_wconf 88' lang='lat' dir='ltr'><strong>inde</strong></span> <span class='ocrx_word' id='word_1_445' title='bbox 2174 3156 2341 3221; x_wconf 89' lang='lat' dir='ltr'><strong>poeta</strong></span> <span class='ocrx_word' id='word_1_446' title='bbox 2380 3152 2525 3205; x_wconf 91' lang='lat' dir='ltr'><strong>hanc</strong></span> <span class='ocrx_word' id='word_1_447' title='bbox 2562 3153 2833 3206; x_wconf 89' lang='lat' dir='ltr'><strong>carminis</strong></span> 
     </span>
     <span class='ocr_line' id='line_1_89' title="bbox 1676 3222 2833 3295; baseline -0.002 -16"><span class='ocrx_word' id='word_1_448' title='bbox 1676 3224 1914 3279; x_wconf 86' lang='lat' dir='ltr'><strong>formam</strong></span> <span class='ocrx_word' id='word_1_449' title='bbox 1955 3230 2213 3277; x_wconf 90' lang='lat' dir='ltr'><strong>sumeret.</strong></span> <span class='ocrx_word' id='word_1_450' title='bbox 2278 3222 2423 3290; x_wconf 80' lang='lat' dir='ltr'><strong>Quid</strong></span> <span class='ocrx_word' id='word_1_451' title='bbox 2460 3222 2613 3277; x_wconf 88' lang='lat' dir='ltr'><strong>enim</strong></span> <span class='ocrx_word' id='word_1_452' title='bbox 2648 3224 2833 3295; x_wconf 79' lang='lat' dir='ltr'><strong>magis</strong></span> 
     </span>
     <span class='ocr_line' id='line_1_90' title="bbox 1675 3294 2833 3365; baseline -0.001 -15"><span class='ocrx_word' id='word_1_453' title='bbox 1675 3296 1975 3365; x_wconf 89' lang='lat' dir='ltr'><strong>imperium</strong></span> <span class='ocrx_word' id='word_1_454' title='bbox 1999 3296 2232 3364; x_wconf 89' lang='lat' dir='ltr'><strong>perdere</strong></span> <span class='ocrx_word' id='word_1_455' title='bbox 2269 3294 2583 3362; x_wconf 81' lang='lat' dir='ltr'><strong>potuisset?</strong></span> <span class='ocrx_word' id='word_1_456' title='bbox 2608 3324 2673 3333; x_wconf 93' lang='lat'><strong>—-</strong></span> <span class='ocrx_word' id='word_1_457' title='bbox 2703 3294 2833 3349; x_wconf 88' lang='lat' dir='ltr'><strong>Non</strong></span> 
     </span>
     <span class='ocr_line' id='line_1_91' title="bbox 1676 3364 2832 3436; baseline 0 -15"><span class='ocrx_word' id='word_1_458' title='bbox 1676 3367 2060 3436; x_wconf 88' lang='lat' dir='ltr'><strong>improbabilis</strong></span> <span class='ocrx_word' id='word_1_459' title='bbox 2118 3370 2201 3419; x_wconf 87' lang='lat' dir='ltr'><strong>est</strong></span> <span class='ocrx_word' id='word_1_460' title='bbox 2244 3366 2588 3434; x_wconf 88' lang='lat' dir='ltr'><strong>coniectura,</strong></span> <span class='ocrx_word' id='word_1_461' title='bbox 2648 3364 2832 3421; x_wconf 85' lang='lat' dir='ltr'><strong>Hora·</strong></span> 
     </span>
     <span class='ocr_line' id='line_1_92' title="bbox 1674 3436 2832 3505; baseline -0.001 -13"><span class='ocrx_word' id='word_1_462' title='bbox 1674 3440 1816 3493; x_wconf 91' lang='lat' dir='ltr'><strong>tium</strong></span> <span class='ocrx_word' id='word_1_463' title='bbox 1854 3440 1914 3492; x_wconf 91' lang='lat' dir='ltr'><strong>in</strong></span> <span class='ocrx_word' id='word_1_464' title='bbox 1952 3438 2204 3491; x_wconf 87' lang='lat' dir='ltr'><strong>oratione</strong></span> <span class='ocrx_word' id='word_1_465' title='bbox 2241 3436 2471 3490; x_wconf 88' lang='lat' dir='ltr'><strong>Iunonis</strong></span> <span class='ocrx_word' id='word_1_466' title='bbox 2508 3438 2832 3505; x_wconf 81' lang='lat' dir='ltr'><strong>exemplum</strong></span> 
     </span>
     <span class='ocr_line' id='line_1_93' title="bbox 1674 3508 2835 3579; baseline 0.001 -16"><span class='ocrx_word' id='word_1_467' title='bbox 1674 3510 1843 3563; x_wconf 82' lang='lat' dir='ltr'><strong>Ennii</strong></span> <span class='ocrx_word' id='word_1_468' title='bbox 1870 3514 2119 3563; x_wconf 88' lang='lat' dir='ltr'><strong>secutum</strong></span> <span class='ocrx_word' id='word_1_469' title='bbox 2158 3526 2293 3575; x_wconf 91' lang='lat' dir='ltr'><strong>esse,</strong></span> <span class='ocrx_word' id='word_1_470' title='bbox 2328 3510 2482 3561; x_wconf 90' lang='lat' dir='ltr'><strong>cuius</strong></span> <span class='ocrx_word' id='word_1_471' title='bbox 2508 3508 2835 3579; x_wconf 81' lang='lat' dir='ltr'><strong>fragmenta</strong></span> 
     </span>
     <span class='ocr_line' id='line_1_94' title="bbox 1675 3580 2837 3650; baseline 0.003 -16"><span class='ocrx_word' id='word_1_472' title='bbox 1675 3599 1786 3634; x_wconf 90' lang='lat' dir='ltr'><strong>non</strong></span> <span class='ocrx_word' id='word_1_473' title='bbox 1823 3582 2012 3649; x_wconf 87' lang='lat' dir='ltr'><strong>inepte</strong></span> <span class='ocrx_word' id='word_1_474' title='bbox 2056 3580 2136 3634; x_wconf 87' lang='lat' dir='ltr'><strong>sic</strong></span> <span class='ocrx_word' id='word_1_475' title='bbox 2174 3580 2621 3650; x_wconf 85' lang='lat' dir='ltr'><strong>coniunguntur:</strong></span> <span class='ocrx_word' id='word_1_476' title='bbox 2687 3580 2837 3649; x_wconf 84' lang='lat' dir='ltr'><strong>„Re-</strong></span> 
     </span>
     <span class='ocr_line' id='line_1_95' title="bbox 1675 3650 2835 3721; baseline -0.001 -14"><span class='ocrx_word' id='word_1_477' title='bbox 1675 3652 1910 3721; x_wconf 85' lang='lat' dir='ltr'><strong>spondet</strong></span> <span class='ocrx_word' id='word_1_478' title='bbox 1963 3652 2103 3705; x_wconf 91' lang='lat' dir='ltr'><strong>Iuno</strong></span> <span class='ocrx_word' id='word_1_479' title='bbox 2152 3650 2415 3705; x_wconf 87' lang='lat' dir='ltr'><strong>Saturnia</strong></span> <span class='ocrx_word' id='word_1_480' title='bbox 2460 3655 2655 3705; x_wconf 85' lang='lat' dir='ltr'><strong>sancta</strong></span> <span class='ocrx_word' id='word_1_481' title='bbox 2704 3652 2835 3706; x_wconf 70' lang='lat' dir='ltr'><strong>dea-</strong></span> 
     </span>
     <span class='ocr_line' id='line_1_96' title="bbox 1676 3722 2836 3791; baseline 0.003 -14"><span class='ocrx_word' id='word_1_482' title='bbox 1676 3725 1834 3777; x_wconf 91' lang='lat' dir='ltr'><strong>rum“</strong></span> <span class='ocrx_word' id='word_1_483' title='bbox 1878 3728 1935 3777; x_wconf 90' lang='lat' dir='ltr'><strong>et</strong></span> <span class='ocrx_word' id='word_1_484' title='bbox 1973 3722 2277 3791; x_wconf 85' lang='lat' dir='ltr'><strong>„Romulus</strong></span> <span class='ocrx_word' id='word_1_485' title='bbox 2316 3724 2374 3775; x_wconf 92' lang='lat' dir='ltr'><strong>in</strong></span> <span class='ocrx_word' id='word_1_486' title='bbox 2410 3723 2563 3777; x_wconf 90' lang='lat' dir='ltr'><strong>caelo</strong></span> <span class='ocrx_word' id='word_1_487' title='bbox 2588 3740 2717 3777; x_wconf 87' lang='lat' dir='ltr'><strong>cum</strong></span> <span class='ocrx_word' id='word_1_488' title='bbox 2746 3724 2836 3779; x_wconf 82' lang='lat' dir='ltr'><strong>dis</strong></span> 
     </span>
     <span class='ocr_line' id='line_1_97' title="bbox 1674 3793 2835 3865; baseline 0.003 -17"><span class='ocrx_word' id='word_1_489' title='bbox 1674 3794 2015 3865; x_wconf 83' lang='lat' dir='ltr'><strong>genitalibus</strong></span> <span class='ocrx_word' id='word_1_490' title='bbox 2052 3811 2249 3847; x_wconf 87' lang='lat' dir='ltr'><strong>aevum</strong></span> <span class='ocrx_word' id='word_1_491' title='bbox 2286 3794 2527 3863; x_wconf 83' lang='lat' dir='ltr'><strong>Degat.“</strong></span> <span class='ocrx_word' id='word_1_492' title='bbox 2600 3793 2835 3851; x_wconf 83' lang='lat' dir='ltr'><strong>Summa</strong></span> 
     </span>
     <span class='ocr_line' id='line_1_98' title="bbox 1676 3865 2839 3936; baseline 0.002 -17"><span class='ocrx_word' id='word_1_493' title='bbox 1676 3868 1851 3936; x_wconf 86' lang='lat' dir='ltr'><strong>igitur</strong></span> <span class='ocrx_word' id='word_1_494' title='bbox 1889 3865 2151 3919; x_wconf 89' lang='lat' dir='ltr'><strong>carminis</strong></span> <span class='ocrx_word' id='word_1_495' title='bbox 2190 3866 2442 3919; x_wconf 85' lang='lat' dir='ltr'><strong>cernitur</strong></span> <span class='ocrx_word' id='word_1_496' title='bbox 2480 3866 2540 3919; x_wconf 90' lang='lat' dir='ltr'><strong>in</strong></span> <span class='ocrx_word' id='word_1_497' title='bbox 2570 3866 2741 3921; x_wconf 87' lang='lat' dir='ltr'><strong>laude</strong></span> <span class='ocrx_word' id='word_1_498' title='bbox 2777 3874 2839 3923; x_wconf 85' lang='lat' dir='ltr'><strong>et</strong></span> 
     </span>
     <span class='ocr_line' id='line_1_99' title="bbox 1674 3936 2833 4007; baseline 0.003 -17"><span class='ocrx_word' id='word_1_499' title='bbox 1674 3937 1855 4007; x_wconf 84' lang='lat' dir='ltr'><strong>gloria</strong></span> <span class='ocrx_word' id='word_1_500' title='bbox 1893 3936 2133 3989; x_wconf 89' lang='lat' dir='ltr'><strong>nominis</strong></span> <span class='ocrx_word' id='word_1_501' title='bbox 2170 3936 2430 3997; x_wconf 83' lang='lat' dir='ltr'><strong>Romani,</strong></span> <span class='ocrx_word' id='word_1_502' title='bbox 2468 3937 2527 3989; x_wconf 92' lang='lat' dir='ltr'><strong>in</strong></span> <span class='ocrx_word' id='word_1_503' title='bbox 2570 3944 2833 3993; x_wconf 86' lang='lat' dir='ltr'><strong>constan-</strong></span> 
     </span>
     <span class='ocr_line' id='line_1_100' title="bbox 1676 4006 2836 4077; baseline 0.003 -16"><span class='ocrx_word' id='word_1_504' title='bbox 1676 4010 1759 4063; x_wconf 86' lang='lat' dir='ltr'><strong>tia</strong></span> <span class='ocrx_word' id='word_1_505' title='bbox 1795 4013 2066 4075; x_wconf 84' lang='lat' dir='ltr'><strong>tanquam</strong></span> <span class='ocrx_word' id='word_1_506' title='bbox 2114 4008 2174 4060; x_wconf 90' lang='lat' dir='ltr'><strong>in</strong></span> <span class='ocrx_word' id='word_1_507' title='bbox 2221 4006 2588 4062; x_wconf 86' lang='lat' dir='ltr'><strong>fundamento</strong></span> <span class='ocrx_word' id='word_1_508' title='bbox 2626 4010 2836 4077; x_wconf 85' lang='lat' dir='ltr'><strong>posita,</strong></span> 
     </span>
     <span class='ocr_line' id='line_1_101' title="bbox 1673 4078 2831 4148; baseline 0.003 -15"><span class='ocrx_word' id='word_1_509' title='bbox 1673 4097 1775 4148; x_wconf 91' lang='lat' dir='ltr'><strong>per</strong></span> <span class='ocrx_word' id='word_1_510' title='bbox 1838 4095 2110 4132; x_wconf 88' lang='lat' dir='ltr'><strong>annorum</strong></span> <span class='ocrx_word' id='word_1_511' title='bbox 2174 4078 2375 4133; x_wconf 89' lang='lat' dir='ltr'><strong>seriem</strong></span> <span class='ocrx_word' id='word_1_512' title='bbox 2436 4078 2694 4141; x_wconf 73' lang='lat' dir='ltr'><strong>adaucta,</strong></span> <span class='ocrx_word' id='word_1_513' title='bbox 2760 4082 2831 4136; x_wconf 88' lang='lat' dir='ltr'><strong>ab</strong></span> 
     </span>
     <span class='ocr_line' id='line_1_102' title="bbox 1674 4149 2833 4220; baseline 0.001 -15"><span class='ocrx_word' id='word_1_514' title='bbox 1674 4154 1764 4205; x_wconf 89' lang='lat' dir='ltr'><strong>Au</strong></span> <span class='ocrx_word' id='word_1_515' title='bbox 1844 4154 1931 4203; x_wconf 86' lang='lat' dir='ltr'><strong>sto</strong></span> <span class='ocrx_word' id='word_1_516' title='bbox 1957 4149 2029 4203; x_wconf 87' lang='lat' dir='ltr'><strong>ad</strong></span> <span class='ocrx_word' id='word_1_517' title='bbox 2054 4167 2329 4203; x_wconf 89' lang='lat' dir='ltr'><strong>summum</strong></span> <span class='ocrx_word' id='word_1_518' title='bbox 2348 4149 2643 4220; x_wconf 81' lang='lat' dir='ltr'><strong>fastigium</strong></span> <span class='ocrx_word' id='word_1_519' title='bbox 2664 4152 2833 4206; x_wconf 86' lang='lat' dir='ltr'><strong>elata.</strong></span> 
     </span>
    </p>

    <p class='ocr_par' dir='ltr' id='par_1_8' title="bbox 1674 4220 2831 4649">
     <span class='ocr_line' id='line_1_103' title="bbox 1799 4220 2831 4289; baseline 0.002 -15"><span class='ocrx_word' id='word_1_520' title='bbox 1799 4263 1810 4274; x_wconf 95' lang='lat'><strong>.</strong></span> <span class='ocrx_word' id='word_1_521' title='bbox 1855 4225 1899 4273; x_wconf 89' lang='lat'><strong>1.</strong></span> <span class='ocrx_word' id='word_1_522' title='bbox 1950 4220 2202 4289; x_wconf 81' lang='lat' dir='ltr'><strong>tenacem]</strong></span> <span class='ocrx_word' id='word_1_523' title='bbox 2264 4220 2356 4275; x_wconf 88' lang='lat' dir='ltr'><strong>Sic</strong></span> <span class='ocrx_word' id='word_1_524' title='bbox 2394 4221 2543 4274; x_wconf 87' lang='lat' dir='ltr'><strong>Caes.</strong></span> <span class='ocrx_word' id='word_1_525' title='bbox 2586 4221 2649 4275; x_wconf 92' lang='lat' dir='ltr'><strong>B.</strong></span> <span class='ocrx_word' id='word_1_526' title='bbox 2692 4222 2752 4276; x_wconf 89' lang='lat' dir='ltr'><strong>C.</strong></span> <span class='ocrx_word' id='word_1_527' title='bbox 2788 4222 2831 4283; x_wconf 91' lang='lat'><strong>1.</strong></span> 
     </span>
     <span class='ocr_line' id='line_1_104' title="bbox 1675 4292 2829 4361; baseline 0.002 -16"><span class='ocrx_word' id='word_1_528' title='bbox 1675 4292 1744 4345; x_wconf 84' lang='lat'><strong>83</strong></span> <span class='ocrx_word' id='word_1_529' title='bbox 1797 4298 2022 4360; x_wconf 86' lang='lat' dir='ltr'><strong>„tenere</strong></span> <span class='ocrx_word' id='word_1_530' title='bbox 2070 4297 2305 4361; x_wconf 89' lang='lat' dir='ltr'><strong>uterque</strong></span> <span class='ocrx_word' id='word_1_531' title='bbox 2350 4292 2709 4361; x_wconf 88' lang='lat' dir='ltr'><strong>propositum</strong></span> <span class='ocrx_word' id='word_1_532' title='bbox 2750 4294 2829 4347; x_wconf 82' lang='lat' dir='ltr'><strong>vi·</strong></span> 
     </span>
     <span class='ocr_line' id='line_1_105' title="bbox 1675 4362 2827 4433; baseline 0.002 -16"><span class='ocrx_word' id='word_1_533' title='bbox 1675 4364 1965 4417; x_wconf 87' lang='lat' dir='ltr'><strong>debatur.“</strong></span> <span class='ocrx_word' id='word_1_534' title='bbox 2004 4363 2080 4417; x_wconf 88' lang='lat' dir='ltr'><strong>Et</strong></span> <span class='ocrx_word' id='word_1_535' title='bbox 2101 4363 2263 4417; x_wconf 87' lang='lat' dir='ltr'><strong>ovid.</strong></span> <span class='ocrx_word' id='word_1_536' title='bbox 2287 4362 2421 4417; x_wconf 88' lang='lat' dir='ltr'><strong>Met.</strong></span> <span class='ocrx_word' id='word_1_537' title='bbox 2442 4364 2511 4427; x_wconf 90' lang='lat' dir='ltr'><strong>X,</strong></span> <span class='ocrx_word' id='word_1_538' title='bbox 2536 4366 2643 4417; x_wconf 85' lang='lat'><strong>405</strong></span> <span class='ocrx_word' id='word_1_539' title='bbox 2664 4382 2827 4433; x_wconf 85' lang='lat' dir='ltr'><strong>„pro-</strong></span> 
     </span>
     <span class='ocr_line' id='line_1_106' title="bbox 1674 4434 2829 4503; baseline 0.002 -16"><span class='ocrx_word' id='word_1_540' title='bbox 1674 4435 1953 4503; x_wconf 88' lang='lat' dir='ltr'><strong>positique</strong></span> <span class='ocrx_word' id='word_1_541' title='bbox 1990 4434 2213 4488; x_wconf 84' lang='lat' dir='ltr'><strong>tenax.“</strong></span> <span class='ocrx_word' id='word_1_542' title='bbox 2274 4434 2421 4501; x_wconf 83' lang='lat' dir='ltr'><strong>Quid</strong></span> <span class='ocrx_word' id='word_1_543' title='bbox 2462 4436 2519 4488; x_wconf 91' lang='lat' dir='ltr'><strong>in</strong></span> <span class='ocrx_word' id='word_1_544' title='bbox 2558 4436 2733 4490; x_wconf 89' lang='lat' dir='ltr'><strong>simili</strong></span> <span class='ocrx_word' id='word_1_545' title='bbox 2768 4452 2829 4489; x_wconf 88' lang='lat' dir='ltr'><strong>re</strong></span> 
     </span>
     <span class='ocr_line' id='line_1_107' title="bbox 1676 4506 2827 4573; baseline 0.002 -14"><span class='ocrx_word' id='word_1_546' title='bbox 1676 4506 1879 4559; x_wconf 90' lang='lat' dir='ltr'><strong>audere</strong></span> <span class='ocrx_word' id='word_1_547' title='bbox 1920 4507 2171 4573; x_wconf 89' lang='lat' dir='ltr'><strong>potuerit</strong></span> <span class='ocrx_word' id='word_1_548' title='bbox 2213 4510 2399 4573; x_wconf 86' lang='lat' dir='ltr'><strong>poeta,</strong></span> <span class='ocrx_word' id='word_1_549' title='bbox 2452 4508 2705 4561; x_wconf 83' lang='lat' dir='ltr'><strong>ostendit</strong></span> <span class='ocrx_word' id='word_1_550' title='bbox 2752 4507 2827 4561; x_wconf 91' lang='lat' dir='ltr'><strong>lo·</strong></span> 
     </span>
     <span class='ocr_line' id='line_1_108' title="bbox 1677 4576 2827 4649; baseline 0.001 -18"><span class='ocrx_word' id='word_1_551' title='bbox 1677 4592 1771 4631; x_wconf 88' lang='lat' dir='ltr'><strong>cus</strong></span> <span class='ocrx_word' id='word_1_552' title='bbox 1819 4576 2000 4646; x_wconf 88' lang='lat' dir='ltr'><strong>Epist.</strong></span> <span class='ocrx_word' id='word_1_553' title='bbox 2037 4576 2083 4645; x_wconf 88' lang='lat'><strong>1,</strong></span> <span class='ocrx_word' id='word_1_554' title='bbox 2122 4580 2207 4645; x_wconf 79' lang='lat'><strong>13,</strong></span> <span class='ocrx_word' id='word_1_555' title='bbox 2250 4578 2330 4631; x_wconf 91' lang='lat'><strong>11.</strong></span> <span class='ocrx_word' id='word_1_556' title='bbox 2386 4606 2457 4616; x_wconf 97' lang='lat'><strong>—</strong></span> <span class='ocrx_word' id='word_1_557' title='bbox 2514 4576 2705 4649; x_wconf 78' lang='lat' dir='ltr'><strong>ardor]</strong></span> <span class='ocrx_word' id='word_1_558' title='bbox 2758 4579 2827 4634; x_wconf 85' lang='lat' dir='ltr'><strong>de</strong></span> 
     </span>
    </p>
   </div>
  </div>
 </body>
</html>
