3092 5059
1042 273 1161 338 DE
1202 274 1433 340 ARTE
1476 273 1870 343 POETICA.

2523 277 2646 342 629

357 459 508 550 Qui
561 485 811 537 mores
864 460 1263 538 hominum
1315 463 1731 538 multorum
1791 464 1977 538 vidit
2030 477 2102 538 et
2151 458 2452 538 urbes“

351 583 525 659 Non
580 586 877 660 fumum
930 611 1026 660 ex
1080 587 1407 684 fulgore,
1464 586 1742 684 sed-ex
1796 589 2008 663 fumo
2069 589 2252 661 dare
2307 585 2556 661 lucem

356 707 689 805 Cogitat,
745 723 828 784 ut
878 713 1223 808 speciosa
1273 711 1552 787 dehinc
1603 712 1969 787 miracula
2013 726 2336 809 promat,

252 867 329 908 146
357 833 833 932 Antiphaten
879 836 1370 936 Scyllamque
1424 850 1499 912 et
1551 863 1725 912 cum
1759 838 2100 937 Cyclope
2138 838 2644 938 Charybdim3

351 959 511 1034 Nec
562 960 893 1035 reditum
943 961 1337 1038 Diomedis
1390 963 1490 1036 ab
1543 964 1850 1038 interitu
1901 963 2298 1061 Meleagri,

356 1083 515 1160 Nec
563 1085 871 1182 gemino
927 1084 1212 1160 bellum
1266 1084 1681 1160 Troianum
1738 1085 2036 1160 orditur
2089 1087 2184 1160 ab
2240 1111 2422 1160 ovo:

356 1207 677 1307 Semper
728 1210 828 1285 ad
885 1223 1240 1286 eventum
1294 1211 1606 1286 festinat
1657 1224 1733 1286 et
1781 1211 1858 1284 in
1915 1211 2205 1286 medias
2259 1237 2378 1285 res

351 1333 523 1409 Non
576 1361 787 1412 secus
840 1359 929 1410 ac
981 1349 1200 1410 notas
1253 1335 1685 1411 auditorem
1729 1335 1954 1432 rapit,
2012 1348 2086 1411 et
2138 1361 2334 1434 quae

246 1458 725 1559 1⁵0Desperat
774 1472 1094 1536 tractata
1144 1461 1520 1536 nitescere
1569 1486 1796 1557 posse
1833 1461 2222 1560 relinquit,

354 1586 616 1685 Atque
667 1586 773 1660 ita
823 1587 1210 1680 mentitur,
1265 1587 1371 1660 sic
1422 1586 1624 1660 veris
1677 1585 1872 1662 falsa
1919 1587 2296 1681 remiscet,

352 1711 614 1785 Primo
666 1736 764 1785 ne
820 1711 1185 1805 medium,
1232 1708 1487 1785 medio
1541 1735 1640 1784 ne
1691 1709 2074 1807 discrepet
2121 1712 2380 1786 imum.

356 1835 471 1910 Tu
528 1834 712 1934 quid
766 1859 911 1933 ego
967 1849 1043 1911 et
1094 1835 1427 1932 populus
1478 1861 1775 1910 mecum
1831 1835 2220 1912 desideret
2271 1837 2475 1932 audi,

256 2110 474 2179 Troiae,
531 2127 697 2179 quem
766 2112 941 2166 secuti
994 2115 1125 2166 sunt
1177 2112 1403 2181 Haupt„

252 2182 515 2247 Meinek„
582 2181 823 2251 Linker.,
890 2183 1115 2246 Ritoer„
1182 2183 1405 2253 Lehrs.;

252 2271 369 2308 non
420 2254 678 2309 Doederl.
726 2254 965 2326 Kriiger.
1012 2253 1235 2310 Miiller.
1272 2254 1403 2310 Kel-

251 2327 353 2380 ler.
392 2325 675 2380 Eckstein.
710 2325 1084 2381 Weissenfels.
1124 2326 1194 2381 cf.
1222 2327 1402 2382 Carm.

251 2397 297 2464 1,
340 2397 426 2465 28,
481 2397 563 2450 11.
640 2396 801 2452 Ovid.
850 2397 987 2452 Met.
1036 2397 1133 2466 XI,
1186 2400 1289 2452 757
1320 2415 1404 2480 sq.

254 2436 408 2537 V'In,
456 2469 560 2522 365
598 2486 677 2538 sq.
727 2499 793 2508 -
841 2470 937 2538 qui
982 2469 1311 2609 mores]p
1223 2469 1311 2538 Ep
1314 2469 1402 2524 ist.

252 2541 297 2608 1,
340 2541 619 2607 2‚19.--
657 2557 724 2594 ex
760 2539 996 2610 fulyore]
1069 2540 1157 2595 Fu
1180 2557 1285 2612 gor
1321 2545 1407 2595 est

254 2612 445 2666 lumen
482 2611 729 2666 subitum
776 2617 835 2666 et
878 2611 1066 2666 oculos
1100 2612 1404 2681 praestrin-

252 2701 424 2754 gens,
488 2700 617 2737 mox
680 2689 869 2738 tamen
932 2685 990 2736 in
1055 2684 1271 2738 fumum
1325 2684 1404 2737 in-

252 2761 481 2826 gratum
538 2754 819 2823 desinens,
870 2759 1067 2810 contra
1124 2757 1221 2809 lux
1276 2771 1405 2810 ocu-

250 2827 323 2881 lis
362 2826 575 2897 grataf‘
634 2825 893 2881 Orellius.
933 2857 999 2866 —
1038 2825 1402 2898 Antiphaten]

255 2899 422 2953 Hom.
478 2897 576 2952 Od.
637 2898 707 2966 X,
769 2901 872 2952 100
896 2916 1040 2968 sqq.;
1100 2899 1169 2952 de
1224 2898 1407 2967 Scylla

253 2975 316 3024 et
374 2969 655 3038 Charybdi
713 2968 813 3024 Od.
863 2971 987 3037 XII,
1036 2972 1105 3024 85
1142 2987 1244 3040 sqq
1250 3011 1279 3036 .‚
1335 2970 1405 3024 de

256 3041 499 3110 Cyclope
536 3039 637 3095 Od.
676 3041 776 3108 IX,
815 3042 915 3095 187
940 3059 1059 3110 sqq
1097 3071 1167 3080 -—
1204 3041 1407 3096 Melea-

252 3112 371 3184 yri]
415 3111 625 3166 Dicunt
650 3111 981 3167 scholiastae
1010 3114 1406 3168 Antimachum

252 3183 461 3252 notari,
509 3183 760 3238 Platonis
816 3185 1119 3267 aequalem,
1170 3183 1407 3238 Thebai-

254 3255 347 3310 dis
380 3259 639 3325 p;oetam
678 3259 735 3308 et
771 3256 1126 3324 suspicantur
1164 3257 1273 3310 viri
1311 3257 1406 3310 do-

255 3327 357 3394 cti,
384 3327 781 3382 Antimachum
823 3326 991 3381 finem
1026 3327 1201 3380 totius
1236 3328 1407 3382 actio-

254 3399 363 3464 nis,
410 3398 447 3451 i.
494 3416 540 3452 e.
588 3399 830 3452 reditum
872 3399 1158 3453 Diomedis
1206 3400 1264 3452 in
1301 3401 1408 3452 Ae·

254 3469 457 3525 toliam
504 3475 634 3539 post
677 3468 1068 3540 Epigonorum
1112 3471 1409 3524 victoriam

255 3543 471 3610 cepisse
518 3541 589 3594 ab
641 3541 875 3595 interitu
913 3541 1201 3612 Meleagri.
1275 3541 1411 3595 Fuit

257 3618 451 3669 autem
506 3613 789 3683 Meleager
845 3612 1017 3667 Oenei
1074 3612 1409 3682 Calydoniae

255 3684 409 3754 regis
434 3683 585 3738 filius
614 3700 681 3738 ex
708 3685 946 3739 Althaea
972 3685 1222 3755 coniuge.
1262 3685 1407 3738 Filio

255 3773 451 3811 recens
519 3760 653 3811 nato
713 3757 953 3811 Althaea
1020 3755 1223 3812 Parcas
1289 3756 1409 3826 igni

259 3827 569 3882 assidentes
622 3827 811 3883 videre
854 3829 964 3882 sibi
1012 3829 1127 3882 visa
1173 3832 1257 3882 est
1294 3845 1407 3882 ma-

256 3917 447 3967 nuque
498 3898 748 3967 stipitem
796 3903 1049 3955 tenentes
1097 3900 1410 3969 aequalem-

258 3987 370 4040 que
418 3987 593 4040 puero
648 3987 771 4024 cum
819 3972 1012 4041 stipite
1061 3972 1239 4026 vitam
1278 3971 1409 4026 assi-

255 4048 525 4113 guantes:
591 4058 699 4110 quo
759 4041 908 4097 facto
964 4048 1143 4097 mater
1202 4043 1409 4097 exstin-

256 4119 415 4169 ctum
458 4113 707 4183 stipitem
746 4113 1047 4184 diligenter
1084 4115 1411 4182 asservavit,

256 4189 456 4256 postea
502 4189 707 4252 autem,
758 4201 885 4239 cum
920 4185 1203 4256 Meleager
1240 4203 1411 4240 avun-

258 4257 413 4312 culos
476 4273 601 4310 suos
668 4255 985 4318 occidisset,
1046 4257 1104 4310 in
1163 4257 1410 4312 furorem

257 4346 425 4383 versa
486 4327 714 4381 fatalem
778 4327 1029 4397 stipitem
1098 4328 1158 4380 in
1224 4329 1410 4398 ignem

262 4399 519 4456 coniecit.
583 4398 725 4452 Tum
761 4397 1043 4468 Meleager
1082 4399 1290 4453 exustis
1328 4401 1411 4453 in·

260 4477 355 4526 tus
399 4469 684 4524 intestinis
722 4475 1080 4539 consumptus
1108 4475 1205 4524 est
1234 4501 1298 4508 —
1325 4487 1413 4541 qe-

260 4543 415 4598 mino
448 4541 632 4610 ovoJ,
636 4541 779 4610 ,Duo
820 4559 927 4596 ova
958 4543 1239 4611 peperisse
1275 4541 1410 4597 dici-

1500 2111 1582 2166 cie
1620 2112 1796 2180 cycni,
1843 2129 1913 2166 ex
1961 2128 2071 2180 quo
2119 2111 2239 2165 nati
2279 2116 2410 2165 sunt
2446 2109 2647 2166 Pollux

1498 2188 1558 2238 et
1593 2183 1822 2245 Helena,
1875 2183 2118 2237 alterum
2155 2201 2224 2237 ex
2260 2183 2306 2236 T
2307 2183 2541 2252 yn‚daro
2579 2201 2648 2238 ex

1500 2272 1612 2323 quo
1651 2253 1848 2308 Castor
1885 2260 1941 2308 et
1979 2253 2394 2324 Clytemestra!
2436 2255 2648 2310 Comm.

1501 2326 1669 2394 Cruq.
1710 2355 1774 2364 —-
1817 2327 1880 2380 in
1913 2325 2122 2380 medias
2144 2327 2253 2394 res]
2289 2326 2470 2380 Schol.
2508 2326 2644 2413 V,en.

1500 2397 1572 2452 ad
1612 2396 1774 2451 Iliad.
1802 2397 1847 2465 I,
1875 2399 1936 2450 8:
1977 2399 2256 2479 „Asyovcn
2299 2397 2360 2450 δὲ
2400 2401 2490 2450 καὶ
2526 2393 2648 2468 ἀρε-

1499 2467 1599 2534 τὴν
1647 2469 1932 2534 ποιητικὴν
1995 2468 2131 2520 εἶναι
2201 2464 2262 2521 τὸ
2315 2469 2427 2523 τῶν
2477 2471 2648 2522 τελευ-

1502 2545 1666 2594 ταίων
1713 2533 2191 2626 ἐπιλαμβάνεσθαι
2239 2545 2330 2592 καὶ
2366 2545 2492 2610 περὶ
2541 2542 2650 2595 τῶν

1498 2612 1708 2666 λοιπῶν
1730 2607 2004 2666 ἀνέκαθεν
2029 2611 2395 2680 διηγεῖσθαιιέι
2419 2642 2485 2650 -
2505 2629 2647 2668 men-

1502 2683 1659 2752 titur]
1700 2685 1935 2738 Aristot.
1975 2683 2129 2737 Poet.
2169 2685 2272 2737 24:
2335 2683 2650 2770 ῃΔεδίδαχε

1504 2755 1568 2808 δὲ
1603 2749 1843 2837 μάλιστα
1880 2751 2124 2842 Ὅμηρος
2164 2759 2256 2807 καὶ
2299 2775 2420 2814 τους
2460 2748 2650 2816 αλλους

1503 2825 1685 2894 ψευδῆ
1717 2829 1895 2896 λέγειν
1947 2823 2022 2885 ὥς
2060 2826 2200 2880 δει.“
2241 2857 2305 2866 -
2341 2827 2428 2882 ita
2463 2828 2650 2882 menti-

1500 2904 1611 2966 tm,
1652 2898 1820 2968 et‘cJ„
1828 2897 1935 2952 Hic
1971 2898 2050 2952 ita
2077 2903 2136 2952 et
2167 2897 2248 2953 sic
2283 2899 2430 2952 idem
2483 2899 2530 2952 si
2571 2900 2650 2953 ni-

1502 2969 1677 3024 fleant
1729 2969 2159 3038 referunturque
2205 2969 2274 3024 ad
2324 2975 2518 3024 antece
2559 2987 2648 3025 en-

1502 3043 1600 3107 tia,
1629 3059 1742 3095 non
1760 3041 1832 3095 ad
1856 3057 1923 3094 ne
1948 3039 2097 3109 quod
2121 3042 2428 3110 sequitui-,⁴⁴
2467 3041 2648 3096 Hand.

1502 3112 1738 3167 Turseli.
1777 3113 1874 3166 ΠΙ.
1917 3129 1971 3180 p.
1998 3113 2120 3165 468.
2195 3113 2422 3168 Rectius
2462 3118 2650 3168 tamen

1504 3190 1800 3253 utramque
1823 3183 2160 3254 particulam
2199 3185 2285 3238 ita
2325 3191 2382 3239 et
2417 3184 2495 3238 sic
2525 3203 2650 3240 cum

1500 3272 1570 3310 ne
1616 3256 1936 3325 coniungas,
1984 3261 2049 3310 ut
2094 3255 2243 3324 apud
2281 3255 2502 3310 Terent.
2542 3257 2650 3311 He-

1504 3331 1618 3382 aut.
1661 3327 1757 3390 IV,
1811 3332 1861 3391 5,
1911 3325 2008 3380 35:
2067 3327 2187 3396 „ita
2231 3331 2294 3380 tu
2339 3328 2514 3383 istaec
2553 3332 2652 3382 tua

1504 3400 1754 3466 misceto,
1810 3415 1876 3453 ne
1930 3416 2017 3452 me
2067 3397 2421 3452 admisceas.“
2476 3429 2540 3437 —
2585 3417 2653 3455 ne

1504 3469 1761 3538 medium]
1805 3470 1934 3524 vide
1971 3468 2040 3524 ad
2079 3469 2259 3540 Epist.
2299 3471 2342 3537 Ι,
2385 3475 2432 3538 1,
2469 3472 2556 3523 47.

1577 3541 1644 3594 V.
1687 3543 1801 3595 152.
1840 3540 1916 3594 In
1951 3540 2199 3623 scaenica
2229 3541 2384 3624 poesi
2414 3541 2654 3609 primum

1504 3611 2654 3752 333⁶.⁶5‚.2⁶.5.f⁶am235322.252.‘5322.

1501 3755 1704 3811 veritas
1753 3756 1970 3824 poetica
2025 3754 2292 3810 laedatur.
2387 3755 2653 3810 Diversus

1506 3828 1696 3896 utiquc
1742 3827 1832 3882 hic
1874 3827 2021 3880 locus
2066 3832 2144 3881 est
2192 3843 2242 3878 α.
2281 3843 2326 3880 υ.
2370 3830 2468 3880 115
2507 3843 2650 3896 sqq..-

1504 3900 1586 3953 ibi
1622 3899 1686 3953 de
1710 3899 1971 3952 sermonis
2003 3904 2232 3966 natura,
2257 3897 2343 3952 hic
2380 3897 2444 3952 de
2481 3899 2650 3953 actio-

1501 3971 1666 4026 nibus
1701 3971 1892 4039 ayitur
1927 3969 2092 4038 deque
2136 3969 2423 4039 diliyenter
2457 3969 2653 4024 descri-

1504 4041 1673 4097 bendo
1715 4047 1825 4095 toto
1863 4041 2086 4094 homine.
2125 4059 2212 4095 vv.
2246 4043 2540 4095 153—178.
2584 4072 2647 4080 --

1502 4113 1584 4183 tu]
1663 4130 1850 4166 omnes
1914 4113 2247 4181 alloquitur,
2315 4115 2650 4182 quicumque

1502 4190 1764 4255 poemata
1796 4184 1979 4238 facere
2016 4184 2264 4253 cupiunt.
2306 4215 2367 4223 —
2407 4185 2460 4239 εἰ
2485 4185 2649 4253 pla-u-

1502 4257 1662 4326 soris]
1727 4256 2034 4316 Bentleius:
2111 4273 2430 4325 „nunquam
2503 4256 2648 4324 quis-

1506 4345 1674 4397 quam
1712 4346 1745 4381 a
1781 4345 1868 4380 me
1905 4328 2246 4396 impetrabit,
2291 4332 2354 4381 ut
2390 4327 2534 4382 hanc
2569 4328 2648 4380 in·

1503 4399 1792 4454 honestam
1822 4398 2063 4452 scabiem
2088 4399 2323 4454 Horatio
2351 4400 2644 4468 imputem:

1505 4473 1814 4538 Plausoris,
1839 4470 1935 4538 qui
1971 4471 2160 4524 sedeat
2196 4489 2370 4540 usque
2397 4471 2468 4525 ad
2484 4471 2648 4540 plau-

1504 4543 1678 4606 dite;“
1738 4542 2118 4611 reponendum
2197 4542 2374 4612 igitur
2435 4543 2651 4596 censuit

262 4619 361 4669 tur
398 4613 571 4683 Leda,
610 4581 848 4669 alterum
882 4631 949 4668 ex
985 4614 1117 4669 Iove
1150 4613 1255 4668 sub
1291 4631 1411 4684 spe·
1498 4612 1758 4681 fautoris·
1842 4613 2076 4669 Acutius
2139 4612 2504 4684 Peerlkamp,
2561 4615 2646 4670 cui
