3092 5059
459 163 582 228 568

1339 155 1957 222 EPISTULARUM

562 347 715 425 Sed
765 347 944 423 satis
997 357 1110 420 est
1163 368 1383 419 orare
1435 342 1705 418 Iovem
1759 367 1955 441 quae
2006 341 2225 442 ponit
2286 353 2363 418 et
2412 340 2738 416 aufert:

559 475 706 550 Det
731 473 993 565 vitam,
1029 472 1160 547 det
1204 493 1428 568 opes;
1455 491 1811 567 ,aequum
1840 467 1949 542 mi
1975 466 2309 543 animum
2340 467 2509 566 ipse
2544 463 2923 582 parabo.-

1291 797 1749 880 EP1s'rULA
1814 793 2039 878 XIX.

564 962 826 1038 Prisco
884 963 950 1037 si
993 960 1264 1055 credis,
1317 960 1725 1036 Maecenas
1780 959 2027 1054 docte,
2084 956 2427 1051 Cratin0,

563 1087 797 1164 Nulla
849 1087 1156 1185 placere
1210 1086 1344 1162 diu
1394 1111 1538 1161 nec
1590 1085 1851 1161 vivere
1902 1083 2244 1158 carmina
2294 1093 2655 1182 possunt,

568 1212 784 1304 Quae
837 1211 1269 1287 scribuntur
1313 1235 1561 1310 aquae
1610 1208 2035 1306 potoribus.

2135 1208 2235 1284 Ut
2286 1206 2491 1282 male
2542 1232 2799 1282 sanos

568 1335 946 1434 Ascripsit
995 1335 1234 1411 Liber
1286 1334 1576 1434 Satyris
1628 1333 2067 1432 Faunisque
2118 1345 2405 1432 poetas,

513 1495 538 1536 ι
573 1461 780 1538 Vina
833 1463 1002 1538 fere
1054 1462 1320 1538 dulces
1371 1459 1729 1537 oluerunt
1782 1484 2008 1534 mane
2051 1459 2456 1536 Camenae.

567 1586 968 1662 Laudibus
1019 1587 1366 1684 arguitur
1416 1585 1581 1661 vini
1622 1585 1935 1660 vinosus
1989 1583 2415 1678 Homerus3

566 1711 858 1786 Ennius
909 1712 1076 1811 ipse
1126 1725 1350 1808 pater
1400 1735 1795 1810 nunquam
1848 1707 1997 1784 nisi
2049 1719 2276 1806 potus
2327 1707 2427 1783 ad
2479 1734 2721 1784 arma

467 1936 712 2004 intersit,
761 1953 826 1990 eo
874 1935 1034 1990 nobis
1079 1936 1311 2004 arridet,
1362 1937 1512 2005 quod
1562 1942 1620 1992 et

1714 1935 1762 1990 si
1808 1933 2011 1988 misere
2056 1931 2565 2002 conghtinment,
2626 1932 2751 1987 sibi
2789 1930 2889 2000 ipsi

467 2007 527 2061 in
573 2007 978 2076 antiquissimis
1015 2007 1248 2078 Cruquii
1289 1954 1450 2064 l’ibris
1493 2025 1620 2064 con-
1711 2005 1983 2076 plaudere
2026 2004 2303 2059 solebant.
2374 2003 2605 2074 Scripta
2658 2003 2889 2058 videtur

469 2079 707 2148 spicitur
751 2085 811 2133 et
846 2079 1202 2135 librariorum
1253 2081 1472 2136 notioni
1517 2081 1619 2136 mi-

469 2169 572 2205 nus
618 2151 845 2205 obvium
900 2156 1024 2207 erat
1079 2169 1248 2220 quam
1294 2152 1440 2206 illud
1484 2153 1620 2208 alte-

467 2222 646 2276 rum.“
709 2221 802 2277 Sic
837 2222 1008 2278 etiam
1045 2223 1366 2278 Doederlin.
1404 2229 1462 2278 et
1495 2224 1620 2279 Bit-

471 2299 577 2348 ter.
615 2297 674 2349 et
709 2293 937 2350 Linker.

787 2409 1115 2478 Epistula
1145 2408 1294 2464 XIX.

425 2537 430 2542 ·
541 2505 627 2560 Eo
680 2509 952 2574 tempore,
1005 2523 1114 2574 quo
1159 2508 1385 2574 praeter
1429 2507 1622 2575 Augu-

470 2582 618 2632 stum
654 2578 1054 2646 imperatorem
1100 2576 1267 2632 multi
1304 2576 1518 2632 nobiles
1557 2592 1624 2630 ac

471 2650 676 2704 divites
717 2648 829 2702 viri
869 2649 1055 2702 Musas
1105 2648 1370 2703 colebant
1401 2652 1623 2718 poetas-

471 2739 580 2790 que
627 2719 822 2774 favore
858 2738 958 2775 suo
999 2720 1295 2789 ornabant,
1339 2719 1466 2775 fieri
1511 2736 1624 2773 non

471 2793 664 2862 potuit
698 2791 834 2860 quin
859 2796 1087 2862 praeter
1107 2809 1266 2846 veros
1291 2797 1484 2862 poetas
1509 2807 1625 2845 non

474 2881 650 2934 parva
672 2863 939 2918 existeret
974 2864 1144 2918 turba
1178 2864 1486 2931 hominum,
1526 2864 1625 2932 qui

470 2935 698 3006 ingenio
717 2935 882 3004 plane
908 2935 1166 2990 destituti
1195 2954 1387 2990 versus
1418 2953 1625 3005 magno

471 3007 698 3077 negotio
764 3007 944 3061 factos
1006 3007 1266 3062 inanibus
1333 3007 1625 3062 sententiis

473 3079 786 3148 explerent,
834 3095 1166 3149 magnorum
1219 3079 1626 3148 exemplarium

471 3149 713 3220 vestigia
733 3153 790 3204 et
810 3150 986 3205 verba
1003 3152 1283 3206 serviliter
1305 3155 1627 3220 premerent

473 3225 532 3276 et
583 3226 773 3276 tamen
825 3239 1087 3292 magnam
1143 3224 1253 3277 sibi
1299 3222 1522 3277 laudem
1568 3239 1627 3276 se

475 3298 897 3362 comparaturos
925 3299 1232 3363 sperarent.
1271 3294 1392 3362 Quo
1427 3293 1625 3348 morbo

474 3365 721 3433 correpti
776 3369 939 3419 erant
992 3367 1204 3435 partim
1258 3366 1478 3431 divites,
1529 3366 1627 3434 qui

474 3437 626 3490 domi
649 3437 898 3491 carmina
917 3454 1017 3491 sua
1036 3439 1338 3493 recitantes
1366 3438 1627 3508 plausum

474 3525 612 3563 cena
655 3513 712 3562 et
757 3510 996 3577 pecunia
1040 3515 1356 3579 coemptum
1404 3510 1629 3580 collige·

473 3584 620 3647 rent,
656 3580 862 3649 partim
895 3598 1168 3650 pauperes
1202 3582 1502 3651 miserique
1529 3581 1629 3635 ho·

473 3652 679 3717 mines,
726 3653 823 3720 qui
867 3651 1017 3708 fame
1065 3670 1228 3722 saepe
1272 3653 1333 3706 in
1376 3653 1627 3707 furorem

477 3723 680 3794 agitati
699 3727 799 3777 aut
816 3725 1073 3795 ingentes
1091 3725 1284 3779 laudes
1305 3725 1628 3779 liberalium

473 3800 843 3864 patronorum
899 3797 1206 3851 clamarent
1260 3801 1361 3851 aut
1413 3795 1627 3850 flebiles

473 3866 793 3936 tragoedias
841 3868 1104 3922 mollibus
1149 3868 1379 3923 auribus
1418 3867 1622 3923 delica-

474 3939 725 3993 tulorum
806 3938 1158 3994 dominorum
1245 3939 1627 3994 decantarent.

473 4009 790 4079 Utrumque
842 4028 1017 4081 genus
1062 4011 1386 4080 Horatium,
1435 4029 1470 4066 a
1517 4029 1628 4081 quo

476 4085 951 4145 contemneretur,
1005 4083 1194 4167 palam
1249 4083 1447 4138 oderat
1496 4101 1627 4137 eun-

476 4153 731 4223 demque,
752 4171 917 4224 quem
937 4155 1272 4224 imitaretur,
1290 4157 1431 4210 clam
1454 4155 1628 4209 admi-

475 4224 727 4279 rabatur.
765 4225 848 4280 De
878 4226 964 4279 his
989 4215 1166 4297 igitur
1187 4227 1506 4281 hominibus
1524 4227 1631 4281 hac

477 4297 719 4365 epistula
762 4297 960 4351 scribit
1011 4298 1082 4353 ad
1123 4298 1522 4365 Maecenatem,
1569 4298 1629 4352 in

475 4385 586 4436 qua
632 4369 817 4438 lepide
861 4369 958 4424 sed
1009 4370 1207 4425 acerbe
1243 4339 1532 4424 invehitur
1570 4371 1628 4423 in

475 4438 590 4492 vile
606 4439 749 4493 illud
767 4457 940 4511 genus
962 4441 1330 4504 imitatorum,
1351 4442 1467 4512 qui,
1486 4459 1630 4511 quae

475 4510 698 4578 poetica
734 4529 824 4566 ars
869 4517 1015 4568 esset
1061 4513 1386 4584 nescientes,
1436 4531 1629 4569 versus

1712 2078 1885 2148 paulo
1922 2080 2054 2132 ante
2090 2076 2306 2132 editum
2342 2079 2528 2130 totum
2561 2076 2807 2130 librum.

1783 2148 1926 2203 V..1
1964 2147 2577 2218 docteJofUadCarm
2620 2148 2673 2214 Ι,
2720 2150 2769 2212 1,
2806 2147 2885 2198 29.

1716 2221 1817 2290 ΙΠ,
1842 2222 1896 2289 8,
1921 2223 1970 2274 5.
2008 2220 2093 2275 De
2128 2219 2359 2274 Cratino
2392 2219 2525 2274 vide
2558 2219 2645 2274 ad
2686 2217 2809 2273 Sat.
2844 2217 2883 2283 Ι,

1719 2294 1860 2361 4,1.
1900 2321 1967 2332 -
2006 2291 2310 2374 potoribus]
2355 2290 2481 2346 Non
2520 2291 2703 2346 facile
2740 2257 2883 2346 dioes'

1716 2369 1909 2419 utrum
1927 2362 2151 2417 dativus
2170 2363 2247 2417 sit
2276 2379 2347 2416 an
2380 2363 2699 2417 ablativus·
2684 2403 2700 2432 ,
2732 2377 2881 2433 prae-

1718 2436 1839 2491 fero
1875 2441 2065 2489 tamen
2115 2434 2443 2504 ablativum,
2486 2435 2559 2489 de
2596 2451 2723 2518 qup
2762 2431 2881 2488 vide

1718 2507 1791 2563 ad
1810 2507 1991 2562 Carm.
2006 2507 2051 2574 Ι,
2074 2507 2126 2574 6,
2146 2507 2197 2560 2.
2222 2505 2483 2561 Ceterum
2499 2507 2572 2561 cf.
2594 2507 2879 2577 epig-ram·

1716 2597 1809 2634 ma
1862 2578 2154 2634 Nicaeam
2198 2577 2423 2644 (Athen.
2476 2581 2527 2646 2,
2576 2581 2627 2632 3.
2674 2597 2735 2648 p.
2776 2577 2879 2638 39):

1721 2644 1917 2721 „Olmie
1952 2669 2030 2703 τοι
2075 2654 2323 2736 χαρίεντι
2374 2652 2529 2704 πέλει
2570 2649 2753 2722 ταχὺς
2799 2653 2875 2700 fn·

1718 2740 1824 2781 noc
1866 2718 2070 2791 ἀοιδῷ,
2109 2715 2311 2805 ’Ῡδωρ
2366 2721 2431 2775 δὲ
2486 2727 2677 2775 πίνων
2723 2719 2879 2774 ουδὲν

1719 2789 1789 2848 ἂν
1806 2797 1949 2847 τέκοι
1974 2787 2183 2880 σοφόν·
2210 2794 2373 2846 Ταῦτ’
2393 2795 2599 2881 ἔλεγεν,
2617 2787 2877 2853 Διόνυσε,

1720 2869 1811 2919 καὶ
1846 2867 2048 2919 ἔπνεεν
2082 2859 2187 2934 οὐχ
2222 2863 2348 2924 ἑνὸς
2381 2861 2559 2918 ἀσκοῦ
2592 2871 2875 2936 Κρατῖνος,

1720 2933 1853 2990 ἀλλὰ
1901 2933 2109 2995 παντὸς
2146 2885 2367 2990 ὠδώδει
2415 2937 2643 2990 πίθουμ
2690 2967 2761 2977 -
2798 2933 2875 3002 ut]

1721 3027 1789 3064 ex
1829 3025 1955 3078 quo.
1995 3007 2139 3062 Vide
2174 3008 2249 3062 ad
2280 3007 2460 3062 Oarm.
2490 3009 2589 3079 IV,
2618 3010 2680 3076 4,
2706 3010 2793 3062 42.
2814 3034 2873 3045 -

1722 3081 1859 3135 male
1893 3079 2079 3150 sanos]
2120 3078 2191 3134 cf.
2230 3078 2344 3134 Sat.
2368 3081 2413 3148 1,
2442 3083 2494 3150 3,
2531 3083 2621 3134 46.
2660 3083 2753 3134 61.
2798 3079 2873 3132 De

1720 3170 1783 3206 re
1819 3152 1949 3205 vide
1988 3154 2057 3205 A.
2096 3151 2157 3204 P.
2194 3151 2315 3206 296.
2391 3121 2507 3207 ’Sat
2549 3153 2623 3216 11,
2666 3156 2722 3222 3,
2760 3151 2872 3204 822.

1720 3222 1987 3278 Lehrsius
2037 3240 2107 3277 ex
2152 3224 2475 3278 coniectura
2521 3225 2666 3280 male
2712 3225 2873 3280 siccos

1722 3300 1780 3350 et
1813 3296 1948 3350 vina
1981 3296 2148 3366 lyrae.
2172 3324 2237 3334 —
2272 3294 2492 3364 Satyris
2530 3291 2869 3364 Faunusque]

1720 3367 2007 3436 perpetuis
2042 3367 2157 3420 suis
2194 3367 2512 3421 comitibus.
2586 3367 2775 3423 Carm.
2808 3363 2871 3427 11,

1726 3441 1809 3500 19,
1836 3441 1886 3493 4.
1926 3467 1993 3478 --
2032 3438 2319 3509 ascripsit]
2364 3443 2671 3509 „tanquam
2708 3443 2768 3493 in
2804 3437 2867 3490 le·

1721 3511 1947 3580 gionem
1984 3527 2159 3577 suam,
2194 3527 2327 3565 nam
2361 3511 2471 3565 hoc
2504 3512 2742 3565 verbum
2776 3508 2867 3564 mi·

1723 3582 1891 3637 litare
1930 3586 2030 3636 est.
2038 3581 2065 3610 “
2103 3581 2421 3651 Porph.cf.
2465 3582 2867 3644 Carm.111,3,

1724 3655 1811 3707 35.
1852 3683 1917 3693 —-
1962 3654 2087 3708 vini
2120 3653 2368 3724 vinosus]
2406 3653 2677 3709 Eiusdem
2721 3652 2865 3708 verbi

1723 3725 1971 3780 diversas
2017 3725 2228 3778 formas
2276 3730 2336 3780 et
2379 3731 2617 3796 propter
2660 3727 2774 3780 vim
2817 3727 2867 3776 et

1723 3801 1957 3866 propter
2030 3814 2229 3851 sonum
2304 3798 2645 3853 adamarunt
2718 3793 2863 3851 latini

1724 3870 2025 3938 scriptores
2084 3868 2145 3922 in
2200 3869 2428 3938 eiusque
2494 3871 2579 3924 rei
2636 3868 2863 3940 gratiam

1724 3940 2024 3995 verborum
2062 3940 2317 3994 ordinem
2355 3959 2469 3995 non
2518 3959 2651 3995 raro
2703 3944 2861 3995 muts·

1724 4017 1874 4066 runt.
1950 4011 2020 4066 cf.
2060 4011 2175 4067 Sat.
2216 4011 2287 4080 11,
2324 4014 2375 4082 2,
2411 4014 2497 4066 89.
2548 4015 2617 4067 A.
2656 4013 2719 4067 P.
2756 4009 2857 4064 138.

1724 4085 1906 4154 Epist.
1945 4084 1992 4151 Ι,
2030 4085 2115 4152 18,
2157 4085 2207 4137 5.
2246 4053 2330 4138 89.
2366 4113 2431 4123 -
2468 4083 2764 4171 Hom]
2797 4079 2859 4135 cf.

1722 4157 1787 4210 Il.
1826 4155 1921 4222 VI,
1960 4124 2095 4224 2'613
2132 4159 2425 4242 praeterea
2458 4155 2557 4210 τὸν
2594 4155 2747 4210 οἶνον
2776 4169 2859 4238 με·

1724 4227 1939 4296 amaea,
2000 4229 2339 4298 μελίφρονα,
2397 4223 2703 4294 ἡδύποτον,
2760 4221 2857 4286 εἰη·

1724 4317 1875 4369 vop«
1914 4303 2205 4372 μενοεικέα
2246 4298 2511 4368 appellat.
2550 4327 2619 4338 —
2656 4297 2855 4354 Mna

1722 4371 1902 4441 pater]
1942 4371 2065 4426 Hoc
2112 4371 2340 4426 nomine
2379 4375 2614 4426 ornatur
2652 4377 2711 4425 et
2744 4367 2855 4438 quin

1723 4443 1939 4512 priscus
1976 4443 2087 4497 fuit
2124 4447 2181 4496 et
2228 4444 2361 4511 quia
2396 4443 2557 4512 quasi
2592 4449 2757 4512 pater
2786 4445 2853 4493 est

1723 4515 1905 4584 poesis
1952 4515 2239 4570 Romanae
2284 4519 2351 4570 ut
2384 4513 2661 4570 Homerus
2708 4513 2851 4568 Grae·
