3092 5059
1018 232 1182 300 LIB.
1227 232 1278 298 Ι.
1332 230 1583 299 ΟΑΒΜ.
1627 230 1933 299 XXVIII.
2586 228 2667 293 91

1065 450 1444 536 CARMEN
1511 446 1884 533 XXVIII.

377 614 489 689 Te
539 616 776 690 maris
824 628 902 691 et
949 629 1202 693 terrae
1255 636 1735 711 numeroque
1787 612 2115 687 carentis
2152 610 2488 687 harenae

577 740 1020 817 Memorem
1071 740 1456 836 cohibent,
1505 736 1869 836 Archyta,

567 964 856 1020 Carmen
891 964 1149 1020 XXVIII.

343 1076 581 1133 ΝιιΠιιιιι
637 1082 722 1133 est
772 1079 922 1133 inter
955 1078 1269 1134 Horatiana
1313 1094 1433 1133 ear-

277 1148 432 1203 mina
452 1148 608 1218 quod
629 1150 1034 1235 interpretibus
1055 1154 1242 1205 tantas
1301 1167 1433 1205 uan-

281 1224 368 1274 tas
386 1220 496 1275 hoe
515 1220 804 1276 molestias
823 1222 1222 1291 procreaverit.
1297 1238 1434 1277 uere

281 1290 695 1347 diversissimae
733 1310 926 1349 eorum
952 1298 1084 1348 sunt
1106 1293 1432 1349 sententiae.

277 1363 396 1417 Alii
451 1364 568 1418 dial
798 1365 950 1420 inter
1007 1366 1316 1434 Archytam
1378 1368 1436 1419 et

277 1438 530 1503 nautam,
575 1454 614 1489 a
635 1436 678 1489 ii
721 1438 1064 1521 povoloytoer
1103 1454 1223 1492 esse
1269 1435 1436 1491 adfir-

275 1510 465 1574 mant3
523 1524 708 1577 neque
761 1508 860 1577 qui
908 1508 1171 1563 alterutri
1217 1513 1434 1563 senten·

277 1578 394 1633 tine
443 1578 660 1634 addicti
711 1584 845 1635 sunt
895 1580 1050 1635 inter
1093 1597 1156 1635 se
1211 1596 1434 1635 eonsen-

279 1650 450 1704 tiunt.
500 1649 580 1704 Et
615 1668 810 1705 eorum
847 1652 946 1721 qui
978 1652 1268 1722 dialogum
1303 1652 1436 1706 seri-

277 1721 456 1790 psisee
492 1721 798 1777 Horatium
840 1727 1118 1792 statuunt,
1165 1723 1264 1778 alii
1299 1740 1435 1778 nau-

276 1800 370 1849 tae
434 1792 716 1849 Matinum
774 1794 910 1849 litus
977 1795 1437 1864 praetervehenti

277 1882 376 1919 sex
415 1868 640 1919 tantum
663 1882 874 1934 versus,
899 1866 1186 1935 Archytae
1210 1884 1438 1936 respon-

277 1936 438 1991 denti
481 1936 732 2021 reliquos
780 1938 1126 2003 attribuunt,
1165 1938 1262 1992 alii
1300 1956 1436 1993 nau-

275 2013 401 2063 tam
437 2008 646 2079 viginti
671 2026 864 2064 verene
887 2009 1167 2065 dicentem
1202 2009 1436 2065 faciunt.

276 2078 390 2147 Qui
449 2082 792 2150 μονολογίαν
860 2081 1222 2150 invenerunt,
1293 2082 1438 2137 ιιιιιο

275 2168 414 2206 eene
447 2151 706 2207 acumine
738 2152 830 2207 vel
867 2152 1094 2208 Horatii
1146 2122 1319 2208 etiem
1355 2154 1438 2207 vi·

277 2222 468 2279 ventis
501 2223 575 2277 eb
613 2223 808 2279 eodem
834 2224 1074 2279 Horatio
1099 2224 1290 2281 fietem
1317 2242 1438 2280 um·

275 2295 442 2349 bum
496 2294 559 2349 ιιι
611 2295 780 2350 litore
851 2296 1305 2352 deambulantem
1369 2314 1438 2353 ae

275 2366 690 2423 declamantem
725 2366 1047 2437 audiebant,
1097 2369 1188 2423 vel
1227 2369 1438 2437 Archy·

273 2444 369 2493 tee
389 2438 652 2493 umbram
673 2439 858 2509 primo
887 2456 1075 2495 seeum
1101 2456 1294 2496 severe
1313 2441 1438 2510 phi·

275 2509 698 2579 Iosophautem‚
759 2510 964 2566 deinde
1019 2516 1254 2567 nantem
1309 2528 1440 2567 easu

273 2581 806 2651 praetervehentem
850 2584 1110 2653 precibus
1165 2589 1225 2640 et
1271 2584 1440 2638 minis

273 2652 684 2708 sollicitantem
699 2650 1008 2725 fingebant,
1023 2657 1116 2711 vel
1128 2656 1305 2711 verba
1323 2672 1441 2711 esee

271 2724 564 2795 putebant
618 2724 760 2780 alius
818 2728 1106 2797 peregrini
1159 2728 1437 2783 nescimus

273 2796 440 2851 euius
492 2795 734 2851 hominis
769 2796 1034 2869 naufragi
1083 2799 1329 2869 primum
1365 2799 1438 2854 ed

271 2868 612 2935 Archytam,
646 2867 850 2923 deinde
886 2868 961 2924 ed
993 2876 1222 2925 nentem
1249 2870 1437 2925 dieen-

271 2940 350 2995 ιιι
383 2939 497 3005 (sio
531 2954 682 2994 nuno
717 2940 888 2994 etiam
927 2939 1060 2995 Luo.
1098 2942 1337 2996 Mueller
1377 2942 1438 2995 in

272 3011 414 3067 Vita
425 3010 653 3066 Horatii
678 3012 874 3080 188οΡ
877 3014 1064 3081 .,108)
1081 3014 1172 3067 vel
1191 3013 1306 3068 elia
1323 3030 1440 3067 non

271 3082 460 3154 magis
488 3082 808 3152 probabilia
837 3084 1252 3154 excogitabant.
1294 3086 1440 3141 Utut

273 3160 380 3223 eet,
431 3153 544 3209 hoo
577 3160 818 3209 eertum·
841 3154 1144 3223 videbitur,
1196 3156 1440 3211 voluisse

276 3225 588 3281 Horatium
623 3226 938 3281 describere
974 3231 1032 3281 et
1055 3229 1332 3298 eastigare
1355 3228 1440 3282 in·

273 3298 478 3380 gentis
524 3297 714 3353 studia
746 3297 1054 3366 hominum,
1091 3300 1304 3370 quippe
1341 3299 1436 3369 qui

275 3374 380 3424 aut
417 3369 600 3423 nimia
636 3386 828 3424 earum
850 3386 1042 3425 rerum
1077 3388 1222 3440 quae
1245 3371 1440 3426 huma-

274 3458 380 3495 nos
421 3456 616 3504 sensus
650 3445 920 3510 superant
955 3458 1094 3497 eura
1129 3447 1188 3497 et
1223 3442 1440 3513 eupidi-

271 3516 398 3567 tate
435 3516 740 3567 teneantur
772 3530 1028 3583 quaeque
1062 3513 1145 3569 dii
1181 3514 1292 3569 sibi
1327 3530 1442 3569 ser·

273 3584 548 3639 varerint
581 3583 656 3638 ad
693 3589 908 3639 terram
947 3586 1107 3654 quasi
1145 3585 1442 3641 detrahere

271 3660 577 3721 eonentnr,
611 3659 713 3710 aut
737 3655 883 3711 nihil
911 3656 1024 3711 nisi
1050 3661 1262 3713 terram
1287 3674 1440 3727 speo-

273 3732 466 3783 tantes
491 3727 706 3782 eaelum
729 3728 915 3797 ipsum
937 3732 996 3782 et
1013 3730 1205 3783 omnia
1227 3728 1442 3783 maiore

275 3798 728 3868 sublimioreque
760 3814 899 3869 pree
934 3799 1152 3854 divitiis
1189 3806 1248 3855 et
1283 3800 1442 3855 luero

274 3874 664 3926 contemnant.
705 3869 1013 3939 Utriusque
1049 3872 1226 3926 studii
1263 3871 1441 3926 inani-

275 3947 368 3997 tae
407 3940 715 4009 Archytae.
751 3942 1078 4013 philosophi
1100 3942 1444 4013 Pythagorei

275 4012 600 4080 Tarentini,
627 4018 685 4067 et
711 4019 920 4068 nautae
945 4016 1215 4084 exemplis
1239 4014 1444 4085 proba·

275 4090 396 4139 tur.
431 4084 629 4139 Ironia
663 4101 798 4139 vere
830 4084 1146 4141 Horatiana
1180 4104 1246 4141 ee
1267 4103 1446 4156 prope

275 4156 569 4226 Epicurea
607 4154 700 4221 (ef.
741 4156 794 4211 E
833 4157 924 4211 ist.
960 4157 1004 4220 Ι,
1043 4160 1095 4227 4,
1137 4158 1226 4212 26.
1262 4158 1352 4228 Ep
1353 4156 1444 4212 od.

279 4230 370 4295 15,
409 4228 499 4281 21.
539 4226 723 4297 Epist.
760 4198 1050 4299 1‚1,5'2)
1098 4246 1201 4298 per
1257 4234 1444 4284 totum

275 4316 510 4355 carmen
547 4298 851 4354 manifeste.
887 4305 992 4369 est,
1042 4318 1222 4370 neque
1259 4301 1446 4355 minus

273 4370 588 4427 manifesta
620 4371 908 4441 oppositio
945 4373 1097 4427 inter
1133 4372 1272 4427 duas
1318 4388 1444 4442 per-

273 4459 450 4498 sonas
483 4440 562 4513 (te
595 4460 688 4498 vv.
717 4444 764 4497 1.
792 4444 876 4496 14.
901 4444 990 4498 23.
1014 4446 1102 4497 27.
1131 4445 1214 4498 28.
1242 4445 1328 4498 80.
1357 4444 1444 4497 31.

271 4517 368 4570 38.
422 4515 509 4568 86.
559 4530 642 4569 nte
687 4530 778 4569 vv.
827 4514 914 4568 21.
965 4514 1034 4570 σι.
1073 4515 1184 4584 38).
1261 4514 1446 4581 Quare

271 4586 564 4657 optimum
601 4590 687 4641 est
724 4586 796 4641 iis
837 4586 1098 4643 eooedere
1135 4586 1234 4656 qui
1267 4584 1444 4641 dialo-

1535 954 1673 1008 gum
1708 952 1827 993 esse
1858 950 2085 991 eei-men
2120 934 2531 991 existimarunt.
2577 934 2682 989 Ar-

1537 1009 1738 1078 ehytne
1793 1006 1995 1062 naufra
2112 1024 2311 1077 eorpus
2362 1006 2527 1062 undis
2575 1007 2683 1061 eie-

1537 1084 1691 1136 ctum
1727 1079 1875 1134 iaoet
1910 1079 1971 1133 ιιι
1964 1024 2176 1133 Ἦιοιο
2214 1077 2533 1147 Calabria03
2572 1096 2683 1147 quo

1537 1150 2685 1291 ‹iimffilf'yssiutsstuffiissoeffffifim
2632 1149 2686 1205 ‘²

1538 1295 1747 1350 sentiat
1782 1294 2003 1363 prodit3
2038 1292 2341 1363 respondet
2376 1294 2577 1347 umbra
2612 1292 2687 1348 ed

1536 1367 1891 1421 inhumatum
1890 1382 2113 1449 eorpus
2134 1381 2367 1435 vagans,
2391 1364 2687 1419 ostendens

1577 1440 1705 1493 uam
1742 1437 2057 1509 perniciosa
2096 1436 2173 1491 sit
2214 1436 2501 1491 contraria
2533 1435 2687 1506 eupi-

1584 1511 1705 1579 'tae,
1730 1526 1841 1578 qua
1864 1512 2072 1563 nautae
2096 1507 2269 1563 etiam
2292 1507 2367 1562 ad
2389 1508 2686 1579 neglegen-

1537 1582 1668 1637 dam
1712 1580 1985 1651 pietatem
2038 1594 2107 1634 ao
2148 1578 2483 1649 religionem
2518 1596 2687 1663 agan-

1537 1658 1650 1708 tur.
1700 1652 1846 1707 Nam
1881 1652 1989 1707 hoo
2024 1654 2239 1706 eertum
2276 1655 2379 1720 eet,
2414 1651 2477 1705 in
2512 1651 2691 1705 omni-

1537 1725 1644 1779 bus
1632 1741 1842 1809 prope
1856 1722 2045 1778 verbis
2068 1726 2275 1777 nautae
2292 1722 2690 1778 contumeliam

1539 1801 1599 1851 et
1626 1796 1947 1851 irrisionem
1984 1810 2303 1863 expressam
2340 1811 2473 1849 esee.
2522 1792 2689 1850 Prae-

1538 1872 1696 1923 terea
1731 1867 2015 1935 Arehytee
2038 1882 2241 1936 eorpus
2266 1867 2545 1950 sepultum
2574 1882 2689 1921 non

1538 1944 1627 1996 est
1660 1938 1779 2010 (vv.
1816 1939 1904 1992 23.
1944 1936 2052 2007 86),
2086 1937 2397 2009 naufragus
2442 1937 2689 2008 philoso-

1538 2010 1685 2081 phus
1742 2010 1891 2080 petit
1940 2014 2009 2064 ιιι
2064 2010 2299 2079 pulvere
2342 2013 2433 2064 ter
2480 2009 2691 2064 iniecto

1540 2098 1743 2153 eorpus
1764 2098 1927 2137 snum
1945 2082 2267 2165 sepeliatur.
2306 2080 2429 2136 Iam
2449 2081 2497 2135 si
2522 2096 2692 2149 quae-

1540 2154 1637 2223 ris,
1676 2154 1775 2208 ubi
1812 2153 2088 2221 Archytas
2113 2152 2353 2237 incipiat
2375 2152 2551 2222 loqui,
2574 2152 2691 2222 pri·

1539 2244 1697 2281 mum
1750 2224 2020 2280 indicium
2070 2224 2361 2280 invenitur
2415 2224 2475 2277 in
2523 2224 2693 2279 v.14

1540 2298 1726 2353 iudaea
1770 2302 1841 2365 te,
1893 2314 2039 2367 quae
2082 2296 2367 2365 Arohytae
2412 2310 2529 2350 esse
2576 2312 2693 2349 non

1538 2372 1795 2439 possunt,
1842 2369 2084 2424 alterum
2130 2386 2184 2422 v.
2222 2369 2288 2420 21
2340 2382 2421 2423 me
2469 2382 2573 2437 quo

1541 2458 1687 2511 quse
1738 2444 1949 2496 nautae
1982 2443 2269 2509 nequeunt
2302 2438 2499 2493 tribui.
2600 2456 2693 2492 am

1511 2530 1670 2568 eoum
1704 2512 1843 2567 haee
1877 2528 1957 2567 me
1990 2526 2206 2581 quoque
2242 2529 2277 2565 a
2311 2526 2479 2566 versu
2505 2510 2577 2564 20
2608 2509 2691 2564 di-

1540 2583 1662 2639 vidi
1698 2602 1814 2639 non
1846 2584 2083 2653 possint,
2106 2581 2523 2638 consistendum
2542 2598 2695 2637 nuno

1543 2672 1767 2725 quoque
1800 2654 1943 2709 mihi
1976 2654 2205 2710 videtur
2238 2654 2299 2708 ιιι
2350 2670 2418 2709 ea
2454 2653 2693 2722 ratione,

1543 2726 2451 2855 33.22¹¹‘2.z.⁶⁰2533m..122z¹.”25·
2467 2741 2695 2852 ..ιιι

1543 2875 1744 2925 strare.
1818 2868 2163 2937 (quaestion.
2210 2868 2502 2924 Horatian.
2546 2872 2693 2939 part.

1543 2942 1588 2996 1.
1625 2941 1697 2996 11.
1733 2959 1790 3011 p.
1840 2942 2087 3009 66-72,
2134 2939 2232 2995 ubi
2278 2957 2421 3010 quae
2464 2956 2617 2995 nuno
2661 2957 2696 2994 a

1543 3013 1773 3068 Kellero
1807 3013 1869 3067 in
1904 3012 2038 3082 Epil
2248 3014 2319 3067 95
2356 3016 2555 3067 eontra
2578 3011 2696 3065 dia·

1787 3101 1915 3139 eum
1972 3029 2253 3154 Seffigero
2308 3083 2695 3153 proferuntur,

1543 3157 1657 3211 iam
1598 3102 1905 3211 dudum
1942 3156 2191 3209 refutata
2228 3162 2375 3222 eunt,
2410 3173 2469 3225 p.
2494 3155 2565 3209 69
2588 3156 2695 3223 sq.)

1541 3228 1688 3283 Nam
1722 3244 1837 3282 non
1883 3226 2109 3282 videtur
2145 3227 2517 3282 neeessariam
2559 3242 2699 3294 esse,

1543 3304 1611 3354 ιιι
1644 3314 1837 3354 versus
1879 3300 1945 3351 16
1984 3302 2041 3352 et
2083 3300 2146 3351 17
2199 3298 2379 3353 eidem
2424 3313 2699 3367 personae

1543 3370 1901 3426 tribuantur:
1942 3368 2253 3437 „Omnibus
2288 3369 2570 3423 moriendi
2604 3385 2698 3423 ne-

1544 3443 1771 3498 cessitas
1798 3442 2063 3511 imposita
2080 3444 2189 3495 est:
2220 3440 2365 3511 (sed)
2384 3441 2543 3496 varia
2566 3446 2701 3495 sunt

1543 3514 1745 3568 mortis
1781 3513 2043 3583 genere.“
2104 3512 2195 3567 Ita
2230 3512 2535 3567 sententias
2570 3528 2697 3567 eon-

1545 3584 1857 3655 iungendas
1891 3601 2009 3639 esse
2042 3600 2158 3638 non
2196 3584 2381 3652 eredo,
2418 3601 2489 3639 ne
2525 3583 2621 3639 sed
2644 3602 2701 3637 v.

1551 3658 1619 3711 15
1643 3656 1981 3726 particulam
2007 3656 2203 3710 eedem
2231 3656 2377 3711 male
2414 3660 2699 3725 sequatur.

1544 3728 1757 3783 Verum
1780 3728 1983 3797 incipit
1994 3728 2273 3797 Archytas
2286 3727 2429 3782 bene
2440 3727 2513 3783 ab
2526 3727 2701 3782 simili

1545 3798 1827 3855 sententia
1861 3798 1967 3853 sio:
2009 3798 2221 3867 „Reate
2264 3798 2491 3868 quidem
2520 3798 2699 3853 omni·

1543 3872 1651 3926 bue
1688 3870 2041 3925 moriendum
2074 3887 2191 3925 esse
2240 3871 2340 3933 ais,
2379 3886 2510 3924 nem
2560 3869 2701 3925 oet.“

1547 3942 1835 3999 Generalis
1872 3958 2015 4011 quae
2038 3942 2187 3997 inest
2222 3943 2283 3996 ιιι
2308 3942 2556 3997 ear-mine
2580 3958 2702 3996 een·

1545 4013 1729 4070 tentia.
1783 4014 2064 4083 reperitur
2122 4013 2377 4069 versibus
2444 4014 2509 4066 17
2522 4014 2670 4065 -20
2684 4052 2700 4081 ,

1547 4085 2705 4227 3323?ss²⁶⁰⁸⁶022³ffl⁸p2232235335ffi

1550 4246 1793 4295 ear-men,
1830 4228 1956 4297 quis
1980 4228 2175 4283 dieat?
2212 4228 2579 4298 Suspieantur
2612 4231 2699 4282 ta-

1547 4316 1697 4369 men,
1733 4300 2013 4355 soribendi
2039 4300 2204 4354 huius
2244 4300 2507 4354 carminis
2544 4316 2700 4355 oeea-

1551 4373 1763 4426 sionem
1800 4370 2019 4427 dedisse
2054 4373 2165 4426 iter
2204 4372 2276 4425 eb
2300 4370 2538 4426 Horatio
2574 4388 2699 4425 eum

1550 4442 1875 4498 Maecenate
1898 4443 2253 4498 Brundisium
2270 4442 2485 4497 fectum
2504 4458 2552 4497 e.
2576 4444 2699 4497 717.

1617 4514 1687 4569 V.
1717 4516 1763 4567 1.
1790 4514 2025 4570 harenae
2052 4514 2366 4585 mensorem]
2402 4514 2697 4569 Proverbii

1547 4586 1729 4642 instar
1754 4584 1867 4641 fuit
1891 4585 2153 4643 harenam
2174 4601 2461 4642 numere
2484 4584 2577 4647 vel
2598 4600 2701 4649 me-
