3092 5059
425 235 552 302 380

1383 232 1887 301 SATIRARUM

524 422 687 498 lam
725 422 906 496 satis
944 419 1146 497 est1“
1199 421 1399 494 Dum
1433 445 1561 494 aes
1602 419 1959 517 exigitur,
2017 418 2199 493 dum
2258 418 2467 492 mula
2516 419 2837 515 ligatur,

523 548 716 623 Tota
765 547 926 623 abit
977 547 1190 622 hora.
1292 545 1480 622 Mali
1531 545 1815 621 culices
1862 569 2248 644 ranaeque
2304 543 2683 644 palustres

445 705 494 746 ιε
527 669 919 748 Avertunt
961 697 1296 747 somnos.
1373 669 1827 746 ‘Absentem
1874 683 1961 746 ut
2012 683 2267 746 cantat
2316 671 2641 746 amicam

525 797 776 872 Multa
827 796 1176 894 prolutus
1229 821 1482 897 vappa
1535 809 1769 870 nauta
1820 808 2050 894 atque
2097 795 2347 872 viator

528 921 920 1016 Certatim,
973 921 1279 998 tandem
1339 923 1587 996 fessus
1642 920 1984 996 dormire
2032 921 2287 996 viator

483 1046 829 1143 -Ineipit,
884 1073 973 1122 ac
1023 1047 1298 1124 missae
1349 1061 1657 1147 pastum
1708 1045 2133 1122 retinacula
2186 1046 2438 1122 mulae

525 1171 776 1248 Nauta
825 1172 1051 1270 piger
1093 1199 1280 1249 saxo
1335 1172 1615 1270 religat
1664 1173 2065 1270 stertitque
2110 1172 2446 1269 supinus.

441 1332 494 1370 ιο
525 1298 846 1397 Iamque
900 1297 1062 1374 dies
1116 1297 1409 1390 aderat,
1461 1297 1575 1373 nil
1621 1322 1795 1372 cum
1846 1297 2270 1397 procedere
2314 1295 2625 1372 lintrem

527 1421 952 1519 Sentimus3
1009 1422 1255 1500 donec
1307 1423 1757 1498 cerebrosus
1814 1421 2117 1521 prosilit
2167 1449 2361 1497 unus

527 1547 646 1622 Ac
701 1546 955 1623 mulae
1005 1561 1434 1647 nautaeque
1479 1561 1710 1648 caput
1762 1547 2221 1646 lumbosque
2275 1547 2576 1646 saligno

524 1671 758 1748 Fuste
811 1671 1058 1768 dolat3
1113 1685 1388 1771 quarta
1441 1671 1569 1746 vix
1623 1672 1931 1748 demum
1988 1655 2448 1770 exponimur
2497 1671 2715 1748 hora.

529 1797 690 1874 Ora
741 1822 1168 1898 manusque
1211 1810 1343 1873 tua
1392 1797 1746 1892 lavimus,
1801 1797 2153 1892 Feronia,
2209 1797 2547 1896 lympha.

443 1955 494 1996 w
529 1921 752 1998 Milia
799 1934 958 1996 tum
1016 1923 1278 2022 pransi
1321 1923 1469 1998 tria
1519 1923 1859 2023 repimus
1912 1936 2141 2021 atque
2184 1923 2535 1997 subimus

426 2147 610 2202 denda
645 2148 794 2203 inter
829 2166 1068 2218 puerum
1105 2155 1162 2204 et
1198 2153 1446 2204 nautam.
1503 2149 1583 2204 Et

429 2219 792 2290 cogitandum
841 2227 945 2289 est,
993 2221 1272 2290 increpari
1317 2221 1402 2276 ita
1445 2238 1581 2275 nau·

427 2295 546 2346 tam
595 2309 709 2346 non
757 2310 870 2347 uno
923 2298 1134 2360 tenore,
1172 2297 1237 2347 ut
1267 2294 1446 2360 aiunt,
1484 2293 1581 2347 sed

428 2363 588 2418 iustis
625 2365 972 2434 interpositis
996 2364 1336 2433 intervallis3
1374 2365 1583 2418 etenim

428 2439 559 2488 sunt
631 2435 794 2502 quasi
873 2436 1124 2505 exempla
1197 2435 1581 2490 altercationis

427 2507 732 2577 proposita.
771 2536 840 2548 —
873 2505 1150 2577 prolutus]
1191 2507 1305 2560 Sat.
1324 2505 1396 2574 ΙΙ,
1417 2509 1469 2574 4,
1491 2509 1580 2560 27.

429 2607 496 2618 --
534 2582 712 2633 nam
735 2583 899 2647 atque
931 2577 1135 2648 viator]
1172 2579 1412 2634 Etiamsi
1437 2597 1489 2634 v.
1517 2581 1578 2632 11

426 2650 617 2721 plures
691 2654 896 2706 nautae
965 2654 1366 2719 memorantur,
1439 2668 1582 2705 unus

429 2727 618 2775 tamen
641 2725 730 2776 est
753 2722 849 2790 qui
883 2722 1028 2776 hanc
1061 2739 1230 2776 unam
1243 2745 1250 2752 ·
1264 2722 1583 2778 naviculam

429 2792 596 2862 regit,
643 2791 734 2847 cui
769 2792 828 2846 in
862 2793 1216 2862 imponendis
1251 2800 1308 2849 et
1341 2794 1583 2848 homini-

429 2864 534 2919 bus
571 2867 630 2918 et
663 2864 894 2919 sarcinis
929 2865 1133 2934 reliqui
1170 2866 1379 2920 auxilio
1404 2869 1584 2921 erant.

431 2935 570 2989 Mali
607 2935 808 2992 culices
833 2942 892 2992 et
925 2955 1096 2991 ranae
1131 2938 1304 2992 etiam
1341 2956 1375 2993 a
1409 2942 1585 2992 nauta

432 3011 491 3061 et
526 3007 742 3062 viatore
765 3025 1020 3063 somnum
1043 3009 1370 3078 prohibent3
1410 3026 1584 3077 quare

432 3079 511 3140 hi,
560 3085 626 3133 ut
669 3083 890 3148 tempus
933 3085 1141 3148 terant,
1193 3097 1390 3136 canere
1443 3081 1581 3135 inci·

430 3151 597 3220 piunt
632 3156 964 3220 canantque,
1001 3152 1134 3206 dum
1158 3153 1346 3208 viator
1377 3153 1581 3207 sensim

431 3238 624 3277 somno
651 3223 1006 3292 opprimitur.
1031 3223 1233 3278 Viator
1255 3227 1444 3280 autem
1461 3242 1583 3278 mu-

431 3295 509 3348 lio
541 3311 655 3348 non
691 3299 794 3357 est,
841 3295 938 3348 sed
975 3295 1196 3350 vilioris
1241 3295 1584 3351 condicionis

432 3365 598 3419 homo
624 3366 721 3433 qui
745 3366 892 3420 idem
921 3367 1030 3422 iter
1049 3369 1287 3437 pedibus
1315 3367 1469 3423 facit.
1509 3367 1581 3423 cf.

434 3436 544 3490 Cic.
582 3436 702 3490 Mil.
739 3439 823 3492 21.
863 3437 1111 3495 Martial.
1144 3440 1241 3504 xl,
1273 3441 1361 3494 13:
1400 3440 1583 3508 „quis-

434 3507 902 3576 quis-Flaminiam
915 3511 1072 3573 teris,
1083 3512 1321 3566 viator.“
1333 3511 1398 3565 Iu
1405 3512 1583 3566 venal.

432 3577 607 3647 x,22:
627 3581 914 3648 „cantabit
931 3599 1136 3638 vacuus
1157 3601 1344 3638 coram
1363 3583 1585 3638 latrone

431 3651 666 3706 viator.“
696 3651 1026 3721 Desjardins
1061 3672 1116 3724 p.
1143 3657 1267 3710 1522
1301 3655 1388 3723 „le
1415 3655 1583 3708 mari-

432 3723 558 3777 nier
589 3726 650 3777 et
675 3722 728 3777 le
748 3740 1046 3794 voyageur,
1079 3727 1314 3796 plonges
1337 3727 1474 3781 dans
1504 3727 1585 3780 les

432 3811 672 3863 vapeurs
691 3794 902 3864 du·vin,
920 3796 1188 3854 chantent
1213 3800 1246 3852 ὲ,
1267 3798 1437 3852 l’envi
1461 3798 1587 3851 leur

433 3865 722 3921 maitresse
764 3867 1043 3923 absente.“
1117 3870 1423 3924 Mulionem
1467 3886 1583 3924 om-

433 3937 568 3991 nino
593 3955 708 3992 non
731 3939 922 4008 vide03
945 3958 1088 3996 unus
1115 3947 1286 3996 nauta
1304 3941 1365 3994 in
1391 3941 1585 4010 quieta

433 4008 584 4064 fossa
615 4014 673 4064 et
701 4025 902 4065 navem
935 4013 1085 4083 regit
1122 4018 1178 4067 et
1213 4013 1422 4068 mulam
1460 4013 1581 4066 loro

433 4081 660 4135 lintrem
697 4081 1030 4138 trahentem.
1068 4083 1175 4139 Sed
1201 4101 1326 4138 cum
1361 4083 1585 4138 facilius

433 4152 509 4206 sit
544 4171 610 4206 ex
650 4153 820 4208 lintre
865 4157 1074 4214 mulam
1111 4173 1280 4224 quam
1325 4173 1394 4210 ex
1430 4157 1585 4210 mula

433 4224 661 4278 lintrem
711 4243 926 4296 regere,
979 4231 1206 4281 nautam
1261 4243 1372 4282 non
1435 4227 1584 4296 apud

433 4295 644 4350 mulam
679 4297 1060 4352 ambulantem
1097 4304 1196 4353 aut
1230 4299 1414 4352 mulae
1453 4299 1583 4353 insi·

433 4367 658 4421 dentem
695 4368 874 4429 video,
911 4370 1008 4424 sed
1045 4370 1100 4424 in
1137 4370 1398 4426 navicula
1434 4375 1584 4424 stan·

434 4442 550 4493 tem
587 4455 798 4508 suaque
833 4457 970 4496 voce
1015 4443 1222 4496 mulam
1257 4441 1394 4496 satis
1435 4443 1584 4497 doci-

435 4509 550 4564 lem
582 4515 642 4564 et
675 4517 954 4566 assuetam
991 4513 1316 4583 agitantem.
1363 4513 1465 4568 Cui
1499 4514 1585 4568 rei

435 4598 506 4634 ne
543 4581 768 4637 obstare
813 4583 956 4638 illud
1004 4585 1214 4655 credas,
1262 4586 1412 4655 quod
1448 4603 1585 4640 nau-

1676 2159 1793 2204 tam
1830 2150 1889 2204 in
1926 2155 2079 2204 terra
2122 2153 2321 2218 postea
2362 2149 2660 2204 cubantem
2700 2149 2833 2204 dor·

1674 2222 2052 2290 mientemque
2088 2221 2359 2282 videmus.
2384 2221 2675 2276 considera
2710 2239 2833 2276 mo—

1676 2293 1747 2347 do
1814 2309 1982 2362 quam
2038 2292 2205 2348 facile
2264 2292 2441 2347 fuerit
2496 2298 2703 2346 nautae
2760 2311 2831 2348 ex

1674 2382 1817 2420 nave
1849 2365 1910 2419 in
1946 2370 2158 2419 terram
2195 2365 2455 2434 prosilire
2492 2366 2833 2434 praesertim

1675 2436 2224 2592 ἔὲὴῗξὲἒῶᾝῗὲἔὲί
2242 2453 2405 2562 iffi
2440 2437 2831 2562 ζὸὲιῃὲξιζᾝ

1674 2585 1863 2649 potuit
1899 2585 2155 2634 retinere.

1746 2651 1811 2705 V.
1850 2653 1937 2705 20.
1975 2651 2094 2706 dies
2116 2649 2348 2721 aderat]
2388 2649 2592 2705 Omnes
2632 2650 2694 2703 in
2728 2667 2831 2705 na·

1676 2723 1859 2778 viculo.
1914 2723 2326 2790 dormiverant3
2398 2739 2541 2776 unus
2596 2722 2829 2777 tandem

1674 2795 1861 2864 prima
1908 2795 2031 2850 luce
2074 2793 2501 2865 expergefaetus
2542 2793 2831 2848 mirabun-

1676 2867 1780 2921 dus
1816 2885 1942 2922 cum
1968 2867 2159 2921 videat
2181 2869 2411 2921 nautam
2438 2864 2833 2932 dormientem,

1676 2939 1883 2993 mulam
1921 2943 2257 3008 pascentem,
2294 2953 2494 2992 navem
2520 2936 2663 2990 nihil
2698 2953 2831 3006 pro-

1674 3027 1746 3079 pe
1804 3027 2185 3094 progressam,
2246 3009 2475 3078 prosilit
2534 3009 2715 3064 iratus
2770 3013 2833 3064 et

1675 3099 1791 3136 non
1826 3081 2031 3137 leniter
2056 3082 2289 3136 suscitat
2322 3083 2556 3134 nautam
2594 3081 2831 3150 egitque

1676 3154 1903 3208 mulam.
1962 3183 2031 3192 —
2106 3157 2310 3222 quarta
2368 3152 2527 3221 hora]
2586 3151 2831 3206 Romani

1677 3226 1876 3295 quovis
1914 3225 2048 3279 anni
2084 3229 2337 3293 tempore
2360 3223 2420 3277 in
2442 3223 2661 3277 easdem
2691 3223 2831 3278 duo·

1676 3297 1855 3352 decim
1900 3297 2067 3350 horas
2116 3295 2265 3350 diem
2320 3299 2653 3364 noctemque
2702 3299 2831 3349 tum

1675 3370 1987 3439 longiorem
2054 3371 2175 3421 tum
2239 3367 2551 3421 breviorem
2612 3366 2831 3421 divide-

1674 3440 1828 3496 bant.
1900 3439 2021 3496 Iam
2074 3456 2197 3493 cum
2254 3455 2385 3492 vere
2428 3439 2541 3492 iter
2588 3437 2696 3492 hoc
2744 3438 2833 3492 fa·

1676 3517 1829 3566 ctum
1874 3513 1966 3576 sit,
2022 3528 2133 3580 quo
2187 3515 2441 3580 tempore
2494 3514 2655 3564 sexta
2708 3509 2833 3564 fere

1674 3589 1869 3638 nostra
1916 3583 2058 3638 hora
2095 3583 2177 3636 sol
2228 3583 2428 3649 oritur,
2477 3585 2681 3650 quarta
2715 3581 2830 3636 Ro-

1676 3673 1840 3710 mana
1909 3654 2209 3724 respondet
2292 3652 2519 3708 circiter
2602 3658 2833 3708 nostrae

1675 3725 1937 3782 decimae.
1996 3757 2061 3766 —
2116 3723 2465 3795 exposcimur]
2514 3741 2619 3792 „au
2664 3725 2833 3794 point

1674 3798 1871 3864 meme,
1908 3799 1983 3852 01⁸1
2016 3800 2067 3852 le
2104 3797 2249 3868 petit
2284 3797 2445 3851 canal
2478 3795 2757 3866 parallelo
2792 3803 2832 3851 a

1674 3870 1731 3925 la
1800 3871 1947 3924 linea
2002 3871 2118 3925 Pia
2180 3866 2414 3923 s’arrete
2468 3867 2829 3938 aujourd’hui

1676 3941 1883 3996 devant
1928 3959 2005 3996 un
2044 3940 2470 3996 exhaussement
2514 3939 2589 3993 du
2636 3940 2719 3993 sol
2756 3939 2831 3994 de

1676 4013 1822 4068 deux
1860 4016 2064 4068 metres
2102 4013 2353 4078 environ,
2396 4009 2431 4064 ὲ
2466 4011 2609 4065 trois
2644 4011 2829 4065 milles

1675 4085 1745 4139 de
1781 4085 2130 4139 Terracine.“
2194 4081 2535 4152 Desjardins.
2578 4111 2643 4122 ·-
2690 4081 2829 4137 lavi-

1674 4157 1817 4282 2:⁸⁶³]
1875 4173 2134 4283 praesigne
2182 4159 2279 4296 estJ
2317 4159 2535 4280 tem-pus
2582 4170 2621 4280 ἓ
2653 4154 2829 4280 veli-go

1730 4245 1865 4284 vere.
1902 4258 1973 4268 —
2062 4243 2254 4282 oroma
2314 4243 2387 4281 an
2414 4243 2549 4296 iqua
2622 4243 2689 4279 ea
2805 4255 2826 4267 -

1675 4300 1799 4353 lica.
1840 4299 1991 4354 Haec
2022 4297 2293 4367 templum
2330 4297 2547 4352 celebre
2581 4297 2833 4352 habebat

1676 4371 1757 4424 III
1796 4371 1871 4425 Μ.
1908 4371 2057 4426 Pass.
2103 4388 2138 4424 a
2173 4368 2496 4435 Tarracina,
2540 4368 2639 4423 ubi
2678 4385 2833 4423 nunc

1676 4447 1763 4496 est
1806 4443 1980 4497 turris
2028 4442 2277 4510 antiqua,
2322 4441 2613 4495 nominata
2662 4439 2833 4496 Tor-rc

1678 4512 2019 4581 Otto-faccia.
2082 4513 2169 4568 Ibi
2206 4529 2319 4567 non
2354 4511 2587 4566 deerant
2624 4527 2829 4581 caupo-

1677 4601 1786 4640 nae
1821 4585 1880 4639 in
1916 4585 2119 4654 quibus
2143 4585 2240 4654 qui
2274 4583 2386 4639 iter
2421 4582 2705 4638 faciebant
2740 4599 2827 4637 re·
