3092 5059
1119 220 1281 288 LIB.
1324 219 1409 287 ΙΙ.
1454 219 1639 289 SAT.
1682 219 1825 286 VII.

2557 222 2680 289 481

382 408 887 506 Romanoque
940 405 1231 504 habitu,
1285 407 1554 505 prodis
1611 433 1702 484 ex
1752 405 2012 484 iudice
2058 407 2306 482 Dama

295 565 349 606 su
384 530 687 632 Turpis,
740 531 1147 608 odoratum
1192 544 1425 633 caput
1474 533 1934 608 obscurante
1985 531 2318 628 lacerna,

382 655 556 732 Non
604 681 685 734 es
738 657 947 756 quod
1001 657 1368 734 simulas?
1473 658 1823 743 Metuens
1875 657 2262 733 induceris
2315 673 2549 757 atque

382 779 830 858 Altercante
878 781 1332 857 libidinibus
1381 783 1646 859 tremis
1701 808 1872 858 ossa
1918 807 2228 882 pavore.

385 905 595 998 Quid
648 909 910 1003 refert,
970 907 1115 1005 uri,
1170 908 1411 1004 virgis
1465 909 1834 1008 ferroque
1887 907 2142 984 necari

381 1029 845 1110 Auctoratus
900 1059 1051 1128 eas,
1106 1059 1203 1108 an
1257 1034 1469 1128 turpi
1523 1033 1826 1109 clausus
1875 1034 1956 1108 in
2007 1059 2204 1129 arca,

294 1189 348 1229 ω
388 1155 561 1248 Quo
614 1169 689 1233 te
744 1157 1053 1234 demisit
1102 1158 1395 1255 peccati
1450 1158 1756 1234 conscia
1809 1157 2036 1254 erilis,

386 1281 880 1358 Contractum
932 1283 1254 1381 genibus
1308 1295 1580 1378 tangas
1638 1285 1919 1380 caput?

2020 1282 2254 1358 Estne
2305 1283 2581 1360 marito

384 1404 787 1482 Matronae
837 1408 1221 1506 peccantis
1276 1407 1355 1482 in
1410 1408 1638 1482 ambo
1690 1407 1892 1483 iusta
1943 1420 2277 1504 potestas
2297 1410 2333 1484 ’ἓ

380 1529 475 1605 In
526 1544 1065 1626 corruptorem
1118 1531 1243 1606 vel
1292 1531 1588 1608 iustior.

1690 1531 1842 1608 Illa
1891 1543 2150 1608 tamen
2199 1559 2284 1608 se

384 1653 559 1729 Non
610 1654 879 1732 habitu
934 1668 1269 1734 mutatve
1318 1656 1513 1754 loco,
1569 1671 1938 1754 peccatve
1991 1682 2344 1753 superne.

296 1809 352 1852 σε
388 1777 585 1856 Cum
640 1793 714 1855 te
756 1781 1127 1858 formidet
1176 1781 1456 1860 mulier
1506 1807 1760 1884 neque
1811 1783 2074 1859 credat
2124 1781 2436 1880 amanti,

382 1905 544 1980 Ibis
599 1907 742 1982 sub
795 1907 1098 1982 furcam
1146 1908 1485 2004 prudens
1538 1909 2010 2008 dominoque
2062 1909 2352 1984 furenti

387 2027 837 2106 Committes
854 2057 1016 2108 rem
1040 2057 1347 2108 omnem
1366 2046 1443 2108 et
1470 2033 1706 2108 vitam
1729 2047 1802 2108 et
1823 2059 1996 2108 cum
2021 2059 2347 2133 corpore
2365 2035 2678 2110 famam.

383 2156 674 2232 Evaeti:
732 2156 987 2252 oredo,
1042 2171 1332 2232 metues
1387 2156 1804 2256 doctusque
1857 2158 2187 2255 cavebi03

282 2411 399 2460 tem
436 2422 659 2476 quoque
694 2404 798 2460 ade
839 2408 929 2460 tus
972 2409 1073 2460 est.
1152 2405 1286 2460 Cum
1326 2423 1437 2475 qua

282 2481 750 2604 {mmm
776 2476 1077 2604 „Sssfi’issi’
1099 2477 1437 2619 3122}ssssss

281 2621 497 2676 crimen
532 2625 591 2676 et
627 2619 1007 2691 arrogantiam
1056 2625 1437 2676 convertatur.

283 2693 405 2748 Alii
440 2710 554 2746 non
590 2693 925 2748 sententiam
962 2692 1139 2746 solum
1178 2692 1435 2748 ianitoris

286 2763 546 2834 Crispini,
606 2763 703 2820 sed
746 2763 917 2818 verba
964 2763 1135 2818 etiam
1178 2781 1211 2818 a
1257 2763 1437 2820 Dama

283 2835 642 2906 pronuntiari
676 2840 938 2905 putantes
972 2852 1154 2904 neque
1189 2840 1241 2890 te
1278 2853 1330 2894 V..
1366 2837 1437 2889 46

282 2924 465 2976 neque
513 2912 573 2962 tu
618 2925 672 2960 v.
712 2909 783 2960 54
830 2907 901 2961 ad
947 2907 1241 2962 Horatium
1295 2906 1437 2962 refe·

282 2983 438 3046 runt,
474 2979 571 3034 ned
595 2978 783 3032 virum
806 2979 1051 3047 aliquem
1077 2979 1437 3048 conspicuum

286 3053 345 3105 et
380 3050 715 3120 locupletem
765 3051 931 3104 obiur
972 3051 1057 3106 ari
1101 3051 1335 3118 malunt,
1371 3055 1438 3105 ut

284 3121 527 3192 Kriiger.
564 3127 623 3176 et
646 3121 886 3176 Fritech.
902 3067 1046 3188 1{uo
1070 3121 1155 3190 fit,
1178 3126 1242 3176 ut
1268 3089 1437 3176 et’iam

283 3211 338 3248 v.
361 3195 431 3246 54
456 3193 695 3248 Damam
728 3210 932 3246 nomen
956 3210 1068 3247 non
1105 3193 1439 3263 intellegant

283 3265 357 3320 de
390 3283 551 3320 servo
570 3264 809 3328 Horatii,
844 3264 942 3318 sed
966 3265 1211 3334 positum
1236 3268 1441 3334 putent

285 3337 513 3392 omnino
551 3353 655 3405 pro
692 3336 1035 3405 appellativo
1070 3337 1233 3390 servi.
1284 3334 1438 3402 Quae

282 3409 432 3462 ratio
470 3424 639 3476 quam
662 3425 776 3462 non
808 3408 883 3462 sit
905 3407 1215 3475 probabilis
1244 3424 1435 3490 quam-

286 3497 395 3550 que
433 3478 733 3534 oonturbet
780 3479 1071 3550 dialogum
1116 3479 1339 3539 satirae,
1378 3479 1438 3532 in

282 3556 553 3690 ἓιοίιὲιιιι
590 3555 691 3606 est.
744 3581 810 3590 —
861 3551 1067 3621 turpio]
1104 3549 1173 3606 cf.
1214 3549 1325 3605 Sat.
1364 3550 1437 3613 11,

294 3739 299 3742 .
358 3693 425 3749 V.
466 3695 551 3748 54.
594 3708 661 3750 ex
692 3691 895 3762 iudice]
932 3709 1063 3747 nam
1111 3710 1180 3747 ex
1238 3693 1439 3761 equiti-

282 3765 389 3820 bus
426 3765 635 3820 iudices
673 3763 1044 3835 eligebantur.
1094 3763 1179 3818 De
1215 3764 1441 3820 lacerna

283 3837 417 3892 vide
459 3837 532 3891 ad
569 3835 749 3892 Carm.
786 3835 859 3898 11,
906 3836 987 3900 16,
1036 3837 1131 3905 853
1178 3853 1321 3906 quae
1358 3836 1440 3890 ibi

282 3912 484 3964 notata
536 3913 668 3962 nunt
714 3908 783 3962 iis
836 3907 979 3962 adde
1025 3907 1161 3962 haec
1205 3907 1441 3962 Beckeri

285 3979 427 4035 Gall.
463 3977 527 4032 T.
564 3979 636 4034 11.
677 3996 732 4048 p.
769 3979 837 4033 98
874 3978 983 4047 (ed.
1025 3978 1099 4046 1):
1178 3979 1299 4048 „Da
1347 3979 1439 4034 bei

283 4052 467 4117 dieser
502 4051 787 4121 Kleidung
834 4049 1098 4116 (lacerna)
1148 4051 1249 4105 der
1290 4049 1447 4121 Kopf

283 4123 483 4178 immor
548 4121 867 4178 unbedeokt
927 4121 1077 4176 blieb
1136 4123 1251 4176 und
1312 4139 1444 4177 man

286 4193 1445 4325 marmanum&

286 4337 454 4394 Reice
488 4337 626 4392 oder
672 4353 837 4392 wenn
863 4353 1003 4418 ‘man
1048 4335 1321 4391 obvoluto
1354 4353 1443 4392 ct·

284 4409 408 4480 pite
445 4409 763 4464 unerkannt
798 4407 919 4464 sein
952 4407 1157 4472 wollte,
1186 4409 1313 4463 eine
1328 4410 1441 4462 Art

1530 2405 1686 2476 cerie]
1723 2407 1783 2460 in
1818 2407 2048 2462 domum
2095 2409 2400 2463 adulterae.
2425 2437 2492 2448 —
2521 2409 2686 2465 alter-

1532 2477 1707 2546 cante]
1754 2477 1998 2533 Verbum
2047 2495 2078 2532 a
2123 2480 2331 2535 iudicio
2381 2485 2466 2534 eet
2503 2485 2684 2534 trans·

1529 2549 1732 2616 latum3
1791 2551 2100 2606 alternatur
2147 2552 2298 2606 enim
2347 2551 2445 2620 qui
2490 2552 2684 2607 adver-

1530 2621 1744 2676 sarium
1779 2622 2182 2694 interrogando
2218 2623 2444 2678 vincere
2479 2623 2682 2680 studet.

1534 2691 1644 2747 oio.
1665 2693 1824 2747 Brut.
1849 2697 1948 2748 43.
1989 2695 2292 2764 „Craeuuu'
2276 2713 2334 2750 ιιι
2361 2695 2686 2752 altercando

1529 2763 1750 2819 invenit
1801 2735 2015 2834 parem„
2049 2767 2378 2822 neminemf‘
2437 2795 2504 2806 —-
2553 2767 2688 2837 quid

1527 2835 1716 2905 refert]
1753 2835 1997 2904 „Quodsi
2034 2838 2117 2891 ita
2151 2842 2209 2892 te
2244 2839 2416 2908 geris,
2451 2855 2588 2894 num
2619 2844 2684 2894 tu

1528 2908 1709 2977 magis
1747 2908 1892 2962 liber
1934 2925 1991 2964 es
2027 2925 2196 2977 quam
2237 2910 2286 2963 ia
2321 2911 2422 2980 qui
2447 2911 2684 2966 lanistae

1530 2995 1590 3034 ee
1656 2979 1950 3034 vendidit?
2027 2980 2172 3034 nihil
2243 2981 2392 3036 enim
2453 2982 2688 3037 interest

1529 3053 1720 3104 utrum
1758 3051 1830 3105 ad
1862 3050 2204 3121 gladiatoria
2228 3069 2461 3108 munera
2486 3069 2686 3123 corpus

1528 3126 1692 3174 tuum
1727 3122 1969 3176 lanistae
2005 3141 2076 3177 an
2120 3123 2450 3179 libidinibus
2485 3141 2688 3194 corpus

1530 3197 1590 3248 et
1625 3193 1874 3248 animum
1911 3194 1984 3248 ad
2021 3193 2094 3248 fia
2096 3195 2242 3265 gitia
2277 3196 2548 3250 dederiuJ‘
2601 3195 2686 3251 De

1530 3264 1718 3318 verbis
1755 3267 1936 3320 Acro.
1991 3213 2156 3333 „Qui
2171 3283 2229 3320 se
2265 3267 2515 3322 vendunt
2551 3268 2686 3322 ludo

1532 3338 1810 3390 auctorati
1846 3336 2140 3404 dicuntur3
2181 3339 2494 3392 auctoratio
2537 3339 2686 3394 enim

1530 3407 1742 3462 dicitur
1761 3409 2012 3463 venditio
2035 3408 2468 3479 gladiatorumf‘
2496 3409 2686 3466 Seneo.

1531 3478 1712 3548 Epist.
1734 3481 1837 3534 37:
1876 3479 2070 3548 „Illius
2097 3481 2409 3564 turpissimi
2430 3487 2688 3537 auctora·

1530 3551 1709 3605 menti
1746 3551 1919 3606 verba
1963 3556 2114 3620 aunt,
2157 3553 2266 3614 uri.
2303 3553 2524 3621 vinciri,
2561 3571 2686 3608 ver-

1530 3621 1722 3677 berari
1740 3621 2002 3692 ferroque
2020 3624 2309 3678 necari.—
2327 3623 2456 3694 ibis]
2483 3625 2685 3680 omisso

1530 3694 1868 3764 pronomine
1903 3701 1981 3749 tu.
2019 3694 2089 3750 of.
2123 3693 2238 3749 Sat.
2275 3695 2320 3764 Ι,
2338 3696 2390 3763 2,
2410 3697 2491 3748 90
2536 3695 2608 3764 11,
2635 3699 2688 3764 3,

1532 3767 1656 3819 212.
1678 3767 1798 3820 234.
1824 3765 2004 3835 Epist.
2031 3767 2076 3835 Ι,
2115 3771 2193 3832 14,
2213 3735 2688 3838 40.-prade’m]

1532 3836 1778 3904 „Mulier
1813 3843 1964 3892 certe
2013 3840 2230 3894 cautior
2267 3842 2352 3894 est
2401 3855 2468 3893 ao
2501 3839 2686 3894 minue

1534 3908 1762 3962 credula
1795 3926 1962 3978 quam
1990 3913 2072 3978 tu,
2108 3911 2206 3979 qui
2226 3909 2470 3980 prudens
2506 3911 2564 3964 in
2590 3928 2684 3980 pe·

1534 3980 1776 4034 rioulum
1813 3981 1948 4043 ruis,
1983 3999 2204 4037 omnem
2241 3999 2360 4037 rem
2386 3986 2542 4037 tuam
2565 3999 2684 4038 oae-

1534 4069 1600 4106 oa
1657 4053 1976 4108 temeritate
2031 4053 2232 4108 ductus
2276 4053 2502 4108 domino
2548 4054 2586 4109 i.
2637 4073 2686 4110 e.

1534 4124 1740 4178 marito
1790 4125 2148 4180 committis-‘⁴
2221 4125 2352 4180 Noli
2398 4141 2524 4180 cum
2561 4125 2688 4180 aliis

1533 4213 1760 4250 versum
1815 4197 1886 4252 65
1953 4214 1988 4252 a
2043 4197 2298 4266 sequenti
2354 4196 2690 4252 distractum

1533 4283 1662 4322 oum
1702 4268 1992 4337 superiore
2027 4268 2194 4322 coniu
2305 4284 2384 4321 re.
2431 4267 2688 4324 Ceterum

1531 4355 1638 4422 pro
1676 4344 1926 4406 peccatve
1959 4342 2190 4408 superbe
2279 4339 2523 4394 orkelius
2559 4357 2690 4396 con·

1532 4409 1667 4466 iecit
1703 4410 2060 4465 scribendum
2097 4427 2214 4464 eene
2249 4415 2683 4480 spectatqueu-

285 4480 607 4550 Capuchon,
632 4480 881 4536 cucullus
917 4477 1059 4533 auch
1093 4479 1333 4534 cucullio
1365 4497 1437 4534 an
1523 4498 1712 4550 perne,
1746 4482 2000 4538 versibus
2045 4487 2234 4536 tamen
2271 4486 2341 4535 64
2393 4487 2450 4538 et
2493 4484 2562 4537 65
2598 4484 2684 4538 in·

282 4552 380 4610 die
416 4553 641 4608 lacerna
678 4552 814 4607 oder
834 4551 1129 4622 paenula.“
1170 4581 1236 4590 —
1273 4551 1439 4606 inda·-
1530 4557 1623 4608 ter
1665 4570 1726 4608 ne
1771 4553 2083 4610 coniunctis
2125 4557 2445 4623 punctoque
2480 4554 2682 4624 poeito.

386 4673 611 4714 Horatiu-
637 4673 711 4714 ed.
737 4671 1073 4724 Dfflenburger
1097 4672 1171 4714 ed.
1200 4673 1306 4716 vn.

2217 4651 2283 4706 31
