3092 5059
489 210 616 275 202

1463 215 1925 285 CARMINUM

799 423 857 515 '5
891 397 1130 476 Unico
1187 398 1532 498 gaudens
1576 399 1861 476 mulier
1904 405 2186 477 marito

887 521 1039 598 Pro
1047 523 1224 600 deat
1273 524 1486 600 iustis
1540 537 1857 623 operata
1912 525 2110 602 divis

885 647 985 723 Et
1035 673 1256 724 soror
1307 647 1495 725 clari
1550 649 1766 724 ducis
1821 662 1895 724 et
1945 650 2275 728 decorae

1085 771 1453 874 Supplice
1502 775 1689 852 vitta

889 921 1302 1022 Virginum
1348 935 1633 1000 matres
1676 925 2193 1023 iuvenumque
2244 949 2495 1023 nuper

813 1080 864 1116 ιο
892 1048 1306 1145 Sospitum.
1406 1049 1587 1146 Vos,
1639 1076 1686 1125 o
1740 1050 1966 1148 pueri
2018 1062 2093 1125 et
2146 1048 2448 1147 puellae
2500 1075 2595 1126 ac

891 1173 1057 1250 Iam
1114 1174 1364 1249 virum
1416 1188 1804 1275 expertae,
1856 1173 2415 1251 malcominatis

1089 1299 1389 1376 Parcite
1436 1300 1721 1378 verbis.

489 1488 690 1558 nalem]
744 1487 852 1556 Qui
906 1490 1130 1546 laurum
1183 1491 1348 1561 petit,
1399 1495 1642 1547 mortem

489 1560 680 1616 subire
715 1565 949 1629 paratus
985 1568 1085 1617 est.
1115 1591 1179 1602 —
1219 1563 1404 1633 unico]
1436 1569 1641 1631 amat0,

489 1631 960 1773 ffbssssfffl·
995 1635 1092 1760 {¹5}-
1110 1635 1317 1760 ¹⁸³1&
1357 1634 1641 1761 ῗῗῇΡὲῖἓ·

776 1743 790 1757 0
853 1745 868 1772 '
944 1746 957 1768 2
1079 1746 1091 1760 0
1151 1745 1176 1774 n
1620 1736 1643 1746 -

489 1776 647 1836 οιιέι,
692 1775 833 1829 mihi
883 1777 1054 1832 etiam
1090 1778 1255 1832 unico
1306 1778 1484 1850 mag-is
1519 1779 1642 1832 uni-

491 1845 640 1902 cus.“
691 1846 892 1929 Catuli,
932 1851 997 1902 ⁷1
1039 1849 1166 1932 (⁷.3)’
1203 1851 1266 1904 6:
1307 1849 1432 1918 „Me
1468 1867 1643 1950 upum

489 1923 940 2059 maffia?
966 1922 1646 2062 rasabae...]

488 2078 594 2131 pro
638 2066 949 2131 praesente,
999 2069 1066 2118 ut
1102 2061 1198 2118 Sil.
1237 2063 1364 2120 Ital.
1401 2065 1473 2133 11,
1511 2067 1641 2119 674:

492 2131 798 2202 „Tartareo
841 2140 923 2188 est
967 2141 1195 2205 operata
1239 2137 1362 2192 Iovi
1410 2153 1641 2205 poenas-

490 2221 600 2274 que
635 2205 968 2260 ministrat.“
1042 2206 1114 2262 cf.
1155 2207 1322 2281 Verg.
1362 2208 1563 2279 Georg.
1598 2209 1643 2276 1,

490 2277 614 2331 339.
675 2276 992 2352 Utrumque
1027 2278 1254 2348 dicitur,
1289 2280 1512 2350 operari
1546 2280 1643 2334 ab·

491 2349 672 2402 solute
709 2352 768 2402 et
801 2350 1023 2416 operari
1057 2351 1264 2419 saeris3
1309 2368 1442 2406 nam
1479 2369 1643 2420 „ope-

489 2419 608 2474 rari
645 2423 730 2474 est
767 2421 992 2474 omnino
1027 2421 1114 2476 rei
1148 2421 1375 2478 divinae
1411 2439 1643 2492 operam

489 2490 644 2558 dare,
693 2491 992 2547 observare
1037 2493 1201 2547 ritus-
1225 2495 1516 2564 religiosos
1564 2495 1643 2549 fe-

488 2563 582 2630 sti,
634 2563 934 2618 observare
991 2565 1174 2633 ipsum
1225 2566 1376 2620 diem
1423 2582 1642 2621 sacrum

489 2633 872 2694 sacrificando.
918 2637 1217 2704 precando,
1278 2637 1642 2705 convivandO,

489 2705 714 2760 omnino
760 2704 1016 2762 feriando
1061 2713 1120 2762 et
1165 2709 1484 2763 intermisso
1519 2710 1642 2764 vul·

485 2777 614 2847 gari
651 2777 868 2845 opere.“
908 2779 1123 2834 Dissen.
1152 2779 1227 2835 ad
1243 2779 1451 2835 Tibull.
1477 2779 1541 2834 T.
1568 2781 1639 2834 H.

487 2865 543 2918 p.
573 2849 698 2903 211.
747 2849 1054 2905 Fluctuant
1088 2855 1278 2906 tamen
1313 2852 1448 2906 libri
1483 2851 1641 2906 MSS.

487 2919 636 2974 inter
671 2920 846 2976 sacris
883 2925 940 2977 et
981 2922 1150 2992 divin
1186 2940 1330 2991 quae
1365 2923 1540 2978 verba
1577 2928 1645 2978 ut

487 3007 592 3060 per
627 3009 685 3046 se
721 3009 898 3061 aequo
935 2994 1057 3048 iure
1105 3000 1393 3064 ponuntur
1427 2995 1511 3049 ita
1545 2995 1645 3050 ad·

488 3063 696 3118 iectivo
750 3065 1007 3133 apposito
1053 3066 1218 3121 iustis
1268 3067 1420 3121 haud
1476 3066 1644 3122 facile

489 3133 886 3190 diiudicantur.
958 3135 1135 3192 Sacra
1183 3139 1333 3192 enim
1368 3143 1522 3193 recte
1556 3139 1641 3192 iu·-

487 3210 580 3260 sta
614 3207 648 3260 i.
685 3223 732 3260 e.
765 3205 878 3261 rite
915 3207 1057 3264 inita
1092 3213 1152 3263 et
1187 3213 1384 3264 curata
1420 3209 1566 3278 (Liv.
1597 3210 1642 3278 I,

489 3275 583 3346 31)
631 3279 1005 3346 appellantur,
1061 3297 1242 3350 neque
1288 3281 1472 3335 minus
1525 3281 1645 3336 divi

487 3349 642 3417 iusti,
680 3366 818 3417 quos
864 3355 1081 3406 veteres
1129 3353 1462 3408 scholiastae
1496 3352 1641 3408 bene

488 3420 848 3489 interpretati
873 3428 1026 3477 sunt:
1069 3425 1203 3493 „qui
1221 3424 1444 3478 Caesari
1467 3424 1641 3478 vieto-

487 3491 634 3546 riam
667 3497 728 3546 et
763 3492 1008 3549 reditum
1035 3496 1274 3550 merenti
1308 3495 1637 3550 dederunt-‘⁸

489 3562 652 3616 ovid.
691 3561 920 3619 Heroid.
961 3567 1011 3632 6,
1052 3568 1178 3620 152:
1221 3567 1447 3636 „Iustus
1483 3567 1643 3622 adest

488 3635 638 3717 votis
674 3634 930 3704 luppiter
967 3638 1088 3707 ipse
1129 3639 1302 3692 meis“
1341 3639 1378 3692 i.
1419 3655 1466 3693 e.
1511 3655 1641 3707 pro-

487 3710 679 3774 pitius.
753 3705 965 3763 Tamen
1002 3713 1068 3763 ut
1101 3709 1246 3764 divis
1293 3710 1364 3764 ab
1402 3709 1639 3764 Horatio

487 3777 760 3846 scriptum
789 3796 906 3834 esse
943 3780 1183 3848 credam,
1221 3787 1280 3836 et
1315 3781 1639 3840 scholiasta·

487 3865 614 3902 rum
673 3852 1014 3908 auctoritate
1073 3853 1323 3908 adducor
1390 3857 1448 3908 et
1509 3853 1645 3920 quia

487 3920 663 3974 sacris
703 3920 870 3976 facile
906 3940 975 3978 ex
1011 3925 1284 3994 margine,
1319 3941 1430 3994 quo
1468 3923 1641 3977 inter-

487 3992 792 4061 pretandae
850 3999 907 4048 et
966 3996 1272 4065 explendae
1331 3995 1643 4050 sententiae

486 4081 665 4190 3¹:22
691 4065 1641 4208 “ggss'iissunssutffssss'sserissoeffiffffi

487 4223 596 4275 res,
643 4207 793 4275 quod
837 4210 1170 4278 purissimae
1218 4209 1517 4266 latinitatis
1558 4214 1643 4264 est

487 4279 709 4348 operari
744 4281 938 4348 sacris,
975 4283 1320 4336 occasionem
1352 4281 1502 4336 haud
1539 4281 1639 4335 du·

485 4349 580 4403 bie
615 4350 894 4417 praebuit,
936 4368 1035 4406 cur
1070 4351 1221 4421 quod
1259 4351 1448 4406 deesse
1485 4352 1637 4406 vide-

487 4424 646 4474 retur
697 4423 874 4476 sacris
927 4440 1054 4478 mar
1099 4425 1186 4477 'ne
1245 4423 1637 4478 ascriberetur.

487 4490 681 4546 Etiam
759 4492 980 4548 Miiller.
1099 4495 1279 4550 chiitz.
1349 4494 1636 4550 Eckstein.

488 4562 696 4618 Keller.
745 4565 891 4622 divis
936 4581 1064 4622 cum
1099 4567 1328 4637 optimis
1363 4567 1524 4626 codd.
1561 4565 1633 4622 of.

1738 1492 1921 1548 Carm.
1959 1490 2054 1561 IV,
2089 1492 2144 1560 2,
2179 1492 2266 1545 51.
2308 1520 2375 1530 -
2422 1490 2605 1559 soror]
2642 1490 2905 1546 Octavia.

1740 1593 1806 1602 —
1843 1563 2083 1632 supplice
2121 1561 2289 1632 vitta]
2327 1562 2508 1616 vittae
2534 1561 2685 1616 enim
2720 1562 2907 1634 virgis

1738 1635 2025 1689 involutae
2076 1635 2518 1704 supplicantium
2570 1637 2753 1688 erant.
2828 1633 2903 1690 cf.

1736 1706 1907 1777 Verg.
1944 1708 2087 1760 Aen.
2122 1705 2246 1772 VH,
2284 1705 2408 1760 23⁷.

1808 1779 1873 1832 V.
1915 1780 1964 1831 9.
1996 1775 2293 1846 viminum]
2334 1776 2489 1845 Quae
2522 1775 2777 1846 virgines
2803 1795 2905 1847 ap-

1735 1849 2021 1920 pellantur
2058 1847 2153 1916 (cf.
2194 1847 2373 1903 Carm.
2412 1847 2484 1914 11,
2522 1851 2573 1916 8,
2609 1845 2727 1918 23),
2765 1865 2907 1904 uxo-

1736 1939 1825 1976 res
1848 1925 1979 1975 sunt
2003 1921 2269 1975 iuvenum
2293 1937 2361 1974 ex
2384 1919 2722 1974 Cantabrico
2746 1919 2907 1975 bello

1738 1993 1981 2047 feliciter
2004 1991 2379 2056 redeuntium,
2406 1991 2709 2060 sospitum3
2746 1992 2909 2060 quod

1739 2064 2079 2119 adiectivum
2113 2081 2227 2118 non
2263 2063 2448 2117 minus
2474 2062 2545 2117 de
2576 2061 2909 2132 virginibus

1736 2135 1951 2190 dietum
2000 2140 2104 2203 est,
2150 2135 2415 2204 quoniam
2462 2134 2524 2188 in
2556 2133 2909 2190 maritorum

1736 2208 1919 2262 salute
1958 2207 2131 2262 etiam
2168 2223 2407 2260 uxorum
2444 2205 2594 2260 salus
2642 2207 2909 2262 eontine-

1735 2283 1850 2333 tur.
1904 2307 1975 2318 —-
2034 2278 2213 2333 virum
2266 2277 2547 2348 menae]
2605 2276 2763 2331 idem
2824 2283 2913 2332 est

1737 2349 1888 2420 quod
1944 2355 2165 2418 nuptae,
2224 2355 2291 2404 ut
2350 2349 2412 2402 in
2466 2347 2693 2403 Patron.
2752 2347 2907 2404 Sati-

1734 2423 1835 2477 ric.
1898 2439 1945 2476 c.
2005 2420 2137 2475 127:
2212 2420 2293 2490 „si
2356 2437 2471 2475 non
2530 2418 2759 2474 fastidis
2825 2419 2909 2476 fe-

1738 2493 1951 2548 minam
2022 2498 2280 2548 ornatam
2346 2496 2406 2547 et
2475 2490 2583 2548 hoe
2644 2491 2909 2560 primum

1739 2582 1887 2619 anno
1921 2565 2099 2620 virum
2134 2563 2461 2632 expertam.“
2500 2562 2572 2618 cf.
2610 2563 2687 2618 ad
2710 2562 2907 2618 Carm.

1734 2636 1809 2705 11,
1847 2639 1901 2704 8,
1939 2638 2027 2690 23.
2099 2635 2281 2704 Epist.
2327 2635 2401 2702 11,
2442 2637 2489 2701 l,
2532 2635 2651 2688 132.
2727 2633 2907 2690 Prae-

1736 2713 1825 2762 ter
1860 2712 2147 2762 matronas
2180 2705 2343 2776 pueri
2378 2707 2553 2761 etiam
2578 2710 2635 2760 et
2670 2707 2905 2775 puellae

1736 2785 1788 2834 st
1822 2795 2007 2834 recens
2042 2784 2250 2848 „neptae
2286 2778 2535 2833 mulieres
2580 2777 2642 2831 in
2686 2795 2905 2847 pompa

1734 2851 2129 2921 procedebant.
2194 2849 2286 2903 Sic
2341 2866 2492 2904 nunc
2552 2877 2621 2888 -·
2671 2855 2905 2905 mutat-a

1737 2923 1943 2977 iterum
1982 2922 2259 2976 sententia
2306 2921 2365 2974 in
2412 2921 2536 2975 loeo
2584 2937 2765 2990 prope
2802 2919 2903 2976 de-

1736 2999 1961 3063 sperato
1998 3023 2067 3032 —
2109 2992 2408 3047 Horatium
2434 2991 2723 3062 intellego,
2748 2991 2903 3046 Hor-

1734 3066 1947 3121 kelium
1982 3070 2225 3130 secutus,
2264 3064 2361 3132 qui
2398 3064 2655 3118 Analect-
2690 3063 2900 3118 Horat.

1735 3155 1791 3206 p.
1834 3139 1931 3191 143
1982 3136 2122 3192 haee
2165 3136 2363 3191 habet:
2423 3135 2701 3204 „habebat
2758 3151 2903 3190 saue

1734 3209 2004 3263 Horatius
2041 3225 2142 3262 cur
2168 3211 2463 3274 metueret,
2500 3223 2573 3261 ne
2604 3222 2721 3260 non
2756 3206 2901 3262 boni

1736 3281 1939 3335 ominis
1974 3279 2253 3334 vocabula
2300 3279 2369 3332 iis
2404 3277 2761 3347 potissimum
2799 3295 2899 3333 ex-

1736 3352 2007 3418 ciderent,
2068 3351 2168 3420 qui
2226 3353 2461 3419 propter
2522 3353 2767 3404 aetatem
2832 3354 2901 3404 et

1738 3439 1931 3478 sexum
1966 3439 2169 3491 parum
2202 3422 2295 3476 vel
2330 3420 2481 3476 firmi
2514 3421 2603 3476 vel
2638 3420 2895 3490 pruden-

1734 3499 1819 3549 tes
1866 3493 2216 3548 viderentur:
2274 3493 2483 3562 pueris,
2527 3491 2750 3564 puellis,
2806 3509 2899 3546 re-

1734 3583 1863 3620 cens
1900 3566 2114 3635 nuptis:
2162 3580 2343 3620 recem
2378 3564 2527 3618 enim
2563 3568 2769 3633 nuptas
2806 3565 2897 3617 in-

1734 3637 1926 3722 tellegi
1960 3638 2071 3720 boc
2110 3637 2293 3705 ipsum
2325 3635 2691 3734 demonstrat,
2736 3635 2899 3704 quod

1733 3725 1885 3835 3ξὲἒῖ
1917 3707 2900 3862 ῗῗῖοῗζξῖῗιὲῃᾱῗῗοᾙωέἓζ

1735 3869 1879 3920 ram,
1948 3851 2097 3920 quod
2166 3855 2250 3904 ita
2316 3850 2543 3904 demum
2610 3853 2899 3904 enuntiati

1732 3923 1997 3978 membris
2042 3939 2143 3977 sua
2192 3921 2505 3990 aequalitas
2552 3921 2899 3976 restituitur.
3012 3927 3014 3946 ³

1732 3995 1877 4050 Nam
1914 4010 2041 4049 cum
2076 3997 2243 4048 antea
2276 4011 2332 4046 v.
2365 3993 2539 4061 bsqq.
2574 3996 2634 4048 et
2649 3992 2899 4060 Liviam,

1731 4066 1899 4121 unico
1944 4066 2148 4120 marito
2194 4064 2550 4135 gaudentem,
2606 4069 2665 4118 et
2720 4063 2897 4118 Octa-

1732 4137 1899 4201 viam,
1938 4137 2079 4192 clari
2114 4137 2271 4190 ducis
2307 4153 2573 4202 sororem,
2598 4140 2659 4189 et
2680 4141 2901 4191 matres

1734 4209 2007 4280 sospitum
2052 4209 2317 4262 iuvenum
2362 4207 2695 4262 adhortatus
2742 4213 2899 4264 esset

1732 4281 2021 4348 Horatius,
2054 4279 2343 4349 aptissime
2368 4297 2531 4334 suum
2556 4277 2701 4332 illud
2728 4275 2903 4350 εὔφη·
3007 4305 3010 4338 ε

1733 4358 1885 4422 μεῖτε
1922 4357 1980 4406 et
2014 4352 2203 4421 pueris
2242 4356 2301 4405 et
2336 4351 2539 4420 puellis
2574 4353 2633 4404 et
2666 4349 2787 4404 iam
2814 4350 2899 4404 vi-

1735 4441 1862 4478 rum
1898 4424 2145 4492 expertis
2170 4422 2531 4490 adclamavit,
2558 4421 2643 4476 ita
2676 4425 2745 4476 ut
2782 4426 2899 4476 ter·

1736 4495 1895 4550 nario
1914 4511 2145 4550 numero
2165 4492 2446 4549 ternarius
2471 4491 2895 4562 respondent-⁸¹

1732 4567 1799 4622 In
1810 4565 2043 4622 eandem
2056 4566 2435 4622 coniecturam
2452 4580 2555 4636 „ae
2572 4563 2689 4622 iau·
2704 4566 2899 4620 uune“
