<?xml version="1.0" encoding="UTF-8"?>
<!DOCTYPE html PUBLIC "-//W3C//DTD XHTML 1.0 Transitional//EN"
    "http://www.w3.org/TR/xhtml1/DTD/xhtml1-transitional.dtd">
<html xmlns="http://www.w3.org/1999/xhtml" xml:lang="en" lang="en">
 <head>
  <title>
</title>
<meta http-equiv="Content-Type" content="text/html;charset=utf-8" />
  <meta name='ocr-system' content='tesseract 3.04.00' />
  <meta name='ocr-capabilities' content='ocr_page ocr_carea ocr_par ocr_line ocrx_word'/>
</head>
<body>
  <div class='ocr_page' id='page_1' title='image "./qhoratiiflaccio05unkngoog/qhoratiiflaccio05unkngoog_0138.png"; bbox 0 0 3092 5059; ppageno 0'>
   <div class='ocr_carea' id='block_1_1' title="bbox 449 214 570 279">
    <p class='ocr_par' dir='ltr' id='par_1_1' title="bbox 449 214 570 279">
     <span class='ocr_line' id='line_1_1' title="bbox 449 214 570 279; baseline 0 0"><span class='ocrx_word' id='word_1_1' title='bbox 449 214 570 279; x_wconf 90' lang='grc'><strong>108</strong></span> 
     </span>
    </p>
   </div>
   <div class='ocr_carea' id='block_1_2' title="bbox 1413 211 1873 280">
    <p class='ocr_par' dir='ltr' id='par_1_2' title="bbox 1413 211 1873 280">
     <span class='ocr_line' id='line_1_2' title="bbox 1413 211 1873 280; baseline -0.007 0"><span class='ocrx_word' id='word_1_2' title='bbox 1413 211 1873 280; x_wconf 83' lang='lat' dir='ltr'><strong>CARMINUM</strong></span> 
     </span>
    </p>
   </div>
   <div class='ocr_carea' id='block_1_3' title="bbox 765 399 2817 1852">
    <p class='ocr_par' dir='ltr' id='par_1_3' title="bbox 765 399 2817 1852">
     <span class='ocr_line' id='line_1_3' title="bbox 844 399 1912 504; baseline -0.006 -23"><span class='ocrx_word' id='word_1_3' title='bbox 844 404 1336 504; x_wconf 86' lang='lat' dir='ltr'><strong>Mutataeque</strong></span> <span class='ocrx_word' id='word_1_4' title='bbox 1386 399 1611 477; x_wconf 90' lang='lat' dir='ltr'><strong>simul</strong></span> <span class='ocrx_word' id='word_1_5' title='bbox 1663 412 1912 497; x_wconf 86' lang='lat' dir='ltr'><strong>togae.</strong></span> 
     </span>
     <span class='ocr_line' id='line_1_4' title="bbox 769 523 2527 622; baseline -0.001 -23"><span class='ocrx_word' id='word_1_6' title='bbox 769 561 816 599; x_wconf 83' lang='grc' dir='ltr'><strong>ιο</strong></span> <span class='ocrx_word' id='word_1_7' title='bbox 953 526 1228 605; x_wconf 85' lang='lat' dir='ltr'><strong>Cressa</strong></span> <span class='ocrx_word' id='word_1_8' title='bbox 1279 553 1378 603; x_wconf 93' lang='lat' dir='ltr'><strong>ne</strong></span> <span class='ocrx_word' id='word_1_9' title='bbox 1431 538 1691 602; x_wconf 87' lang='lat' dir='ltr'><strong>careat</strong></span> <span class='ocrx_word' id='word_1_10' title='bbox 1735 523 2058 622; x_wconf 87' lang='lat' dir='ltr'><strong>pulchra</strong></span> <span class='ocrx_word' id='word_1_11' title='bbox 2108 523 2273 600; x_wconf 90' lang='lat' dir='ltr'><strong>dies</strong></span> <span class='ocrx_word' id='word_1_12' title='bbox 2323 535 2527 619; x_wconf 89' lang='lat' dir='ltr'><strong>nota,</strong></span> 
     </span>
     <span class='ocr_line' id='line_1_5' title="bbox 845 648 2299 751; baseline -0.003 -22"><span class='ocrx_word' id='word_1_13' title='bbox 845 652 1016 729; x_wconf 92' lang='lat' dir='ltr'><strong>Neu</strong></span> <span class='ocrx_word' id='word_1_14' title='bbox 1069 665 1476 751; x_wconf 80' lang='lat' dir='ltr'><strong>promptae</strong></span> <span class='ocrx_word' id='word_1_15' title='bbox 1525 648 1803 725; x_wconf 86' lang='lat' dir='ltr'><strong>modus</strong></span> <span class='ocrx_word' id='word_1_16' title='bbox 1856 650 2299 749; x_wconf 83' lang='lat' dir='ltr'><strong>amphorae,</strong></span> 
     </span>
     <span class='ocr_line' id='line_1_6' title="bbox 949 772 2817 875; baseline -0.004 -20"><span class='ocrx_word' id='word_1_17' title='bbox 949 778 1120 855; x_wconf 90' lang='lat' dir='ltr'><strong>Neu</strong></span> <span class='ocrx_word' id='word_1_18' title='bbox 1169 802 1467 854; x_wconf 91' lang='lat' dir='ltr'><strong>morem</strong></span> <span class='ocrx_word' id='word_1_19' title='bbox 1515 776 1597 851; x_wconf 92' lang='lat' dir='ltr'><strong>in</strong></span> <span class='ocrx_word' id='word_1_20' title='bbox 1650 772 1941 851; x_wconf 87' lang='lat' dir='ltr'><strong>Salium</strong></span> <span class='ocrx_word' id='word_1_21' title='bbox 1992 774 2093 850; x_wconf 91' lang='lat' dir='ltr'><strong>sit</strong></span> <span class='ocrx_word' id='word_1_22' title='bbox 2141 775 2451 875; x_wconf 78' lang='lat' dir='ltr'>requies</span> <span class='ocrx_word' id='word_1_23' title='bbox 2496 772 2817 873; x_wconf 87' lang='lat' dir='ltr'><strong>pedum,</strong></span> 
     </span>
     <span class='ocr_line' id='line_1_7' title="bbox 845 900 1935 979; baseline -0.005 0"><span class='ocrx_word' id='word_1_24' title='bbox 845 902 1016 979; x_wconf 91' lang='lat' dir='ltr'><strong>Neu</strong></span> <span class='ocrx_word' id='word_1_25' title='bbox 1067 902 1297 979; x_wconf 90' lang='lat' dir='ltr'><strong>multi</strong></span> <span class='ocrx_word' id='word_1_26' title='bbox 1345 902 1686 979; x_wconf 88' lang='lat' dir='ltr'><strong>Damalis</strong></span> <span class='ocrx_word' id='word_1_27' title='bbox 1738 900 1935 975; x_wconf 89' lang='lat' dir='ltr'><strong>meri</strong></span> 
     </span>
     <span class='ocr_line' id='line_1_8' title="bbox 941 1022 2433 1125; baseline -0.002 -22"><span class='ocrx_word' id='word_1_28' title='bbox 941 1028 1264 1105; x_wconf 85' lang='lat' dir='ltr'><strong>Bassum</strong></span> <span class='ocrx_word' id='word_1_29' title='bbox 1315 1026 1671 1103; x_wconf 65' lang='lat' dir='ltr'><strong>Threicia</strong></span> <span class='ocrx_word' id='word_1_30' title='bbox 1721 1026 1979 1101; x_wconf 84' lang='lat' dir='ltr'><strong>vincat</strong></span> <span class='ocrx_word' id='word_1_31' title='bbox 2028 1022 2433 1125; x_wconf 78' lang='lat' dir='ltr'><strong>amystide,</strong></span> 
     </span>
     <span class='ocr_line' id='line_1_9' title="bbox 765 1151 1893 1250; baseline -0.002 -24"><span class='ocrx_word' id='word_1_32' title='bbox 765 1185 815 1227; x_wconf 67' lang='grc' dir='ltr'><strong>ιι</strong></span> <span class='ocrx_word' id='word_1_33' title='bbox 848 1152 1018 1229; x_wconf 92' lang='lat' dir='ltr'><strong>Neu</strong></span> <span class='ocrx_word' id='word_1_34' title='bbox 1073 1152 1327 1229; x_wconf 80' lang='lat' dir='ltr'><strong>desint</strong></span> <span class='ocrx_word' id='word_1_35' title='bbox 1369 1151 1618 1250; x_wconf 84' lang='lat' dir='ltr'><strong>epulis</strong></span> <span class='ocrx_word' id='word_1_36' title='bbox 1672 1176 1893 1226; x_wconf 88' lang='lat' dir='ltr'><strong>rosae</strong></span> 
     </span>
     <span class='ocr_line' id='line_1_10' title="bbox 946 1272 2529 1373; baseline -0.003 -20"><span class='ocrx_word' id='word_1_37' title='bbox 946 1278 1117 1353; x_wconf 90' lang='lat' dir='ltr'><strong>Neu</strong></span> <span class='ocrx_word' id='word_1_38' title='bbox 1168 1277 1396 1352; x_wconf 82' lang='lat' dir='ltr'><strong>vivax</strong></span> <span class='ocrx_word' id='word_1_39' title='bbox 1446 1277 1711 1373; x_wconf 85' lang='lat' dir='ltr'><strong>apium</strong></span> <span class='ocrx_word' id='word_1_40' title='bbox 1763 1301 1913 1351; x_wconf 92' lang='lat' dir='ltr'><strong>neu</strong></span> <span class='ocrx_word' id='word_1_41' title='bbox 1964 1276 2205 1351; x_wconf 86' lang='lat' dir='ltr'><strong>breve</strong></span> <span class='ocrx_word' id='word_1_42' title='bbox 2254 1272 2529 1349; x_wconf 90' lang='lat' dir='ltr'><strong>lilium.</strong></span> 
     </span>
     <span class='ocr_line' id='line_1_11' title="bbox 850 1400 2001 1501; baseline -0.003 -22"><span class='ocrx_word' id='word_1_43' title='bbox 850 1400 1139 1479; x_wconf 90' lang='lat' dir='ltr'><strong>Omnes</strong></span> <span class='ocrx_word' id='word_1_44' title='bbox 1191 1402 1272 1477; x_wconf 91' lang='lat' dir='ltr'><strong>in</strong></span> <span class='ocrx_word' id='word_1_45' title='bbox 1324 1401 1684 1477; x_wconf 86' lang='lat' dir='ltr'><strong>Damalin</strong></span> <span class='ocrx_word' id='word_1_46' title='bbox 1736 1414 2001 1501; x_wconf 89' lang='lat' dir='ltr'><strong>putres</strong></span> 
     </span>
     <span class='ocr_line' id='line_1_12' title="bbox 948 1525 2541 1626; baseline -0.002 -25"><span class='ocrx_word' id='word_1_47' title='bbox 948 1527 1358 1626; x_wconf 89' lang='lat' dir='ltr'><strong>Deponent</strong></span> <span class='ocrx_word' id='word_1_48' title='bbox 1410 1526 1699 1623; x_wconf 86' lang='lat' dir='ltr'><strong>oculos,</strong></span> <span class='ocrx_word' id='word_1_49' title='bbox 1752 1550 1895 1601; x_wconf 86' lang='lat' dir='ltr'><strong>nec</strong></span> <span class='ocrx_word' id='word_1_50' title='bbox 1949 1525 2289 1601; x_wconf 88' lang='lat' dir='ltr'><strong>Damalis</strong></span> <span class='ocrx_word' id='word_1_51' title='bbox 2341 1550 2541 1599; x_wconf 89' lang='lat' dir='ltr'><strong>novo</strong></span> 
     </span>
     <span class='ocr_line' id='line_1_13' title="bbox 851 1649 1697 1727; baseline 0.001 -2"><span class='ocrx_word' id='word_1_52' title='bbox 851 1649 1285 1726; x_wconf 86' lang='lat' dir='ltr'><strong>Divelletur</strong></span> <span class='ocrx_word' id='word_1_53' title='bbox 1337 1650 1697 1727; x_wconf 87' lang='lat' dir='ltr'><strong>adultero</strong></span> 
     </span>
     <span class='ocr_line' id='line_1_14' title="bbox 766 1775 2207 1852; baseline -0.001 0"><span class='ocrx_word' id='word_1_54' title='bbox 766 1812 818 1852; x_wconf 72' lang='grc' dir='ltr'><strong>ιο</strong></span> <span class='ocrx_word' id='word_1_55' title='bbox 954 1776 1294 1851; x_wconf 84' lang='lat' dir='ltr'><strong>Lascivis</strong></span> <span class='ocrx_word' id='word_1_56' title='bbox 1345 1775 1655 1851; x_wconf 91' lang='lat' dir='ltr'><strong>hederis</strong></span> <span class='ocrx_word' id='word_1_57' title='bbox 1706 1776 2207 1852; x_wconf 81' lang='lat' dir='ltr'><strong>ambitiosior.</strong></span> 
     </span>
    </p>
   </div>
   <div class='ocr_carea' id='block_1_4' title="bbox 1564 1962 1769 1975">
    <p class='ocr_par' dir='ltr' id='par_1_4' title="bbox 1564 1962 1769 1975">
     <span class='ocr_line' id='line_1_15' title="bbox 1564 1962 1769 1975; baseline 0 0"><span class='ocrx_word' id='word_1_58' title='bbox 1564 1962 1769 1975; x_wconf 95' lang='lat' dir='ltr'><strong> </strong></span> 
     </span>
    </p>
   </div>
   <div class='ocr_carea' id='block_1_5' title="bbox 1231 2080 2091 2169">
    <p class='ocr_par' dir='ltr' id='par_1_5' title="bbox 1231 2080 2091 2169">
     <span class='ocr_line' id='line_1_16' title="bbox 1231 2080 2091 2169; baseline -0.002 -2"><span class='ocrx_word' id='word_1_59' title='bbox 1231 2080 1615 2169; x_wconf 80' lang='lat' dir='ltr'><strong>CARMEN</strong></span> <span class='ocrx_word' id='word_1_60' title='bbox 1676 2081 2091 2168; x_wconf 89' lang='lat' dir='ltr'><strong>XXXVII.</strong></span> 
     </span>
    </p>
   </div>
   <div class='ocr_carea' id='block_1_6' title="bbox 738 2231 2541 2346">
    <p class='ocr_par' dir='ltr' id='par_1_6' title="bbox 738 2231 2541 2346">
     <span class='ocr_line' id='line_1_17' title="bbox 738 2231 2541 2346; baseline -0.002 -21"><span class='ocrx_word' id='word_1_61' title='bbox 738 2231 747 2242; x_wconf 40' lang='lat'>⁸</span> <span class='ocrx_word' id='word_1_62' title='bbox 855 2248 1080 2327; x_wconf 83' lang='lat' dir='ltr'><strong>Nunc</strong></span> <span class='ocrx_word' id='word_1_63' title='bbox 1134 2262 1246 2326; x_wconf 90' lang='lat' dir='ltr'><strong>est</strong></span> <span class='ocrx_word' id='word_1_64' title='bbox 1296 2249 1744 2344; x_wconf 91' lang='lat' dir='ltr'><strong>bibendum,</strong></span> <span class='ocrx_word' id='word_1_65' title='bbox 1796 2275 1999 2325; x_wconf 89' lang='lat' dir='ltr'><strong>nuno</strong></span> <span class='ocrx_word' id='word_1_66' title='bbox 2040 2248 2241 2346; x_wconf 88' lang='lat' dir='ltr'><strong>pede</strong></span> <span class='ocrx_word' id='word_1_67' title='bbox 2292 2246 2541 2323; x_wconf 91' lang='lat' dir='ltr'><strong>libero</strong></span> 
     </span>
    </p>
   </div>
   <div class='ocr_carea' id='block_1_7' title="bbox 455 2422 1617 4638">
    <p class='ocr_par' dir='ltr' id='par_1_7' title="bbox 455 2422 1617 4638">
     <span class='ocr_line' id='line_1_18' title="bbox 455 2422 1603 2493; baseline -0.003 -14"><span class='ocrx_word' id='word_1_68' title='bbox 455 2425 542 2479; x_wconf 86' lang='lat' dir='ltr'><strong>De</strong></span> <span class='ocrx_word' id='word_1_69' title='bbox 577 2440 816 2493; x_wconf 77' lang='lat' dir='ltr'><strong>syncope</strong></span> <span class='ocrx_word' id='word_1_70' title='bbox 850 2423 981 2479; x_wconf 84' lang='lat' dir='ltr'><strong>vide</strong></span> <span class='ocrx_word' id='word_1_71' title='bbox 1025 2423 1098 2478; x_wconf 83' lang='lat' dir='ltr'><strong>sd</strong></span> <span class='ocrx_word' id='word_1_72' title='bbox 1135 2422 1316 2479; x_wconf 83' lang='lat' dir='ltr'><strong>Carm.</strong></span> <span class='ocrx_word' id='word_1_73' title='bbox 1352 2424 1424 2492; x_wconf 88' lang='lat' dir='ltr'><strong>H,</strong></span> <span class='ocrx_word' id='word_1_74' title='bbox 1459 2425 1513 2487; x_wconf 86' lang='grc'><strong>2,</strong></span> <span class='ocrx_word' id='word_1_75' title='bbox 1551 2424 1603 2477; x_wconf 99' lang='grc'><strong>2.</strong></span> 
     </span>
     <span class='ocr_line' id='line_1_19' title="bbox 455 2494 1607 2565; baseline -0.001 -16"><span class='ocrx_word' id='word_1_76' title='bbox 455 2525 528 2535; x_wconf 96' lang='lat'><em>-</em></span> <span class='ocrx_word' id='word_1_77' title='bbox 570 2500 768 2550; x_wconf 80' lang='lat' dir='ltr'><strong>mutat.</strong></span> <span class='ocrx_word' id='word_1_78' title='bbox 821 2496 942 2549; x_wconf 78' lang='lat' dir='ltr'><strong>sim.</strong></span> <span class='ocrx_word' id='word_1_79' title='bbox 991 2494 1168 2565; x_wconf 72' lang='lat' dir='ltr'><strong>toque]</strong></span> <span class='ocrx_word' id='word_1_80' title='bbox 1227 2496 1364 2550; x_wconf 90' lang='lat' dir='ltr'><strong>Cum</strong></span> <span class='ocrx_word' id='word_1_81' title='bbox 1421 2500 1607 2549; x_wconf 88' lang='lat' dir='ltr'><strong>essent</strong></span> 
     </span>
     <span class='ocr_line' id='line_1_20' title="bbox 456 2566 1604 2638; baseline -0.001 -17"><span class='ocrx_word' id='word_1_82' title='bbox 456 2567 730 2636; x_wconf 83' lang='lat' dir='ltr'><strong>aequales,</strong></span> <span class='ocrx_word' id='word_1_83' title='bbox 771 2566 965 2621; x_wconf 89' lang='lat' dir='ltr'><strong>eodem</strong></span> <span class='ocrx_word' id='word_1_84' title='bbox 1003 2572 1258 2637; x_wconf 84' lang='lat' dir='ltr'><strong>tempore</strong></span> <span class='ocrx_word' id='word_1_85' title='bbox 1293 2574 1486 2638; x_wconf 78' lang='lat' dir='ltr'><strong>togam</strong></span> <span class='ocrx_word' id='word_1_86' title='bbox 1521 2566 1604 2621; x_wconf 83' lang='lat' dir='ltr'><strong>vi·</strong></span> 
     </span>
     <span class='ocr_line' id='line_1_21' title="bbox 456 2638 1605 2709; baseline -0.001 -17"><span class='ocrx_word' id='word_1_87' title='bbox 456 2638 620 2693; x_wconf 86' lang='lat' dir='ltr'><strong>rilem</strong></span> <span class='ocrx_word' id='word_1_88' title='bbox 645 2642 1028 2708; x_wconf 81' lang='lat' dir='ltr'><strong>sumpserunt3</strong></span> <span class='ocrx_word' id='word_1_89' title='bbox 1067 2639 1214 2707; x_wconf 90' lang='lat' dir='ltr'><strong>quod</strong></span> <span class='ocrx_word' id='word_1_90' title='bbox 1239 2645 1370 2709; x_wconf 90' lang='lat' dir='ltr'><strong>post</strong></span> <span class='ocrx_word' id='word_1_91' title='bbox 1396 2656 1605 2693; x_wconf 84' lang='lat' dir='ltr'><strong>annum</strong></span> 
     </span>
     <span class='ocr_line' id='line_1_22' title="bbox 457 2709 1603 2779; baseline 0.002 -15"><span class='ocrx_word' id='word_1_92' title='bbox 457 2710 733 2765; x_wconf 84' lang='lat' dir='ltr'><strong>decimum</strong></span> <span class='ocrx_word' id='word_1_93' title='bbox 783 2710 1044 2779; x_wconf 87' lang='lat' dir='ltr'><strong>quintum</strong></span> <span class='ocrx_word' id='word_1_94' title='bbox 1089 2709 1214 2765; x_wconf 86' lang='lat' dir='ltr'><strong>fieri</strong></span> <span class='ocrx_word' id='word_1_95' title='bbox 1262 2712 1495 2765; x_wconf 85' lang='lat' dir='ltr'><strong>solebat.</strong></span> <span class='ocrx_word' id='word_1_96' title='bbox 1533 2738 1603 2749; x_wconf 88' lang='lat'>—</span> 
     </span>
     <span class='ocr_line' id='line_1_23' title="bbox 459 2779 1605 2851; baseline 0.001 -16"><span class='ocrx_word' id='word_1_97' title='bbox 459 2779 654 2836; x_wconf 62' lang='lat' dir='ltr'><strong>&amp;essa</strong></span> <span class='ocrx_word' id='word_1_98' title='bbox 687 2780 840 2851; x_wconf 80' lang='lat' dir='ltr'><strong>nota]</strong></span> <span class='ocrx_word' id='word_1_99' title='bbox 879 2782 914 2835; x_wconf 92' lang='lat' dir='ltr'><strong>i.</strong></span> <span class='ocrx_word' id='word_1_100' title='bbox 951 2798 998 2837; x_wconf 88' lang='lat' dir='ltr'><strong>e.</strong></span> <span class='ocrx_word' id='word_1_101' title='bbox 1035 2782 1189 2850; x_wconf 81' lang='lat' dir='ltr'><strong>alba3</strong></span> <span class='ocrx_word' id='word_1_102' title='bbox 1226 2788 1381 2837; x_wconf 82' lang='lat' dir='ltr'><strong>creta</strong></span> <span class='ocrx_word' id='word_1_103' title='bbox 1417 2800 1486 2836; x_wconf 80' lang='lat' dir='ltr'><strong>ex</strong></span> <span class='ocrx_word' id='word_1_104' title='bbox 1519 2781 1605 2836; x_wconf 83' lang='lat' dir='ltr'><strong>Ci-</strong></span> 
     </span>
     <span class='ocr_line' id='line_1_24' title="bbox 457 2852 1606 2923; baseline -0.002 -14"><span class='ocrx_word' id='word_1_105' title='bbox 457 2853 622 2919; x_wconf 87' lang='lat' dir='ltr'><strong>m010,</strong></span> <span class='ocrx_word' id='word_1_106' title='bbox 677 2870 854 2921; x_wconf 86' lang='lat' dir='ltr'><strong>parva</strong></span> <span class='ocrx_word' id='word_1_107' title='bbox 909 2853 1092 2907; x_wconf 82' lang='lat' dir='ltr'><strong>insula</strong></span> <span class='ocrx_word' id='word_1_108' title='bbox 1147 2871 1322 2923; x_wconf 86' lang='lat' dir='ltr'><strong>prope</strong></span> <span class='ocrx_word' id='word_1_109' title='bbox 1383 2852 1606 2909; x_wconf 80' lang='lat' dir='ltr'><strong>Cretam</strong></span> 
     </span>
     <span class='ocr_line' id='line_1_25' title="bbox 457 2922 1609 2992; baseline 0 -14"><span class='ocrx_word' id='word_1_110' title='bbox 457 2924 586 2992; x_wconf 88' lang='lat' dir='ltr'><strong>sita,</strong></span> <span class='ocrx_word' id='word_1_111' title='bbox 623 2923 860 2979; x_wconf 83' lang='lat' dir='ltr'><strong>Romam</strong></span> <span class='ocrx_word' id='word_1_112' title='bbox 897 2925 1295 2979; x_wconf 77' lang='lat' dir='ltr'><strong>advehebatur.</strong></span> <span class='ocrx_word' id='word_1_113' title='bbox 1340 2922 1609 2980; x_wconf 88' lang='lat' dir='ltr'><strong>Solebant</strong></span> 
     </span>
     <span class='ocr_line' id='line_1_26' title="bbox 458 2996 1606 3067; baseline 0.001 -18"><span class='ocrx_word' id='word_1_114' title='bbox 458 2996 637 3050; x_wconf 88' lang='lat' dir='ltr'><strong>laetos</strong></span> <span class='ocrx_word' id='word_1_115' title='bbox 673 2996 790 3049; x_wconf 84' lang='lat' dir='ltr'><strong>dies</strong></span> <span class='ocrx_word' id='word_1_116' title='bbox 835 2996 998 3064; x_wconf 86' lang='lat' dir='ltr'><strong>albis,</strong></span> <span class='ocrx_word' id='word_1_117' title='bbox 1043 2996 1236 3051; x_wconf 75' lang='lat' dir='ltr'><strong>tristes</strong></span> <span class='ocrx_word' id='word_1_118' title='bbox 1281 2996 1459 3067; x_wconf 81' lang='lat' dir='ltr'><strong>nigris</strong></span> <span class='ocrx_word' id='word_1_119' title='bbox 1497 2997 1606 3051; x_wconf 86' lang='lat' dir='ltr'><strong>cal-</strong></span> 
     </span>
     <span class='ocr_line' id='line_1_27' title="bbox 459 3067 1607 3135; baseline 0.002 -15"><span class='ocrx_word' id='word_1_120' title='bbox 459 3067 600 3121; x_wconf 89' lang='lat' dir='ltr'><strong>culis</strong></span> <span class='ocrx_word' id='word_1_121' title='bbox 639 3071 860 3135; x_wconf 82' lang='lat' dir='ltr'><strong>notare3</strong></span> <span class='ocrx_word' id='word_1_122' title='bbox 913 3068 1044 3122; x_wconf 87' lang='lat' dir='ltr'><strong>inde</strong></span> <span class='ocrx_word' id='word_1_123' title='bbox 1079 3067 1288 3123; x_wconf 88' lang='lat' dir='ltr'><strong>dicitur</strong></span> <span class='ocrx_word' id='word_1_124' title='bbox 1324 3069 1443 3123; x_wconf 84' lang='lat' dir='ltr'><strong>dies</strong></span> <span class='ocrx_word' id='word_1_125' title='bbox 1481 3086 1607 3123; x_wconf 85' lang='lat' dir='ltr'><strong>can-</strong></span> 
     </span>
     <span class='ocr_line' id='line_1_28' title="bbox 459 3138 1607 3209; baseline 0 -16"><span class='ocrx_word' id='word_1_126' title='bbox 459 3138 677 3193; x_wconf 83' lang='lat' dir='ltr'><strong>didiore</strong></span> <span class='ocrx_word' id='word_1_127' title='bbox 712 3144 865 3205; x_wconf 89' lang='lat' dir='ltr'><strong>nota,</strong></span> <span class='ocrx_word' id='word_1_128' title='bbox 900 3140 1132 3194; x_wconf 85' lang='lat' dir='ltr'><strong>meliore</strong></span> <span class='ocrx_word' id='word_1_129' title='bbox 1167 3140 1382 3209; x_wconf 77' lang='lat' dir='ltr'><strong>lapillo,</strong></span> <span class='ocrx_word' id='word_1_130' title='bbox 1418 3140 1607 3195; x_wconf 83' lang='lat' dir='ltr'><strong>eandi-</strong></span> 
     </span>
     <span class='ocr_line' id='line_1_29' title="bbox 459 3210 1608 3281; baseline -0.002 -15"><span class='ocrx_word' id='word_1_131' title='bbox 459 3210 689 3266; x_wconf 88' lang='lat' dir='ltr'><strong>dissimo</strong></span> <span class='ocrx_word' id='word_1_132' title='bbox 734 3211 966 3275; x_wconf 87' lang='lat' dir='ltr'><strong>calculo,</strong></span> <span class='ocrx_word' id='word_1_133' title='bbox 1021 3212 1202 3265; x_wconf 85' lang='lat' dir='ltr'><strong>lactea</strong></span> <span class='ocrx_word' id='word_1_134' title='bbox 1247 3228 1485 3281; x_wconf 84' lang='lat' dir='ltr'><strong>gemma,</strong></span> <span class='ocrx_word' id='word_1_135' title='bbox 1537 3212 1608 3265; x_wconf 88' lang='lat' dir='ltr'><strong>si-</strong></span> 
     </span>
     <span class='ocr_line' id='line_1_30' title="bbox 459 3282 1609 3353; baseline 0 -16"><span class='ocrx_word' id='word_1_136' title='bbox 459 3282 634 3337; x_wconf 85' lang='lat' dir='ltr'><strong>milia.</strong></span> <span class='ocrx_word' id='word_1_137' title='bbox 664 3312 730 3321; x_wconf 92' lang='lat'><strong>--</strong></span> <span class='ocrx_word' id='word_1_138' title='bbox 763 3288 1048 3351; x_wconf 78' lang='lat' dir='ltr'><strong>promptae</strong></span> <span class='ocrx_word' id='word_1_139' title='bbox 1077 3282 1391 3353; x_wconf 72' lang='lat' dir='ltr'><strong>amphorae]</strong></span> <span class='ocrx_word' id='word_1_140' title='bbox 1429 3283 1609 3337; x_wconf 86' lang='lat' dir='ltr'><strong>Carm.</strong></span> 
     </span>
     <span class='ocr_line' id='line_1_31' title="bbox 459 3352 1609 3421; baseline 0.002 -14"><span class='ocrx_word' id='word_1_141' title='bbox 459 3354 560 3421; x_wconf 88' lang='grc' dir='ltr'><strong>ΙΙΙ,</strong></span> <span class='ocrx_word' id='word_1_142' title='bbox 595 3355 680 3416; x_wconf 91' lang='grc'><strong>21,</strong></span> <span class='ocrx_word' id='word_1_143' title='bbox 722 3352 770 3407; x_wconf 88' lang='lat'><strong>8.</strong></span> <span class='ocrx_word' id='word_1_144' title='bbox 810 3352 851 3417; x_wconf 90' lang='lat'><strong>1,</strong></span> <span class='ocrx_word' id='word_1_145' title='bbox 877 3355 966 3421; x_wconf 86' lang='grc'><strong>37,</strong></span> <span class='ocrx_word' id='word_1_146' title='bbox 993 3355 1044 3408; x_wconf 91' lang='grc'><strong>5.</strong></span> <span class='ocrx_word' id='word_1_147' title='bbox 1082 3370 1376 3409; x_wconf 82' lang='lat' dir='ltr'><strong>-morem</strong></span> <span class='ocrx_word' id='word_1_148' title='bbox 1410 3372 1474 3409; x_wconf 83' lang='lat' dir='ltr'><strong>m</strong></span> <span class='ocrx_word' id='word_1_149' title='bbox 1508 3354 1609 3409; x_wconf 80' lang='lat' dir='ltr'><strong>Sa·</strong></span> 
     </span>
     <span class='ocr_line' id='line_1_32' title="bbox 458 3423 1611 3494; baseline -0.002 -13"><span class='ocrx_word' id='word_1_150' title='bbox 458 3423 620 3494; x_wconf 78' lang='lat' dir='ltr'><strong>lium]</strong></span> <span class='ocrx_word' id='word_1_151' title='bbox 659 3424 797 3479; x_wconf 86' lang='lat' dir='ltr'><strong>Salii</strong></span> <span class='ocrx_word' id='word_1_152' title='bbox 833 3424 1033 3479; x_wconf 81' lang='lat' dir='ltr'><strong>Martis</strong></span> <span class='ocrx_word' id='word_1_153' title='bbox 1079 3424 1395 3481; x_wconf 79' lang='lat' dir='ltr'><strong>sacerdotes</strong></span> <span class='ocrx_word' id='word_1_154' title='bbox 1443 3426 1611 3481; x_wconf 87' lang='lat' dir='ltr'><strong>certis</strong></span> 
     </span>
     <span class='ocr_line' id='line_1_33' title="bbox 462 3496 1613 3567; baseline 0.001 -16"><span class='ocrx_word' id='word_1_155' title='bbox 462 3496 594 3551; x_wconf 85' lang='lat' dir='ltr'><strong>anni</strong></span> <span class='ocrx_word' id='word_1_156' title='bbox 647 3497 995 3566; x_wconf 86' lang='lat' dir='ltr'><strong>temporibus</strong></span> <span class='ocrx_word' id='word_1_157' title='bbox 1050 3513 1179 3550; x_wconf 90' lang='lat' dir='ltr'><strong>cum</strong></span> <span class='ocrx_word' id='word_1_158' title='bbox 1233 3497 1496 3567; x_wconf 83' lang='lat' dir='ltr'><strong>tripudiis</strong></span> <span class='ocrx_word' id='word_1_159' title='bbox 1554 3500 1613 3552; x_wconf 84' lang='lat' dir='ltr'><strong>et</strong></span> 
     </span>
     <span class='ocr_line' id='line_1_34' title="bbox 463 3567 1611 3625; baseline 0.002 -4"><span class='ocrx_word' id='word_1_160' title='bbox 463 3567 824 3621; x_wconf 85' lang='lat' dir='ltr'><strong>sollemnibus</strong></span> <span class='ocrx_word' id='word_1_161' title='bbox 859 3568 1098 3623; x_wconf 87' lang='lat' dir='ltr'><strong>saltibus</strong></span> <span class='ocrx_word' id='word_1_162' title='bbox 1137 3569 1386 3623; x_wconf 85' lang='lat' dir='ltr'><strong>earmina</strong></span> <span class='ocrx_word' id='word_1_163' title='bbox 1421 3572 1611 3625; x_wconf 81' lang='lat' dir='ltr'><strong>canta-</strong></span> 
     </span>
     <span class='ocr_line' id='line_1_35' title="bbox 463 3638 1610 3709; baseline 0.001 -16"><span class='ocrx_word' id='word_1_164' title='bbox 463 3639 618 3693; x_wconf 82' lang='lat' dir='ltr'><strong>bant.</strong></span> <span class='ocrx_word' id='word_1_165' title='bbox 666 3639 735 3693; x_wconf 89' lang='lat' dir='ltr'><strong>cf.</strong></span> <span class='ocrx_word' id='word_1_166' title='bbox 773 3638 869 3709; x_wconf 86' lang='lat' dir='ltr'><strong>IV,</strong></span> <span class='ocrx_word' id='word_1_167' title='bbox 912 3642 960 3707; x_wconf 90' lang='grc'><strong>1,</strong></span> <span class='ocrx_word' id='word_1_168' title='bbox 1001 3642 1087 3693; x_wconf 88' lang='grc'><strong>28.</strong></span> <span class='ocrx_word' id='word_1_169' title='bbox 1137 3640 1260 3694; x_wconf 81' lang='lat' dir='ltr'><strong>Liv.</strong></span> <span class='ocrx_word' id='word_1_170' title='bbox 1298 3640 1340 3700; x_wconf 87' lang='lat'><strong>1,</strong></span> <span class='ocrx_word' id='word_1_171' title='bbox 1380 3642 1467 3695; x_wconf 82' lang='lat'><strong>20.</strong></span> <span class='ocrx_word' id='word_1_172' title='bbox 1519 3640 1610 3694; x_wconf 90' lang='lat' dir='ltr'><strong>Ti·</strong></span> 
     </span>
     <span class='ocr_line' id='line_1_36' title="bbox 463 3679 1611 3767; baseline 0 -2"><span class='ocrx_word' id='word_1_173' title='bbox 463 3710 604 3765; x_wconf 88' lang='lat' dir='ltr'><strong>bure</strong></span> <span class='ocrx_word' id='word_1_174' title='bbox 641 3710 812 3765; x_wconf 87' lang='lat' dir='ltr'><strong>etiam</strong></span> <span class='ocrx_word' id='word_1_175' title='bbox 849 3679 986 3766; x_wconf 68' lang='lat' dir='ltr'><strong>’Salii</strong></span> <span class='ocrx_word' id='word_1_176' title='bbox 1024 3718 1186 3766; x_wconf 87' lang='lat' dir='ltr'><strong>erant</strong></span> <span class='ocrx_word' id='word_1_177' title='bbox 1221 3712 1478 3767; x_wconf 84' lang='lat' dir='ltr'><strong>Herculis</strong></span> <span class='ocrx_word' id='word_1_178' title='bbox 1527 3730 1611 3765; x_wconf 88' lang='lat' dir='ltr'><strong>sa·</strong></span> 
     </span>
     <span class='ocr_line' id='line_1_37' title="bbox 463 3782 1611 3853; baseline 0 -16"><span class='ocrx_word' id='word_1_179' title='bbox 463 3782 732 3837; x_wconf 86' lang='lat' dir='ltr'><strong>cerdotes.</strong></span> <span class='ocrx_word' id='word_1_180' title='bbox 806 3782 876 3836; x_wconf 87' lang='lat' dir='ltr'><strong>cf.</strong></span> <span class='ocrx_word' id='word_1_181' title='bbox 913 3783 1080 3853; x_wconf 80' lang='lat' dir='ltr'><strong>Verg.</strong></span> <span class='ocrx_word' id='word_1_182' title='bbox 1118 3786 1260 3837; x_wconf 89' lang='lat' dir='ltr'><strong>Aen.</strong></span> <span class='ocrx_word' id='word_1_183' title='bbox 1299 3784 1450 3852; x_wconf 88' lang='lat' dir='ltr'><strong>VIII,</strong></span> <span class='ocrx_word' id='word_1_184' title='bbox 1487 3784 1611 3837; x_wconf 89' lang='grc'><strong>285.</strong></span> 
     </span>
     <span class='ocr_line' id='line_1_38' title="bbox 461 3852 1613 3921; baseline 0 -12"><span class='ocrx_word' id='word_1_185' title='bbox 461 3852 672 3909; x_wconf 74' lang='lat' dir='ltr'><strong>Salium</strong></span> <span class='ocrx_word' id='word_1_186' title='bbox 708 3853 1049 3909; x_wconf 84' lang='lat' dir='ltr'><strong>adiectivum</strong></span> <span class='ocrx_word' id='word_1_187' title='bbox 1079 3872 1194 3909; x_wconf 90' lang='lat' dir='ltr'><strong>esse</strong></span> <span class='ocrx_word' id='word_1_188' title='bbox 1219 3854 1460 3921; x_wconf 85' lang='lat' dir='ltr'><strong>videtur,</strong></span> <span class='ocrx_word' id='word_1_189' title='bbox 1499 3872 1613 3909; x_wconf 91' lang='lat' dir='ltr'><strong>non</strong></span> 
     </span>
     <span class='ocr_line' id='line_1_39' title="bbox 461 3924 1613 3996; baseline 0.002 -17"><span class='ocrx_word' id='word_1_190' title='bbox 461 3930 644 3995; x_wconf 84' lang='lat' dir='ltr'><strong>genet.</strong></span> <span class='ocrx_word' id='word_1_191' title='bbox 682 3925 830 3994; x_wconf 85' lang='lat' dir='ltr'><strong>plur.</strong></span> <span class='ocrx_word' id='word_1_192' title='bbox 867 3943 972 3995; x_wconf 91' lang='lat' dir='ltr'><strong>pro</strong></span> <span class='ocrx_word' id='word_1_193' title='bbox 989 3924 1290 3995; x_wconf 78' lang='lat' dir='ltr'><strong>Saliorum3</strong></span> <span class='ocrx_word' id='word_1_194' title='bbox 1333 3926 1613 3996; x_wconf 84' lang='lat' dir='ltr'><strong>(Genetivi</strong></span> 
     </span>
     <span class='ocr_line' id='line_1_40' title="bbox 463 3996 1613 4068; baseline 0 -17"><span class='ocrx_word' id='word_1_195' title='bbox 463 3996 524 4051; x_wconf 87' lang='lat' dir='ltr'><strong>in</strong></span> <span class='ocrx_word' id='word_1_196' title='bbox 571 4014 660 4051; x_wconf 81' lang='lat' dir='ltr'><strong>um</strong></span> <span class='ocrx_word' id='word_1_197' title='bbox 705 3998 959 4051; x_wconf 81' lang='lat' dir='ltr'><strong>exeuntis</strong></span> <span class='ocrx_word' id='word_1_198' title='bbox 1010 4015 1113 4066; x_wconf 86' lang='lat' dir='ltr'><strong>pro</strong></span> <span class='ocrx_word' id='word_1_199' title='bbox 1151 4012 1306 4053; x_wconf 72' lang='lat' dir='ltr'><strong>orum</strong></span> <span class='ocrx_word' id='word_1_200' title='bbox 1351 4002 1613 4068; x_wconf 86' lang='lat' dir='ltr'><strong>„praeter</strong></span> 
     </span>
     <span class='ocr_line' id='line_1_41' title="bbox 463 4068 1613 4139; baseline 0.002 -16"><span class='ocrx_word' id='word_1_201' title='bbox 463 4068 620 4123; x_wconf 77' lang='lat' dir='ltr'><strong>deum</strong></span> <span class='ocrx_word' id='word_1_202' title='bbox 657 4074 715 4123; x_wconf 88' lang='lat' dir='ltr'><strong>et</strong></span> <span class='ocrx_word' id='word_1_203' title='bbox 749 4086 1025 4123; x_wconf 65' lang='lat' dir='ltr'><strong>’iuvimum</strong></span> <span class='ocrx_word' id='word_1_204' title='bbox 1061 4070 1278 4123; x_wconf 91' lang='lat' dir='ltr'><strong>nullum</strong></span> <span class='ocrx_word' id='word_1_205' title='bbox 1315 4070 1464 4139; x_wconf 86' lang='lat' dir='ltr'><strong>apud</strong></span> <span class='ocrx_word' id='word_1_206' title='bbox 1500 4070 1613 4124; x_wconf 89' lang='lat' dir='ltr'><strong>Ho-</strong></span> 
     </span>
     <span class='ocr_line' id='line_1_42' title="bbox 463 4140 1615 4211; baseline 0.001 -17"><span class='ocrx_word' id='word_1_207' title='bbox 463 4140 674 4195; x_wconf 88' lang='lat' dir='ltr'><strong>ratium</strong></span> <span class='ocrx_word' id='word_1_208' title='bbox 712 4140 1015 4211; x_wconf 82' lang='lat' dir='ltr'><strong>vestigium</strong></span> <span class='ocrx_word' id='word_1_209' title='bbox 1051 4146 1149 4195; x_wconf 88' lang='lat' dir='ltr'><strong>est.</strong></span> <span class='ocrx_word' id='word_1_210' title='bbox 1155 4141 1188 4170; x_wconf 91' lang='lat'>“</span> <span class='ocrx_word' id='word_1_211' title='bbox 1265 4140 1505 4196; x_wconf 84' lang='lat' dir='ltr'><strong>Meinek.</strong></span> <span class='ocrx_word' id='word_1_212' title='bbox 1541 4142 1615 4195; x_wconf 88' lang='lat' dir='ltr'><strong>ad</strong></span> 
     </span>
     <span class='ocr_line' id='line_1_43' title="bbox 467 4210 1615 4281; baseline 0 -15"><span class='ocrx_word' id='word_1_213' title='bbox 467 4210 844 4279; x_wconf 85' lang='lat' dir='ltr'><strong>Carm.H,2,</strong></span> <span class='ocrx_word' id='word_1_214' title='bbox 887 4212 994 4281; x_wconf 89' lang='grc'><strong>18.)</strong></span> <span class='ocrx_word' id='word_1_215' title='bbox 1058 4211 1420 4267; x_wconf 85' lang='lat' dir='ltr'><strong>nominantur</strong></span> <span class='ocrx_word' id='word_1_216' title='bbox 1465 4213 1615 4267; x_wconf 90' lang='lat' dir='ltr'><strong>enim</strong></span> 
     </span>
     <span class='ocr_line' id='line_1_44' title="bbox 463 4281 1614 4353; baseline 0 -16"><span class='ocrx_word' id='word_1_217' title='bbox 463 4281 646 4337; x_wconf 73' lang='lat' dir='ltr'><strong>Saliae</strong></span> <span class='ocrx_word' id='word_1_218' title='bbox 683 4283 856 4338; x_wconf 85' lang='lat' dir='ltr'><strong>etiam</strong></span> <span class='ocrx_word' id='word_1_219' title='bbox 890 4284 1157 4353; x_wconf 81' lang='lat' dir='ltr'><strong>virgines.</strong></span> <span class='ocrx_word' id='word_1_220' title='bbox 1196 4312 1264 4322; x_wconf 90' lang='lat'>—</span> <span class='ocrx_word' id='word_1_221' title='bbox 1301 4284 1463 4339; x_wconf 77' lang='lat' dir='ltr'><strong>multi</strong></span> <span class='ocrx_word' id='word_1_222' title='bbox 1493 4284 1614 4338; x_wconf 85' lang='lat' dir='ltr'><strong>Da·</strong></span> 
     </span>
     <span class='ocr_line' id='line_1_45' title="bbox 465 4352 1615 4437; baseline 0.001 -30"><span class='ocrx_word' id='word_1_223' title='bbox 465 4352 626 4408; x_wconf 78' lang='lat' dir='ltr'><strong>malis</strong></span> <span class='ocrx_word' id='word_1_224' title='bbox 687 4354 844 4424; x_wconf 77' lang='lat' dir='ltr'><strong>meri]</strong></span> <span class='ocrx_word' id='word_1_225' title='bbox 917 4354 1058 4409; x_wconf 85' lang='lat' dir='ltr'><strong>Late</strong></span> <span class='ocrx_word' id='word_1_226' title='bbox 1125 4358 1283 4422; x_wconf 84' lang='lat' dir='ltr'><strong>patet</strong></span> <span class='ocrx_word' id='word_1_227' title='bbox 1343 4356 1615 4437; x_wconf 67' lang='lat' dir='ltr'><strong>genetivi,</strong></span> 
     </span>
     <span class='ocr_line' id='line_1_46' title="bbox 469 4426 1616 4497; baseline 0.003 -19"><span class='ocrx_word' id='word_1_228' title='bbox 469 4440 636 4493; x_wconf 89' lang='lat' dir='ltr'><strong>quem</strong></span> <span class='ocrx_word' id='word_1_229' title='bbox 673 4426 961 4493; x_wconf 77' lang='lat' dir='ltr'><strong>qualitatis</strong></span> <span class='ocrx_word' id='word_1_230' title='bbox 1002 4427 1358 4497; x_wconf 82' lang='lat' dir='ltr'><strong>grammatici</strong></span> <span class='ocrx_word' id='word_1_231' title='bbox 1393 4432 1616 4495; x_wconf 84' lang='lat' dir='ltr'><strong>vocant,</strong></span> 
     </span>
     <span class='ocr_line' id='line_1_47' title="bbox 469 4466 1617 4566; baseline 0.005 -18"><span class='ocrx_word' id='word_1_232' title='bbox 469 4496 620 4564; x_wconf 84' lang='lat' dir='ltr'><strong>apud</strong></span> <span class='ocrx_word' id='word_1_233' title='bbox 671 4494 952 4552; x_wconf 85' lang='lat' dir='ltr'><strong>Romanos</strong></span> <span class='ocrx_word' id='word_1_234' title='bbox 1005 4513 1164 4558; x_wconf 87' lang='lat' dir='ltr'><strong>usus,</strong></span> <span class='ocrx_word' id='word_1_235' title='bbox 1233 4514 1412 4566; x_wconf 89' lang='lat' dir='ltr'><strong>neque</strong></span> <span class='ocrx_word' id='word_1_236' title='bbox 1464 4466 1617 4565; x_wconf 74' lang='lat' dir='ltr'><strong>apud’</strong></span> 
     </span>
     <span class='ocr_line' id='line_1_48' title="bbox 468 4566 1615 4638; baseline 0.003 -18"><span class='ocrx_word' id='word_1_237' title='bbox 468 4570 664 4635; x_wconf 79' lang='lat' dir='ltr'><strong>poetas</strong></span> <span class='ocrx_word' id='word_1_238' title='bbox 710 4566 892 4622; x_wconf 87' lang='lat' dir='ltr'><strong>solum</strong></span> <span class='ocrx_word' id='word_1_239' title='bbox 937 4568 1034 4623; x_wconf 86' lang='lat' dir='ltr'><strong>sed</strong></span> <span class='ocrx_word' id='word_1_240' title='bbox 1069 4569 1242 4624; x_wconf 87' lang='lat' dir='ltr'><strong>etiam</strong></span> <span class='ocrx_word' id='word_1_241' title='bbox 1278 4568 1431 4638; x_wconf 82' lang='lat' dir='ltr'><strong>apud</strong></span> <span class='ocrx_word' id='word_1_242' title='bbox 1465 4568 1615 4624; x_wconf 85' lang='lat' dir='ltr'><strong>Cice-</strong></span> 
     </span>
    </p>
   </div>
   <div class='ocr_carea' id='block_1_8' title="bbox 1706 2418 2873 4425">
    <p class='ocr_par' dir='ltr' id='par_1_8' title="bbox 1706 2418 2871 3635">
     <span class='ocr_line' id='line_1_49' title="bbox 1706 2418 2867 2488; baseline -0.003 -11"><span class='ocrx_word' id='word_1_243' title='bbox 1706 2438 1903 2477; x_wconf 88' lang='lat' dir='ltr'><strong>ronem</strong></span> <span class='ocrx_word' id='word_1_244' title='bbox 1940 2421 2013 2476; x_wconf 83' lang='lat' dir='ltr'><strong>sd</strong></span> <span class='ocrx_word' id='word_1_245' title='bbox 2050 2420 2207 2477; x_wconf 88' lang='lat' dir='ltr'><strong>Fam.</strong></span> <span class='ocrx_word' id='word_1_246' title='bbox 2244 2419 2343 2488; x_wconf 86' lang='lat' dir='ltr'><strong>IX,</strong></span> <span class='ocrx_word' id='word_1_247' title='bbox 2380 2419 2475 2473; x_wconf 81' lang='lat'><strong>26:</strong></span> <span class='ocrx_word' id='word_1_248' title='bbox 2515 2418 2719 2487; x_wconf 87' lang='lat' dir='ltr'><strong>„homo</strong></span> <span class='ocrx_word' id='word_1_249' title='bbox 2750 2437 2867 2475; x_wconf 89' lang='lat' dir='ltr'><strong>non</strong></span> 
     </span>
     <span class='ocr_line' id='line_1_50' title="bbox 1708 2490 2868 2549; baseline -0.002 -1"><span class='ocrx_word' id='word_1_250' title='bbox 1708 2494 1873 2549; x_wconf 85' lang='lat' dir='ltr'><strong>multi</strong></span> <span class='ocrx_word' id='word_1_251' title='bbox 1894 2493 2007 2548; x_wconf 90' lang='lat' dir='ltr'><strong>cibi</strong></span> <span class='ocrx_word' id='word_1_252' title='bbox 2029 2493 2126 2547; x_wconf 87' lang='lat' dir='ltr'><strong>sed</strong></span> <span class='ocrx_word' id='word_1_253' title='bbox 2151 2492 2318 2546; x_wconf 87' lang='lat' dir='ltr'><strong>multi</strong></span> <span class='ocrx_word' id='word_1_254' title='bbox 2343 2490 2507 2545; x_wconf 87' lang='lat' dir='ltr'><strong>ioci.“</strong></span> <span class='ocrx_word' id='word_1_255' title='bbox 2540 2490 2705 2546; x_wconf 83' lang='lat' dir='ltr'><strong>Ovid.</strong></span> <span class='ocrx_word' id='word_1_256' title='bbox 2726 2490 2868 2546; x_wconf 75' lang='lat' dir='ltr'><strong>Met.</strong></span> 
     </span>
     <span class='ocr_line' id='line_1_51' title="bbox 1708 2561 2867 2632; baseline -0.003 -12"><span class='ocrx_word' id='word_1_257' title='bbox 1708 2566 1859 2630; x_wconf 88' lang='lat' dir='ltr'><strong>XIV,</strong></span> <span class='ocrx_word' id='word_1_258' title='bbox 1894 2566 2015 2619; x_wconf 88' lang='grc'><strong>252.</strong></span> <span class='ocrx_word' id='word_1_259' title='bbox 2067 2594 2135 2603; x_wconf 92' lang='grc'><strong>-</strong></span> <span class='ocrx_word' id='word_1_260' title='bbox 2188 2561 2452 2632; x_wconf 72' lang='lat' dir='ltr'><strong>Bassum]</strong></span> <span class='ocrx_word' id='word_1_261' title='bbox 2502 2561 2639 2630; x_wconf 81' lang='lat' dir='ltr'><strong>Quis</strong></span> <span class='ocrx_word' id='word_1_262' title='bbox 2686 2562 2867 2617; x_wconf 87' lang='lat' dir='ltr'><strong>fuerit</strong></span> 
     </span>
     <span class='ocr_line' id='line_1_52' title="bbox 1708 2636 2869 2704; baseline -0.003 -12"><span class='ocrx_word' id='word_1_263' title='bbox 1708 2638 1909 2692; x_wconf 84' lang='lat' dir='ltr'><strong>Bassus</strong></span> <span class='ocrx_word' id='word_1_264' title='bbox 1944 2636 2248 2704; x_wconf 81' lang='lat' dir='ltr'><strong>nescimus3</strong></span> <span class='ocrx_word' id='word_1_265' title='bbox 2283 2639 2491 2689; x_wconf 84' lang='lat' dir='ltr'><strong>natura</strong></span> <span class='ocrx_word' id='word_1_266' title='bbox 2524 2638 2717 2689; x_wconf 83' lang='lat' dir='ltr'><strong>autem</strong></span> <span class='ocrx_word' id='word_1_267' title='bbox 2754 2636 2869 2691; x_wconf 82' lang='lat' dir='ltr'><strong>loci</strong></span> 
     </span>
     <span class='ocr_line' id='line_1_53' title="bbox 1708 2706 2869 2776; baseline -0.003 -13"><span class='ocrx_word' id='word_1_268' title='bbox 1708 2709 1838 2776; x_wconf 82' lang='lat' dir='ltr'><strong>fert,</strong></span> <span class='ocrx_word' id='word_1_269' title='bbox 1877 2712 1943 2762; x_wconf 88' lang='lat' dir='ltr'><strong>ut</strong></span> <span class='ocrx_word' id='word_1_270' title='bbox 1980 2726 2107 2763; x_wconf 90' lang='lat' dir='ltr'><strong>eum</strong></span> <span class='ocrx_word' id='word_1_271' title='bbox 2144 2708 2205 2762; x_wconf 91' lang='lat' dir='ltr'><strong>in</strong></span> <span class='ocrx_word' id='word_1_272' title='bbox 2240 2706 2450 2761; x_wconf 86' lang='lat' dir='ltr'><strong>talibus</strong></span> <span class='ocrx_word' id='word_1_273' title='bbox 2492 2708 2869 2776; x_wconf 81' lang='lat' dir='ltr'><strong>compotatio-</strong></span> 
     </span>
     <span class='ocr_line' id='line_1_54' title="bbox 1708 2776 2871 2835; baseline -0.001 0"><span class='ocrx_word' id='word_1_274' title='bbox 1708 2781 1875 2835; x_wconf 89' lang='lat' dir='ltr'><strong>nibus</strong></span> <span class='ocrx_word' id='word_1_275' title='bbox 1910 2780 2225 2835; x_wconf 85' lang='lat' dir='ltr'><strong>modestum</strong></span> <span class='ocrx_word' id='word_1_276' title='bbox 2265 2778 2439 2833; x_wconf 86' lang='lat' dir='ltr'><strong>fuisse</strong></span> <span class='ocrx_word' id='word_1_277' title='bbox 2474 2776 2774 2833; x_wconf 80' lang='lat' dir='ltr'><strong>credamus</strong></span> <span class='ocrx_word' id='word_1_278' title='bbox 2808 2783 2871 2834; x_wconf 83' lang='lat' dir='ltr'><strong>et</strong></span> 
     </span>
     <span class='ocr_line' id='line_1_55' title="bbox 1710 2849 2865 2937; baseline -0.004 -30"><span class='ocrx_word' id='word_1_279' title='bbox 1710 2853 2100 2907; x_wconf 82' lang='lat' dir='ltr'><strong>abstinentem.</strong></span> <span class='ocrx_word' id='word_1_280' title='bbox 2152 2880 2217 2891; x_wconf 93' lang='lat'>—</span> <span class='ocrx_word' id='word_1_281' title='bbox 2262 2849 2553 2937; x_wconf 74' lang='lat' dir='ltr'><strong>amystide]</strong></span> <span class='ocrx_word' id='word_1_282' title='bbox 2602 2864 2865 2937; x_wconf 62' lang='grc' dir='ltr'><strong>εξμυστις.</strong></span> 
     </span>
     <span class='ocr_line' id='line_1_56' title="bbox 1710 2918 2871 3082; baseline -0.003 -31"><span class='ocrx_word' id='word_1_283' title='bbox 1710 2940 1950 3051; x_wconf 63' lang='lat'><strong>2‘2&#39;375.</strong></span> <span class='ocrx_word' id='word_1_284' title='bbox 1984 2944 2071 3050; x_wconf 68' lang='grc' dir='ltr'><strong>’ἑὲ</strong></span> <span class='ocrx_word' id='word_1_285' title='bbox 2084 2940 2303 3049; x_wconf 59' lang='grc' dir='ltr'><strong>ἒὲῗιὶᾶ</strong></span> <span class='ocrx_word' id='word_1_286' title='bbox 2312 2922 2411 3080; x_wconf 63' lang='grc' dir='ltr'><strong>’ἓξ</strong></span> <span class='ocrx_word' id='word_1_287' title='bbox 2442 2940 2533 3046; x_wconf 73' lang='lat'>1¹1⁰-</span> <span class='ocrx_word' id='word_1_288' title='bbox 2532 2940 2561 2973; x_wconf 81' lang='grc'>”</span> <span class='ocrx_word' id='word_1_289' title='bbox 2574 2918 2742 3061; x_wconf 60' lang='grc' dir='ltr'><strong>,,Ἅῖ</strong></span> <span class='ocrx_word' id='word_1_290' title='bbox 2752 2925 2871 3082; x_wconf 67' lang='grc' dir='ltr'><strong>’,ἷὲζ</strong></span> 
     </span>
     <span class='ocr_line' id='line_1_57' title="bbox 1710 3033 2871 3153; baseline -0.001 -31"><span class='ocrx_word' id='word_1_291' title='bbox 1710 3065 1741 3122; x_wconf 82' lang='grc' dir='ltr'>ὁ</span> <span class='ocrx_word' id='word_1_292' title='bbox 1800 3072 2133 3137; x_wconf 78' lang='grc' dir='ltr'><strong><em>Θρηϊκίην</em></strong></span> <span class='ocrx_word' id='word_1_293' title='bbox 2182 3065 2295 3137; x_wconf 80' lang='grc' dir='ltr'><strong>μὲν</strong></span> <span class='ocrx_word' id='word_1_294' title='bbox 2354 3033 2589 3131; x_wconf 76' lang='grc' dir='ltr'><em>ἅνηνατο</em></span> <span class='ocrx_word' id='word_1_295' title='bbox 2646 3064 2871 3153; x_wconf 71' lang='grc' dir='ltr'><strong><em>χανδὸν</em></strong></span> 
     </span>
     <span class='ocr_line' id='line_1_58' title="bbox 1711 3132 2869 3211; baseline -0.001 -19"><span class='ocrx_word' id='word_1_296' title='bbox 1711 3134 2401 3211; x_wconf 74' lang='grc' dir='ltr'><strong>ἄμυστινΖωροποτεῖν·</strong></span> <span class='ocrx_word' id='word_1_297' title='bbox 2426 3132 2595 3206; x_wconf 75' lang='grc' dir='ltr'><strong><em>ὀλίγῳ</em></strong></span> <span class='ocrx_word' id='word_1_298' title='bbox 2621 3136 2675 3188; x_wconf 80' lang='grc' dir='ltr'><strong>δ’</strong></span> <span class='ocrx_word' id='word_1_299' title='bbox 2706 3132 2869 3203; x_wconf 77' lang='grc' dir='ltr'><em>ἥδετο</em></span> 
     </span>
     <span class='ocr_line' id='line_1_59' title="bbox 1712 3208 2871 3279; baseline 0 -15"><span class='ocrx_word' id='word_1_300' title='bbox 1712 3215 1995 3279; x_wconf 77' lang='grc' dir='ltr'><strong>κισσυβίῳ.</strong></span> <span class='ocrx_word' id='word_1_301' title='bbox 1998 3212 2031 3241; x_wconf 85' lang='grc'>“</span> <span class='ocrx_word' id='word_1_302' title='bbox 2103 3208 2347 3263; x_wconf 87' lang='lat' dir='ltr'><strong>Thraces</strong></span> <span class='ocrx_word' id='word_1_303' title='bbox 2402 3208 2656 3263; x_wconf 87' lang='lat' dir='ltr'><strong>homines</strong></span> <span class='ocrx_word' id='word_1_304' title='bbox 2710 3210 2871 3264; x_wconf 85' lang='lat' dir='ltr'><strong>vino·</strong></span> 
     </span>
     <span class='ocr_line' id='line_1_60' title="bbox 1711 3280 2867 3351; baseline 0.001 -16"><span class='ocrx_word' id='word_1_305' title='bbox 1711 3282 1869 3337; x_wconf 84' lang='lat' dir='ltr'><strong>lenti.</strong></span> <span class='ocrx_word' id='word_1_306' title='bbox 1927 3282 2000 3336; x_wconf 88' lang='lat' dir='ltr'><strong>cf.</strong></span> <span class='ocrx_word' id='word_1_307' title='bbox 2036 3280 2220 3335; x_wconf 88' lang='lat' dir='ltr'><strong>Carm.</strong></span> <span class='ocrx_word' id='word_1_308' title='bbox 2262 3280 2303 3347; x_wconf 89' lang='lat'><strong>1,</strong></span> <span class='ocrx_word' id='word_1_309' title='bbox 2340 3280 2430 3343; x_wconf 88' lang='grc'><strong>27,</strong></span> <span class='ocrx_word' id='word_1_310' title='bbox 2466 3281 2516 3333; x_wconf 90' lang='grc'><strong>2.</strong></span> <span class='ocrx_word' id='word_1_311' title='bbox 2573 3308 2637 3319; x_wconf 90' lang='lat'><strong>-·</strong></span> <span class='ocrx_word' id='word_1_312' title='bbox 2682 3280 2867 3351; x_wconf 75' lang='lat' dir='ltr'><strong>rosas]</strong></span> 
     </span>
     <span class='ocr_line' id='line_1_61' title="bbox 1712 3320 2869 3420; baseline -0.001 -12"><span class='ocrx_word' id='word_1_313' title='bbox 1712 3354 1843 3408; x_wconf 79' lang='lat' dir='ltr'><strong>vide</strong></span> <span class='ocrx_word' id='word_1_314' title='bbox 1879 3354 1951 3408; x_wconf 87' lang='lat' dir='ltr'><strong>ad</strong></span> <span class='ocrx_word' id='word_1_315' title='bbox 1972 3354 2152 3407; x_wconf 85' lang='lat' dir='ltr'><strong>Carm.</strong></span> <span class='ocrx_word' id='word_1_316' title='bbox 2179 3320 2320 3419; x_wconf 83' lang='lat'><strong>11,3&#39;,</strong></span> <span class='ocrx_word' id='word_1_317' title='bbox 2351 3354 2435 3405; x_wconf 83' lang='lat'><strong>13.</strong></span> <span class='ocrx_word' id='word_1_318' title='bbox 2472 3350 2537 3404; x_wconf 93' lang='lat' dir='ltr'><strong>In</strong></span> <span class='ocrx_word' id='word_1_319' title='bbox 2574 3351 2869 3420; x_wconf 87' lang='lat' dir='ltr'><strong>insequen-</strong></span> 
     </span>
     <span class='ocr_line' id='line_1_62' title="bbox 1713 3423 2869 3480; baseline -0.002 -1"><span class='ocrx_word' id='word_1_320' title='bbox 1713 3426 1865 3480; x_wconf 89' lang='lat' dir='ltr'><strong>tibus</strong></span> <span class='ocrx_word' id='word_1_321' title='bbox 1902 3430 2091 3479; x_wconf 88' lang='lat' dir='ltr'><strong>autem</strong></span> <span class='ocrx_word' id='word_1_322' title='bbox 2122 3438 2287 3479; x_wconf 74' lang='grc' dir='ltr'><strong>υωαω</strong></span> <span class='ocrx_word' id='word_1_323' title='bbox 2314 3427 2375 3477; x_wconf 89' lang='lat' dir='ltr'><strong>et</strong></span> <span class='ocrx_word' id='word_1_324' title='bbox 2408 3424 2558 3478; x_wconf 77' lang='lat' dir='ltr'><strong>breve</strong></span> <span class='ocrx_word' id='word_1_325' title='bbox 2582 3423 2869 3478; x_wconf 75' lang='lat' dir='ltr'><strong>adjectiva</strong></span> 
     </span>
     <span class='ocr_line' id='line_1_63' title="bbox 1713 3493 2869 3564; baseline 0 -14"><span class='ocrx_word' id='word_1_326' title='bbox 1713 3496 1858 3551; x_wconf 86' lang='lat' dir='ltr'><strong>nihil</strong></span> <span class='ocrx_word' id='word_1_327' title='bbox 1884 3497 2084 3550; x_wconf 87' lang='lat' dir='ltr'><strong>volunt</strong></span> <span class='ocrx_word' id='word_1_328' title='bbox 2108 3493 2262 3549; x_wconf 83' lang='lat' dir='ltr'><strong>aliud</strong></span> <span class='ocrx_word' id='word_1_329' title='bbox 2287 3495 2397 3549; x_wconf 84' lang='lat' dir='ltr'><strong>nisi</strong></span> <span class='ocrx_word' id='word_1_330' title='bbox 2429 3498 2494 3548; x_wconf 89' lang='lat' dir='ltr'><strong>ut</strong></span> <span class='ocrx_word' id='word_1_331' title='bbox 2620 3498 2682 3550; x_wconf 85' lang='lat' dir='ltr'><strong>ta</strong></span> <span class='ocrx_word' id='word_1_332' title='bbox 2700 3512 2869 3564; x_wconf 80' lang='lat' dir='ltr'><strong>quae·</strong></span> 
     </span>
     <span class='ocr_line' id='line_1_64' title="bbox 1714 3567 2765 3635; baseline -0.001 -13"><span class='ocrx_word' id='word_1_333' title='bbox 1714 3569 1843 3623; x_wconf 87' lang='lat' dir='ltr'><strong>dam</strong></span> <span class='ocrx_word' id='word_1_334' title='bbox 1888 3567 2094 3622; x_wconf 87' lang='lat' dir='ltr'><strong>florum</strong></span> <span class='ocrx_word' id='word_1_335' title='bbox 2147 3567 2428 3635; x_wconf 85' lang='lat' dir='ltr'><strong>oppositio</strong></span> <span class='ocrx_word' id='word_1_336' title='bbox 2464 3584 2495 3621; x_wconf 87' lang='lat' dir='ltr'><strong>e</strong></span> <span class='ocrx_word' id='word_1_337' title='bbox 2559 3567 2765 3622; x_wconf 83' lang='lat' dir='ltr'><strong>ciatur.</strong></span> 
     </span>
    </p>

    <p class='ocr_par' dir='ltr' id='par_1_9' title="bbox 1707 3638 2873 4425">
     <span class='ocr_line' id='line_1_65' title="bbox 1707 3638 2871 3711; baseline 0.001 -18"><span class='ocrx_word' id='word_1_338' title='bbox 1707 3638 1924 3711; x_wconf 68' lang='lat' dir='ltr'><strong>putres]</strong></span> <span class='ocrx_word' id='word_1_339' title='bbox 1963 3639 2175 3693; x_wconf 89' lang='lat' dir='ltr'><strong>molles.</strong></span> <span class='ocrx_word' id='word_1_340' title='bbox 2214 3668 2279 3678; x_wconf 97' lang='lat'><strong>—</strong></span> <span class='ocrx_word' id='word_1_341' title='bbox 2328 3638 2621 3709; x_wconf 73' lang='lat' dir='ltr'><strong>deponent]</strong></span> <span class='ocrx_word' id='word_1_342' title='bbox 2668 3638 2729 3692; x_wconf 91' lang='lat' dir='ltr'><strong>in</strong></span> <span class='ocrx_word' id='word_1_343' title='bbox 2767 3639 2871 3694; x_wconf 85' lang='lat' dir='ltr'><strong>illa</strong></span> 
     </span>
     <span class='ocr_line' id='line_1_66' title="bbox 1714 3708 2871 3766; baseline -0.001 0"><span class='ocrx_word' id='word_1_344' title='bbox 1714 3712 1985 3766; x_wconf 85' lang='lat' dir='ltr'><strong>intuenda</strong></span> <span class='ocrx_word' id='word_1_345' title='bbox 2008 3708 2325 3765; x_wconf 88' lang='lat' dir='ltr'><strong>immobiles</strong></span> <span class='ocrx_word' id='word_1_346' title='bbox 2352 3709 2673 3764; x_wconf 81' lang='lat' dir='ltr'><strong>manebunt.</strong></span> <span class='ocrx_word' id='word_1_347' title='bbox 2706 3710 2871 3765; x_wconf 88' lang='lat' dir='ltr'><strong>Unde</strong></span> 
     </span>
     <span class='ocr_line' id='line_1_67' title="bbox 1714 3781 2871 3852; baseline 0 -15"><span class='ocrx_word' id='word_1_348' title='bbox 1714 3788 2001 3852; x_wconf 87' lang='lat' dir='ltr'><strong>sumptum</strong></span> <span class='ocrx_word' id='word_1_349' title='bbox 2036 3784 2111 3836; x_wconf 90' lang='lat' dir='ltr'><strong>sit</strong></span> <span class='ocrx_word' id='word_1_350' title='bbox 2148 3781 2505 3845; x_wconf 84' lang='lat' dir='ltr'><strong>vocabulum,</strong></span> <span class='ocrx_word' id='word_1_351' title='bbox 2546 3782 2767 3837; x_wconf 86' lang='lat' dir='ltr'><strong>videbis</strong></span> <span class='ocrx_word' id='word_1_352' title='bbox 2802 3800 2871 3837; x_wconf 80' lang='lat' dir='ltr'><strong>ex</strong></span> 
     </span>
     <span class='ocr_line' id='line_1_68' title="bbox 1715 3822 2869 3922; baseline -0.001 -13"><span class='ocrx_word' id='word_1_353' title='bbox 1715 3856 1836 3909; x_wconf 85' lang='lat' dir='ltr'><strong>loco</strong></span> <span class='ocrx_word' id='word_1_354' title='bbox 1876 3854 2155 3909; x_wconf 85' lang='lat' dir='ltr'><strong>Ciceronis</strong></span> <span class='ocrx_word' id='word_1_355' title='bbox 2192 3854 2261 3907; x_wconf 89' lang='lat' dir='ltr'><strong>ds</strong></span> <span class='ocrx_word' id='word_1_356' title='bbox 2300 3852 2392 3907; x_wconf 83' lang='lat' dir='ltr'><strong>off.</strong></span> <span class='ocrx_word' id='word_1_357' title='bbox 2419 3822 2519 3922; x_wconf 75' lang='lat'><strong>111⁹,</strong></span> <span class='ocrx_word' id='word_1_358' title='bbox 2543 3853 2631 3917; x_wconf 83' lang='lat'><strong>25,</strong></span> <span class='ocrx_word' id='word_1_359' title='bbox 2656 3856 2705 3908; x_wconf 95' lang='lat'><strong>6.</strong></span> <span class='ocrx_word' id='word_1_360' title='bbox 2724 3858 2779 3908; x_wconf 92' lang='grc'><strong>7.</strong></span> <span class='ocrx_word' id='word_1_361' title='bbox 2802 3884 2869 3893; x_wconf 91' lang='lat'>-</span> 
     </span>
     <span class='ocr_line' id='line_1_69' title="bbox 1716 3924 2873 4008; baseline -0.002 -27"><span class='ocrx_word' id='word_1_362' title='bbox 1716 3926 2078 4008; x_wconf 70' lang='lat' dir='ltr'><strong>ambitiosior]</strong></span> <span class='ocrx_word' id='word_1_363' title='bbox 2118 3924 2208 3993; x_wconf 88' lang='lat' dir='ltr'><strong>Ep</strong></span> <span class='ocrx_word' id='word_1_364' title='bbox 2210 3924 2298 3979; x_wconf 91' lang='lat' dir='ltr'><strong>od.</strong></span> <span class='ocrx_word' id='word_1_365' title='bbox 2323 3926 2407 3992; x_wconf 86' lang='lat'><strong>15,</strong></span> <span class='ocrx_word' id='word_1_366' title='bbox 2432 3928 2497 3993; x_wconf 83' lang='grc'><strong>5;</strong></span> <span class='ocrx_word' id='word_1_367' title='bbox 2532 3925 2873 3979; x_wconf 85' lang='lat' dir='ltr'><strong>vocabulum</strong></span> 
     </span>
     <span class='ocr_line' id='line_1_70' title="bbox 1716 3942 2873 4067; baseline -0.001 -15"><span class='ocrx_word' id='word_1_368' title='bbox 1716 3998 1773 4052; x_wconf 86' lang='lat' dir='ltr'><strong>h.</strong></span> <span class='ocrx_word' id='word_1_369' title='bbox 1813 3997 1848 4049; x_wconf 80' lang='lat'><strong>1.</strong></span> <span class='ocrx_word' id='word_1_370' title='bbox 1888 3998 2132 4065; x_wconf 83' lang='lat' dir='ltr'><strong>primam</strong></span> <span class='ocrx_word' id='word_1_371' title='bbox 2168 3942 2544 4065; x_wconf 68' lang='lat' dir='ltr'><strong>amplecten’di</strong></span> <span class='ocrx_word' id='word_1_372' title='bbox 2586 3996 2873 4067; x_wconf 76' lang='lat' dir='ltr'><strong>significa-</strong></span> 
     </span>
     <span class='ocr_line' id='line_1_71' title="bbox 1716 4066 2871 4139; baseline 0 -16"><span class='ocrx_word' id='word_1_373' title='bbox 1716 4070 1933 4123; x_wconf 89' lang='lat' dir='ltr'><strong>tionem</strong></span> <span class='ocrx_word' id='word_1_374' title='bbox 1960 4068 2196 4122; x_wconf 76' lang='lat' dir='ltr'><strong>retinuit</strong></span> <span class='ocrx_word' id='word_1_375' title='bbox 2220 4068 2293 4121; x_wconf 86' lang='lat' dir='ltr'><strong>cf.</strong></span> <span class='ocrx_word' id='word_1_376' title='bbox 2315 4066 2604 4122; x_wconf 84' lang='lat' dir='ltr'><strong>Claudian</strong></span> <span class='ocrx_word' id='word_1_377' title='bbox 2628 4069 2691 4121; x_wconf 90' lang='lat' dir='ltr'><strong>in</strong></span> <span class='ocrx_word' id='word_1_378' title='bbox 2708 4072 2871 4139; x_wconf 86' lang='lat' dir='ltr'><strong>nupt.</strong></span> 
     </span>
     <span class='ocr_line' id='line_1_72' title="bbox 1718 4138 2873 4207; baseline 0 -12"><span class='ocrx_word' id='word_1_379' title='bbox 1718 4142 1925 4195; x_wconf 90' lang='lat' dir='ltr'><strong>Honor.</strong></span> <span class='ocrx_word' id='word_1_380' title='bbox 1950 4145 2007 4193; x_wconf 88' lang='lat' dir='ltr'><strong>et</strong></span> <span class='ocrx_word' id='word_1_381' title='bbox 2024 4139 2166 4194; x_wconf 84' lang='lat' dir='ltr'><strong>Mar.</strong></span> <span class='ocrx_word' id='word_1_382' title='bbox 2192 4138 2460 4193; x_wconf 87' lang='lat' dir='ltr'><strong>Fescenn.</strong></span> <span class='ocrx_word' id='word_1_383' title='bbox 2488 4140 2654 4207; x_wconf 77' lang='lat'><strong>4,18.</strong></span> <span class='ocrx_word' id='word_1_384' title='bbox 2696 4139 2873 4207; x_wconf 85' lang='lat' dir='ltr'><strong>„Tam</strong></span> 
     </span>
     <span class='ocr_line' id='line_1_73' title="bbox 1718 4178 2871 4279; baseline -0.002 -12"><span class='ocrx_word' id='word_1_385' title='bbox 1718 4213 1923 4267; x_wconf 86' lang='lat' dir='ltr'><strong>iunctis</strong></span> <span class='ocrx_word' id='word_1_386' title='bbox 1944 4211 2202 4266; x_wconf 86' lang='lat' dir='ltr'><strong>manibus</strong></span> <span class='ocrx_word' id='word_1_387' title='bbox 2220 4210 2433 4265; x_wconf 83' lang='lat' dir='ltr'><strong>nectite</strong></span> <span class='ocrx_word' id='word_1_388' title='bbox 2450 4178 2676 4265; x_wconf 80' lang='lat' dir='ltr'><strong>viiicula</strong></span> <span class='ocrx_word' id='word_1_389' title='bbox 2690 4210 2871 4279; x_wconf 80' lang='lat' dir='ltr'><strong>Quam</strong></span> 
     </span>
     <span class='ocr_line' id='line_1_74' title="bbox 1718 4282 2873 4353; baseline -0.002 -15"><span class='ocrx_word' id='word_1_390' title='bbox 1718 4282 1984 4338; x_wconf 86' lang='lat' dir='ltr'><strong>frondens</strong></span> <span class='ocrx_word' id='word_1_391' title='bbox 2020 4282 2228 4338; x_wconf 85' lang='lat' dir='ltr'><strong>hedera</strong></span> <span class='ocrx_word' id='word_1_392' title='bbox 2264 4282 2564 4353; x_wconf 77' lang='lat' dir='ltr'><strong>stringitur</strong></span> <span class='ocrx_word' id='word_1_393' title='bbox 2600 4284 2873 4350; x_wconf 87' lang='lat' dir='ltr'><strong>aesculus,</strong></span> 
     </span>
     <span class='ocr_line' id='line_1_75' title="bbox 1720 4354 2871 4425; baseline 0 -16"><span class='ocrx_word' id='word_1_394' title='bbox 1720 4354 1899 4423; x_wconf 77' lang='lat' dir='ltr'><strong>Quam</strong></span> <span class='ocrx_word' id='word_1_395' title='bbox 1959 4355 2111 4409; x_wconf 85' lang='lat' dir='ltr'><strong>lento</strong></span> <span class='ocrx_word' id='word_1_396' title='bbox 2158 4354 2435 4424; x_wconf 86' lang='lat' dir='ltr'><strong>premitur</strong></span> <span class='ocrx_word' id='word_1_397' title='bbox 2482 4354 2717 4422; x_wconf 86' lang='lat' dir='ltr'><strong>palmite</strong></span> <span class='ocrx_word' id='word_1_398' title='bbox 2776 4372 2871 4425; x_wconf 86' lang='lat' dir='ltr'><strong>po·</strong></span> 
     </span>
    </p>
   </div>
   <div class='ocr_carea' id='block_1_9' title="bbox 1718 4426 2871 4638">
    <p class='ocr_par' dir='ltr' id='par_1_10' title="bbox 1718 4426 2871 4638">
     <span class='ocr_line' id='line_1_76' title="bbox 1718 4426 1939 4498; baseline -0.014 -17"><span class='ocrx_word' id='word_1_399' title='bbox 1718 4426 1939 4498; x_wconf 87' lang='lat' dir='ltr'><strong>pulus.“</strong></span> 
     </span>
     <span class='ocr_line' id='line_1_77' title="bbox 2000 4495 2601 4553; baseline -0.005 0"><span class='ocrx_word' id='word_1_400' title='bbox 2000 4498 2283 4553; x_wconf 82' lang='lat' dir='ltr'><strong>Carmen</strong></span> <span class='ocrx_word' id='word_1_401' title='bbox 2322 4495 2601 4551; x_wconf 81' lang='lat' dir='ltr'><strong>XXXVII.</strong></span> 
     </span>
     <span class='ocr_line' id='line_1_78' title="bbox 1794 4566 2871 4638; baseline -0.001 -14"><span class='ocrx_word' id='word_1_402' title='bbox 1794 4568 1934 4624; x_wconf 85' lang='lat' dir='ltr'><strong>Cum</strong></span> <span class='ocrx_word' id='word_1_403' title='bbox 1978 4584 2029 4623; x_wconf 82' lang='lat' dir='ltr'><strong>a.</strong></span> <span class='ocrx_word' id='word_1_404' title='bbox 2068 4586 2120 4624; x_wconf 91' lang='lat' dir='ltr'><strong>u.</strong></span> <span class='ocrx_word' id='word_1_405' title='bbox 2159 4584 2205 4623; x_wconf 87' lang='lat' dir='ltr'><strong>c.</strong></span> <span class='ocrx_word' id='word_1_406' title='bbox 2244 4570 2350 4622; x_wconf 80' lang='lat'><strong>724</strong></span> <span class='ocrx_word' id='word_1_407' title='bbox 2388 4584 2579 4623; x_wconf 87' lang='lat' dir='ltr'><strong>mense</strong></span> <span class='ocrx_word' id='word_1_408' title='bbox 2623 4566 2871 4638; x_wconf 84' lang='lat' dir='ltr'><strong>Septem·</strong></span> 
     </span>
    </p>
   </div>
  </div>
 </body>
</html>
