3092 5059
972 234 1134 299 LIB.
1178 234 1263 300 H.
1311 232 1562 301 CARM.
1613 234 1730 301 III.
1775 234 1886 300 IV.

2513 232 2631 299 121

630 422 1009 522 Villaque,
1062 422 1302 497 flavus
1356 448 1588 523 quam
1638 424 1940 499 Tiberis
1991 424 2203 519 lavit,

734 546 1007 642 Codes,
1061 560 1141 623 et
1188 549 1584 625 exstructis
1635 548 1714 622 in
1766 547 2007 623 altum

532 706 595 746 ιο
827 672 1132 749 Divitiis
1178 674 1517 773 potietur
1563 673 1807 749 heres.

628 823 967 899 Divesne
1008 822 1266 921 prisco
1319 835 1541 899 natus
1593 824 1694 899 ab
1741 823 2059 919 Inacho,

649 946 777 1022 Nil
824 947 1165 1045 interest,
1220 974 1318 1023 an
1370 972 1672 1048 pauper
1721 962 1798 1025 et
1846 950 2110 1025 infima

732 1074 849 1148 De
891 1084 1121 1169 gente
1172 1073 1317 1149 sub
1366 1072 1550 1149 divo
1606 1075 1952 1171 moreris,

832 1196 1166 1273 Victima
1216 1196 1331 1275 nil
1380 1199 1815 1275 miserantis
1869 1198 2076 1277 Orci.

540 1378 598 1421 a
638 1347 927 1425 Omnes
978 1345 1257 1423 eodem
1311 1348 1686 1446 cogimur,
1739 1348 2088 1425 omnium

634 1471 1007 1546 Versatur
1054 1496 1252 1547 urna
1303 1473 1545 1547 serius
1600 1472 1814 1548 ocius

737 1593 917 1673 Sors
972 1596 1273 1672 exitura
1326 1610 1401 1673 et
1449 1623 1592 1673 nos
1641 1598 1724 1675 in
1778 1608 2170 1685 aeternum

831 1720 1201 1797 Exsilium
1254 1722 1711 1822 impositura
1763 1724 2108 1801 cumbae.

1152 2025 1535 2113 CARMEN
1599 2028 1732 2113 IV.

633 2194 755 2271 Ne
804 2195 907 2270 sit
948 2194 1273 2271 ancillae
1322 2194 1467 2270 tibi
1516 2220 1737 2271 amor
1781 2193 2089 2295 pudori,

632 2318 980 2395 Xanthia
1028 2318 1377 2395 Phoceu!
1478 2319 1702 2395 Prius
1747 2318 2198 2398 insolentem

637 2443 879 2521 Serva
928 2442 1211 2520 Briseis
1260 2444 1490 2519 niveo
1546 2442 1807 2521 colore

839 2567 1085 2643 Movit
1129 2564 1558 2665 Achillem3

577 2752 603 2791 s
638 2718 891 2793 Movit
937 2714 1261 2793 Aiacem
1314 2717 1735 2795 Telamone
1785 2734 2048 2795 natum

639 2842 926 2918 Forma
972 2843 1321 2940 captivae
1372 2844 1766 2921 dominum
1822 2845 2307 2944 Tecmessae3

220 3096 383 3147 pares
428 3076 647 3135 reddet
695 3076 974 3146 (25-28).
1049 3076 1213 3146 Quod
1256 3080 1389 3135 inde

221 3148 471 3207 efficitur
508 3153 902 3220 praeceptum,
938 3150 1001 3204 id
1024 3150 1193 3205 facile
1219 3151 1387 3207 intel·

224 3222 449 3293 legitur.
502 3220 585 3276 cf.
625 3220 807 3275 Carm.
841 3221 915 3289 11,
955 3223 1041 3290 16,
1084 3225 1165 3275 11.
1201 3223 1384 3293 Epist.

224 3293 295 3361 11,
325 3295 381 3365 2,
404 3296 538 3348 177.
570 3320 639 3333 —-
666 3292 847 3359 flavus
875 3292 1110 3363 meris]
1148 3295 1279 3349 vide
1316 3295 1391 3350 ad

225 3364 269 3431 Ι,
301 3368 355 3433 2,
398 3364 484 3420 18.
522 3364 681 3418 Villa
714 3363 789 3419 ad
826 3380 1031 3433 aquam
1068 3364 1179 3420 sita
1214 3366 1385 3421 maio-

226 3454 343 3491 rem
396 3436 583 3493 habet
638 3435 1052 3491 amoenitatem.
1108 3466 1173 3477 —
1230 3437 1386 3508 lavit]

228 3506 347 3563 Hac
394 3508 593 3563 forma
640 3506 813 3561 lavere
856 3507 917 3560 in
954 3508 1145 3576 lyricis
1181 3508 1391 3579 ubique

228 3580 411 3635 utitur
446 3578 752 3634 Horatius:
790 3576 972 3633 Carm.
1010 3580 1113 3647 ΠΙ,
1141 3580 1225 3646 12,
1260 3583 1311 3635 2.
1336 3584 1389 3635 7.

228 3652 277 3718 4,
313 3653 403 3705 61.
466 3648 570 3717 IV,
606 3651 659 3717 6,
696 3651 783 3703 26.
846 3648 1026 3719 Epod.
1071 3652 1156 3718 16,
1198 3652 1282 3707 28.
1320 3682 1388 3693 -

229 3722 393 3792 heres]
458 3723 647 3777 Cam.
685 3720 759 3787 11,
804 3724 888 3789 14,
925 3722 1013 3777 25.
1075 3722 1171 3791 IV,
1208 3725 1260 3788 7,
1307 3725 1389 3778 19.

234 3792 349 3848 Sat.
394 3793 469 3860 11,
518 3794 575 3859 3,
628 3793 921 3846 145-151,
995 3792 1176 3863 Epist.
1228 3794 1300 3863 11,
1336 3798 1391 3864 2,

240 3866 339 3919 190
374 3882 458 3934 sq.
506 3893 581 3903 -—
624 3862 877 3932 moreris]
922 3864 1067 3919 Nam
1117 3882 1389 3933 „commo-

234 3936 396 3990 randi
422 3940 635 3992 natura
652 3935 1037 3990 deversorium
1067 3937 1247 4005 nobis,
1278 3956 1391 3993 non

238 4006 535 4063 habitandi
570 4006 759 4061 locum
794 4006 1003 4061 dedit!
1053 4008 1163 4063 Cic.
1201 4010 1273 4065 de
1308 4026 1389 4065 se-

240 4083 381 4133 nect.
420 4082 512 4133 23.
586 4078 658 4133 cf.
710 4076 873 4132 Ovid„
912 4078 1051 4133 Met.
1089 4080 1159 4147 X,
1196 4082 1281 4136 32.
1320 4110 1389 4123 -

240 4150 399 4219 ma]
454 4150 719 4205 Omnium
766 4148 1057 4205 hominum
1104 4158 1285 4208 sortes
1332 4155 1392 4209 in

239 4238 435 4275 umam
470 4221 757 4277 coniectae
795 4220 867 4275 ab
890 4222 1237 4280 Necessitate
1268 4242 1391 4280 ver·

240 4296 463 4361 santur3
500 4292 659 4348 cuius
682 4292 873 4347 exsilit
904 4310 1042 4362 sors,
1072 4296 1125 4349 ei
1149 4298 1390 4351 morien·

244 4362 375 4419 dum
409 4370 511 4421 est.
558 4364 741 4421 Carm.
778 4364 879 4430 111,
922 4368 967 4432 1,
1009 4368 1092 4420 16.
1135 4368 1207 4421 cf.
1247 4368 1389 4422 Stat.

244 4434 375 4491 Silv.
412 4436 485 4503 11,
524 4438 577 4490 1:
619 4436 873 4505 „ibimus,
914 4454 1122 4503 omna,
1158 4439 1391 4507 Ibimus,

244 4506 523 4562 immensis
558 4524 759 4563 urnam
831 4509 979 4563 uatit
1008 4510 1227 4565 Aeacus
1273 4528 1389 4564 um-

246 4576 411 4632 bris-‘⁸
451 4607 519 4617 —
556 4580 811 4635 maium
880 4582 1145 4649 quoniam
1182 4581 1243 4636 in
1278 4586 1391 4637 ter-

1487 3102 1628 3149 ram,
1666 3084 1896 3169 humani
1942 3084 2165 3169 generis
2211 3083 2475 3153 patriam,
2523 3100 2634 3137 non

1487 3156 1813 3283 rch'cgiitur
1852 3154 2082 3211 reditus.
2111 3185 2177 3195 —
2215 3152 2460 3223 cumbae]
2499 3152 2638 3209 Cha-

1862 3322 2141 3377 Carmen
2177 3319 2271 3375 IV.

1561 3436 1786 3491 Festive
1832 3435 2038 3490 irridet
2071 3433 2341 3489 Horatius
2377 3434 2638 3501 amicum,

1490 3524 1656 3577 quem
1693 3524 1898 3579 graeco
1934 3506 2161 3561 nomine
2188 3505 2468 3560 Xanthiae
2494 3504 2638 3559 Pho-

1490 3580 1669 3634 censis
1703 3577 1868 3649 tegit·,
1905 3578 1976 3633 de
2015 3594 2206 3633 amore
2239 3578 2494 3632 ancillae.
2535 3576 2638 3631 Fe·

1489 3651 1712 3706 stivitas
1765 3650 1976 3719 ubique
2021 3650 2346 3719 conspicua3
2401 3648 2641 3720 grandia

1491 3722 1749 3791 exempla
1813 3722 2068 3789 Achillis,
2132 3722 2339 3789 Aiacis,
2401 3723 2639 3791 Agame·

1488 3795 1728 3861 mnonis,
1763 3795 1982 3864 regium
2008 3792 2158 3862 quod
2185 3792 2426 3862 fingitur
2447 3808 2641 3863 genus,

1490 3867 1739 3937 maligne
1761 3865 1994 3920 laudata
2025 3864 2182 3932 fides,
2211 3864 2530 3934 integritas,
2557 3864 2641 3916 lu·

1492 3939 1572 3993 cri
1615 3936 1958 4006 contemptio
1993 3937 2052 3990 in
2089 3935 2196 3990 hoc
2282 3952 2448 3989 enere
2485 3938 2638 3989 certe

1490 4009 1781 4065 rarissima
1855 4008 1954 4063 uid
1983 4012 2151 4078 poeta
2175 3952 2420 4061 voluerit
2442 4008 2640 4076 aperte

1492 4081 1756 4152 produnt.
1857 4080 2046 4135 cilicet
2079 4096 2192 4133 una
2227 4096 2363 4133 vera
2396 4084 2482 4133 est
2518 4077 2638 4147 pul-

1492 4153 1772 4221 chritud0‚
1795 4152 1854 4205 in
1871 4156 2124 4207 extrema
2141 4150 2375 4219 stropha
2394 4149 2641 4204 laudata.

1492 4224 1728 4279 Carmen
1773 4223 2048 4293 scriptum
2087 4226 2172 4277 est
2217 4239 2266 4276 a.
2303 4238 2358 4275 u.
2395 4222 2526 4288 7293
2581 4220 2643 4275 id

1492 4296 1646 4365 quod
1678 4295 2031 4366 intellegitur
2065 4312 2134 4349 ex
2169 4312 2224 4347 v,
2259 4294 2330 4346 23
2371 4310 2454 4361 sq.

1565 4366 1630 4421 V.
1669 4371 1718 4421 2.
1779 4364 2118 4435 insolentem]
2181 4364 2250 4418 cf.
2297 4366 2365 4417 A.
2415 4362 2477 4416 P.
2519 4364 2640 4417 122.

1496 4468 1562 4479 -
1605 4437 1793 4509 prius]
1849 4440 1962 4493 iam
2011 4441 2141 4491 ante
2185 4440 2269 4503 te3
2312 4440 2377 4490 tu
2425 4434 2642 4505 primus

1492 4528 1610 4565 non
1635 4526 1708 4564 es.
1734 4538 1802 4551 —
1841 4508 2080 4577 Briseis]
2115 4504 2274 4561 Hom.
2307 4507 2372 4561 11.
2395 4506 2492 4572 IX,
2518 4508 2640 4561 342.

1498 4611 1567 4621 —
1624 4578 1920 4649 Tmessa]
1975 4577 2356 4647 Teuthrantis,
2407 4577 2642 4649 Phrygii
