3092 5059
1140 257 1304 326 LIB.
1350 259 1402 324 Ι.
1444 257 1631 324 SAT.
1675 257 1785 323 Vl.

2542 260 2661 326 391

281 474 332 516 ιε
367 442 588 518 Nunc
641 444 742 520 ad
795 471 920 521 me
973 445 1206 520 redeo
1259 446 1625 522 libertino
1680 461 1899 546 patre
1954 463 2241 542 natum,

363 568 612 661 Quem
664 569 952 645 rodunt
1004 597 1270 648 omnes
1321 571 1683 646 libertino
1732 584 1955 674 patre
2000 587 2286 669 natum,

361 693 608 792 Nunc,
665 695 842 793 quia
892 723 1058 772 sum
1111 697 1276 792 tibi,
1330 696 1759 792 Maecenas,
1816 699 2235 793 convictor,
2290 709 2371 772 at
2418 694 2631 790 olim,

363 818 592 911 Quod
641 819 835 896 mihi
881 835 1186 920 pareret
1233 823 1438 921 legio
1489 826 1839 900 Romana
1886 824 2223 900 tribune.

361 944 754 1021 Dissimile
807 945 954 1021 hoc
1003 946 1120 1022 illi
1175 960 1326 1022 est:
1381 950 1569 1046 quia
1618 974 1773 1023 non
1826 961 1911 1023 ut
1964 947 2193 1024 forsit
2233 946 2608 1022 honorem

277 1103 331 1144 ω
363 1069 542 1144 Iure
595 1070 784 1146 mihi
826 1070 1170 1148 invideat
1223 1073 1494 1172 quivis,
1552 1075 1663 1148 ita
1714 1087 1791 1148 te
1844 1097 2155 1172 quoque
2208 1071 2563 1166 amicum,

362 1193 824 1270 Praesertim
877 1209 1178 1272 cautum
1235 1197 1516 1295 dignos
1566 1223 1959 1274 assumere
2008 1223 2251 1296 prava

364 1317 808 1396 Ambitione
861 1321 1154 1417 procul.

1259 1321 1595 1398 Felicem
1652 1321 1909 1397 dicere
1960 1345 2117 1395 non
2171 1319 2317 1395 hoc

362 1442 492 1518 Me
545 1444 854 1542 possim,
913 1470 1090 1521 casu
1140 1445 1351 1546 quod
1401 1457 1478 1522 te
1532 1446 1841 1522 sortitus
1893 1446 2268 1522 amicum:

363 1567 598 1644 Nulla
643 1569 923 1644 etenim
975 1569 1169 1644 mihi
1223 1583 1298 1646 te
1349 1569 1510 1645 fors
1560 1570 1869 1666 obtulit3
1929 1571 2265 1670 optimus
2318 1568 2501 1642 olim

277 1726 330 1767 ω
369 1692 786 1791 Vergilius,
827 1706 1002 1792 post
1049 1695 1256 1770 hunc
1304 1695 1583 1771 Varius
1636 1696 1904 1772 dixere
1958 1693 2147 1794 quid
2199 1719 2467 1770 essem.

365 1817 473 1894 Ut
521 1818 704 1894 veni
755 1843 1038 1916 coram,
1089 1819 1492 1917 singultim
1543 1847 1791 1916 pauca
1839 1821 2167 1916 locutus,

367 1943 636 2018 Infans
689 1969 1023 2042 namque
1074 1944 1328 2041 pudor
1375 1944 1841 2041 prohibebat
1890 1943 2117 2042 plura
2167 1941 2488 2042 profari,

367 2069 438 2144 N
444 2094 544 2143 on
599 2093 746 2167 ego
801 2093 928 2144 me
975 2067 1182 2144 claro
1237 2081 1498 2144 natum
1554 2081 1795 2168 patre,
1846 2095 2005 2144 non
2058 2093 2205 2167 ego
2260 2067 2543 2142 circum

366 2194 498 2270 Me
551 2193 999 2271 Satureiano
1054 2195 1342 2270 vectari
1391 2221 1574 2270 rura
1626 2193 1949 2290 caba110,

275 2355 330 2394 oo
369 2318 522 2395 Sed
569 2319 782 2420 quod
833 2343 1044 2394 eram
1098 2343 1355 2394 narrO.
1437 2319 1910 2420 Respondes,
1964 2330 2049 2430 ut
2094 2331 2269 2393 tuus
2314 2329 2429 2393 est
2476 2340 2671 2411 mos,

361 2443 652 2540 -Pauca;
713 2444 930 2538 absc,
997 2455 1075 2519 et
1123 2469 1440 2520 revocas
1493 2469 1701 2519 nono
1759 2457 1937 2544 post
1986 2467 2247 2519 mense
2296 2442 2675 2540 iubesque

361 2567 548 2644 Esse
595 2569 674 2644 in
725 2569 1154 2646 amicorum
1207 2593 1557 2644 numero.
1627 2571 1997 2668 Magnum
2042 2567 2193 2644 hoc
2242 2593 2388 2666 ego
2445 2567 2669 2662 duco,

367 2694 601 2787 Quod
653 2695 910 2791 placui
963 2694 1130 2790 tibi,
1185 2694 1318 2794 qui
1371 2695 1581 2794 turpi
1634 2695 1965 2770 secernis
2019 2693 2447 2788 honestum,

359 2820 432 2894 N
437 2844 536 2894 on
587 2833 808 2918 patre
863 2819 1261 2918 praeclaro
1314 2818 1447 2894 sed
1497 2819 1657 2894 vita
1709 2831 1787 2894 et
1824 2831 2136 2918 pectore
2188 2843 2408 2918 puro.

275 2976 334 3018 σε
369 2943 612 3044 Atqui
653 2945 718 3021 si
766 2944 972 3020 vitiis
1024 2943 1546 3021 mediocribus
1598 2969 1689 3019 ac
1739 2969 1915 3020 mea
1964 2943 2228 3040 paucis

257 3177 456 3232 nant.“
513 3175 698 3231 Valer.
736 3175 784 3230 F
785 3175 824 3230 l
861 3176 962 3240 ΠΙ,
1007 3177 1138 3232 198·
1179 3176 1418 3247 „Op-hel

257 3254 378 3303 tem
416 3265 562 3302 vana
597 3252 906 3303 sonantem
909 3248 944 3278 ‘⁸
987 3248 1113 3304 Non
1133 3247 1278 3304 bene
1301 3249 1416 3312 alii,

259 3325 328 3375 ut
367 3319 414 3374 F
417 3319 682 3374 ritschms
730 3324 788 3374 et
831 3319 1140 3390 Kriigerus,
1191 3321 1418 3376 coniun-

259 3392 1086 3518 33ffi23'321“.mffl⁰¹²
1085 3391 1420 3534 Ψτὲῗὲι

261 3535 378 3590 tius
415 3534 562 3604 quod
597 3533 746 3590 refer
773 3535 857 3590 ita
889 3534 962 3589 ad
981 3545 1186 3604 mona
1207 3551 1420 3604 sonere,

261 3611 330 3660 ut
364 3607 484 3660 vim
517 3605 724 3662 habeat
761 3606 1192 3662 consecutivam.

337 3677 402 3733 V.
440 3679 528 3730 45.
575 3677 828 3734 libertino
855 3682 1020 3747 patre
1054 3678 1270 3746 mum]
1307 3677 1420 3733 Re-

261 3749 466 3820 petitio
523 3749 750 3820 egregie
811 3749 1072 3804 imitatur
1103 3750 1420 3804 ‘continuos

263 3821 714 3876 adversariorum
761 3821 1048 3875 clamores.
1123 3820 1196 3874 cf.
1237 3820 1421 3876 Germ.

259 3893 308 3960 1,
353 3895 444 3961 85,
498 3894 580 3948 15.
651 3891 815 3948 Ovid.
863 3891 998 3948 Met.
1051 3891 1096 3957 Ι,
1145 3894 1254 3947 325
1299 3909 1418 3962 sqq.

262 3963 418 4032 VIII,
456 3965 562 4018 628
590 3981 671 4033 sq.
713 3993 778 4004 -
815 3962 1114 4034 convictor]
1151 3963 1314 4019 Ovid.
1353 3980 1421 4019 ex

263 4035 430 4090 Pont.
466 4034 559 4100 IV,
596 4037 650 4102 3,
690 4038 780 4090 15·
821 4035 960 4103 „Ille
989 4052 1094 4106 030
1133 4036 1424 4092 convictor

268 4107 422 4176 (tibi)
457 4108 740 4176 densoque
775 4107 1114 4162 domesticus
1149 4125 1271 4164 usu.
1279 4107 1424 4163 “Et

266 4179 460 4234 confer
477 4179 780 4249 epistulam
797 4179 1044 4250 Augusti
1065 4197 1236 4249 supra
1255 4197 1312 4249 p.
1337 4180 1420 4234 11.

269 4281 332 4290 —
359 4251 550 4320 forsit]
592 4249 770 4304 Huius
807 4249 1024 4306 formae
1047 4257 1274 4320 praeter
1308 4251 1420 4307 h.1.

265 4323 484 4378 nullum
517 4321 803 4391 reperitur
839 4325 1056 4376 certum
1079 4323 1424 4392 exemplum3

264 4411 588 4476 quanquam
647 4393 718 4448 de
773 4410 840 4448 ea
895 4393 1146 4448 dubitari
1206 4394 1420 4464 nequit,

265 4466 534 4549 quoniam
554 4464 872 4520 Priscianus
907 4481 964 4534 p.
991 4467 1126 4520 1015
1163 4464 1224 4520 in
1261 4465 1422 4520 libris

265 4536 492 4592 Horatii
547 4537 632 4592 ita
683 4554 743 4592 se
797 4535 1000 4606 legisse
1045 4539 1305 4592 testatur.
1353 4565 1420 4576 --

266 4607 584 4680 mitione]
631 4607 788 4665 Haec
835 4609 950 4664 tria
985 4608 1160 4666 verba
1193 4608 1422 4664 coniun-

1513 3183 1607 3232 cta
1656 3177 1821 3232 unius
1866 3175 2131 3232 adiectivi
2176 3176 2361 3230 locum
2404 3176 2665 3244 explent3

1513 3249 1713 3304 Graeci
1758 3247 2122 3318 participium
2162 3265 2325 3306 onae
2366 3245 2665 3314 adderent3

1511 3337 1645 3375 nam
1680 3327 1953 3389 tanquam
1989 3320 2341 3374 accusativus
2378 3321 2525 3373 sunt.
2598 3319 2671 3373 cf.

1515 3393 1627 3447 Cic.
1654 3391 1815 3446 Tusc.
1841 3391 1909 3459 V,
1941 3390 2027 3458 14,
2050 3392 2116 3443 41
2152 3394 2297 3445 extr.
2337 3390 2671 3460 -posss'mJ

1515 3463 1919 3518 Coniunctivus
1938 3462 2011 3517 ad
2037 3461 2459 3532 exprimendam
2482 3463 2671 3517 mode·

1514 3535 1680 3590 stiam
1717 3539 1871 3590 recte
1904 3535 2121 3604 positus
2147 3537 2245 3588 est.
2282 3533 2351 3588 In
2385 3534 2673 3590 nonnullis

1515 3606 1675 3662 codd.
1712 3610 1801 3661 est
1820 3621 2061 3676 poem,
2100 3605 2249 3674 apud
2270 3605 2483 3660 Gomm.
2500 3604 2669 3674 Gruq.

1509 3683 1851 3746 possunt.—
1875 3676 2032 3747 casu]
2070 3675 2211 3731 Vide
2238 3681 2451 3745 quanta
2478 3676 2536 3730 vi
2566 3677 2675 3731 hoc

1512 3767 1719 3804 nomen
1752 3749 1997 3818 primam
2028 3749 2337 3804 sententiae
2357 3751 2579 3817 partem
2614 3751 2677 3801 01

1513 3820 2117 3961 Animagsfflggziss
2138 3817 2675 3946 thngivgm

1515 3981 1551 4018 a
1589 3964 1711 4034 quis
1746 3979 1925 4020 essm
1974 3993 2039 4004 -
2090 3961 2439 4046 Satoeeimuo]
2478 3961 2671 4046 steph.

1515 4036 1648 4105 Byz.
1686 4053 1739 4091 v.
1776 4031 2065 4104 Zoni-(uer,
2101 4053 2261 4106 χωρα
2300 4035 2541 4117 πλησίρν
2564 4027 2673 4086 Τά·

1514 4125 1721 4178 ρανιος
1810 4107 2182 4162 Fertilissima
2236 4123 2305 4160 ea
2358 4105 2517 4174 regio
2569 4109 2671 4159 est.

1515 4180 1711 4248 Neque
1765 4183 1975 4234 temere
2028 4195 2234 4249 magno
2294 4175 2455 4246 quasi
2509 4176 2671 4231 hiatu

1515 4251 1665 4306 dixit
1715 4249 1833 4306 861.
1888 4251 2111 4305 caballo.
2186 4249 2367 4318 Epist.
2414 4247 2461 4316 1,
2498 4250 2553 4314 7,
2584 4249 2673 4302 88.

1516 4323 1603 4377 De
1636 4326 1759 4378 toto
1798 4323 1925 4378 1000
1958 4321 2089 4376 vide
2126 4337 2295 4389 supra
2328 4336 2386 4389 p.
2421 4285 2461 4373 '7'
2490 4337 2570 4388 sq.
2602 4349 2671 4359 -

1514 4395 1633 4450 vita
1668 4399 1718 4448 et
1749 4393 1981 4463 pectore]
2020 4393 2113 4447 Ad
2130 4391 2429 4446 Horatium
2470 4392 2672 4462 ipsum,

1515 4482 1633 4520 non
1666 4465 1739 4520 ad
1771 4469 1993 4534 patrem
2018 4464 2157 4519 haec
2194 4467 2325 4518 suut
2351 4463 2671 4529 referenda3

1518 4536 1723 4592 etenim
1762 4536 1939 4605 ipsius
1980 4541 2179 4606 poetae
2214 4534 2543 4605 ignobilitas
2576 4551 2671 4605 30·

1517 4608 1669 4664 neris
1724 4608 1857 4676 peni
1914 4607 2111 4664 debuit
2164 4611 2362 4664 contra
2416 4608 2673 4662 innocen·
