3092 5059
1040 232 1201 298 mn.
1241 232 1325 298 Π.
1373 214 1622 297 CARM.
1666 230 1811 297 XV.

2514 228 2631 294 147

1139 482 1519 568 OARMEN
1583 482 1755 569 XV.

638 647 803 723 Iam
854 674 1103 747 pauca
1152 660 1407 724 aratro
1460 647 1732 745 iugera
1781 647 2046 745 regiae

628 771 879 848 Moles
932 772 1393 871 relinquent,
1449 772 1799 870 undique
1849 770 2076 847 latius

735 898 1066 973 Extenta
1114 899 1457 973 visentur
1501 896 1836 972 Lucrino

833 1022 1125 1121 Stagna
1174 1022 1347 1098 laeu
1399 1020 1909 1121 platanusque
1963 1020 2264 1097 caelebs

578 1204 605 1245 a
639 1173 962 1248 Evincet
1014 1172 1287 1248 ulmos.

1393 1173 1592 1247 Tum
1646 1170 1970 1246 violaria
2021 1183 2100 1248 et

636 1298 936 1398 Myrtus
993 1310 1067 1374 et
1119 1298 1367 1373 omnis
1422 1297 1646 1394 eopia
1697 1296 1996 1371 narium

736 1423 1124 1524 Spargent
1181 1422 1484 1499 olivetis
1538 1421 1860 1497 odorem

843 1548 1253 1625 Fertilibus
1302 1546 1615 1623 domino
1666 1547 1949 1643 priori3

594 1836 877 1893 Carmen
914 1836 1032 1893 XV.

306 1934 576 1989 Continet
610 1934 720 1989 hoe
742 1952 966 1989 carmen
989 1934 1260 1988 iudicium
1278 1932 1388 1987 Ho-

238 2007 369 2061 ratii
404 2007 475 2062 de
512 2006 693 2061 nimia
741 2024 872 2061 suae
918 2006 1118 2062 aetatis
1163 2006 1389 2075 privata

240 2079 477 2147 luxuria,
529 2077 761 2147 publica
813 2078 1172 2148 parsimonia.
1244 2076 1386 2131 Nam

242 2167 383 2275 {uigi-
398 2149 909 2275 privattzimhomipes
934 2150 1277 2275 αωρὲίεείιῑιῖ,
1301 2166 1387 2275 ace-

337 2239 426 2276 cia
474 2238 575 2276 exs
674 2238 851 2285 eren,
895 2238 1021 2276 cum
1092 2238 1183 2275 am
1257 2238 1388 2275 asi-

238 2292 377 2347 diosi
412 2296 605 2347 essent
634 2291 874 2347 Romani
910 2298 975 2345 ut
1010 2297 1273 2348 naturam
1310 2294 1387 2347 lo-

239 2381 425 2419 corum
460 2370 791 2434 spernentes
816 2368 1027 2418 terram
1056 2364 1267 2419 vellent
1290 2364 1389 2418 ubi

240 2440 377 2491 esset
430 2454 610 2504 mare,
666 2453 820 2490 mare
875 2436 973 2490 ubi
1025 2441 1170 2490 esset
1217 2442 1387 2491 terra.

240 2524 359 2562 cum
412 2511 543 2562 tota
590 2506 760 2562 Italia
802 2507 962 2561 luxui
1016 2512 1075 2561 et
1127 2508 1389 2562 mollitiei

238 2580 469 2633 serviret
518 2596 707 2648 neque
754 2578 872 2632 rari
916 2580 1041 2649 agri
1088 2580 1223 2633 satis
1270 2579 1387 2634 fru-

240 2652 409 2704 menti
436 2650 692 2718 ederent,
730 2654 851 2704 tum
888 2655 1049 2705 tanta
1086 2651 1387 2705 eorundem

241 2720 527 2777 hominum
578 2722 642 2775 in
684 2720 925 2791 publicis
962 2721 1228 2776 aedificiis
1267 2727 1389 2776 erat

240 2794 602 2862 parsimonia,
638 2798 703 2848 ut
727 2793 959 2848 deorum
982 2794 1195 2863 templa
1214 2812 1248 2847 a
1272 2812 1387 2847 ma-

242 2864 445 2920 ioribus
502 2864 803 2936 magnifice
856 2870 1043 2920 erecta.
1087 2871 1187 2919 aut
1232 2870 1388 2919 vetu-

242 2941 381 2991 state
436 2942 773 2992 corruerent
822 2941 923 2991 aut
978 2938 1249 2991 incendiis
1294 2954 1387 2991 va·

242 3012 383 3063 stata
420 3008 693 3064 iacerent.
769 3008 860 3063 Sic
895 3008 1012 3063 iam
1049 3008 1238 3063 Cicero
1283 3025 1387 3077 pro

243 3078 435 3135 Flacco
480 3082 577 3134 122
638 3080 827 3149 „Haec
869 3080 1017 3135 ratio
1064 3096 1131 3135 ac
1174 3098 1267 3135 ma
1306 3080 1387 3137 ni.-

242 3152 372 3206 tudo
398 3153 577 3206 animi
600 3153 662 3206 in
686 3152 993 3206 maioribus
1024 3153 1233 3205 nostris
1286 3152 1387 3219 uit,

242 3227 305 3276 ut
354 3240 482 3278 cum
535 3224 598 3278 in
654 3223 893 3293 privatis
946 3223 1113 3277 rebus
1166 3223 1391 3293 suisque

243 3295 555 3364 sumptibus
606 3296 838 3349 minimo
888 3294 1139 3350 contenti
1182 3295 1390 3349 tenuis-

242 3364 377 3421 simo
412 3368 574 3421 cultu
612 3367 887 3435 viverent,
935 3366 997 3419 in
1031 3366 1271 3435 imperio
1306 3370 1388 3421 at·

246 3452 349 3505 que
392 3438 455 3493 in
501 3437 732 3507 publica
768 3437 1049 3509 dignitate
1085 3440 1273 3492 omnia
1318 3438 1391 3493 ad

281 3509 479 3565 loriam
510 3508 979 3579 splendoremque
1004 3510 1388 3565 revocarent.“

290 3582 415 3637 acit-
456 3585 609 3636 Ann.
646 3582 749 3651 111,
784 3585 854 3636 53
889 3583 949 3635 in
984 3582 1189 3636 litteris
1225 3580 1389 3635 Tibe·

245 3652 315 3705 rii
338 3653 411 3707 ad
435 3657 719 3708 senatum:
761 3652 945 3721 „Quid
972 3654 1119 3708 enim
1144 3652 1391 3723 primum

249 3724 547 3792 prohibere
582 3730 643 3779 et
678 3726 927 3795 priscum
965 3726 1038 3779 ad
1061 3742 1275 3779 morem
1305 3742 1390 3779 re-

248 3794 429 3850 cidere
464 3796 769 3867 aggrediar
782 3797 812 3850 ¹?
883 3796 1231 3851 Villarumne
1268 3794 1390 3849 infi-

248 3866 363 3920 nita
388 3868 611 3936 spatia?
648 3868 989 3923 familiarum
1014 3885 1311 3922 numerum
1334 3872 1393 3922 et

248 3938 499 3993 nationes
512 3939 542 3992 ¹?
604 3940 825 4010 argenti
870 3944 931 3993 et
978 3940 1100 3993 auri
1136 3939 1391 4008 pondus?

249 4009 387 4063 aeris
423 4010 857 4080 tabularumque
892 4011 1206 4066 miracula?
1264 4028 1390 4080 pro-

250 4080 483 4136 miscuas
520 4082 659 4136 viris
694 4087 753 4137 et
788 4082 1011 4137 feminis
1046 4082 1263 4137 vestes?
1309 4086 1391 4136 at-

251 4167 355 4219 que
388 4153 493 4208 illa
518 4152 855 4209 feminarum
880 4154 1131 4224 propria,
1166 4154 1291 4222 quis
1315 4153 1391 4207 la-

252 4224 444 4291 pidum
500 4240 669 4280 eausa
720 4226 989 4294 pecuniae
1041 4230 1267 4279 nostrae
1320 4225 1393 4279 ad

250 4300 503 4350 externas
556 4301 655 4351 aut
703 4296 933 4352 hostiles
980 4302 1175 4367 gentes
1213 4302 1393 4351 trans-

251 4362 508 4421 feruntur
516 4368 579 4421 ‘1²⁴‘
617 4366 951 4438 Principalis
971 4368 1249 4423 sententia
1266 4386 1393 4438 pro-

252 4438 479 4505 ponitur
514 4439 643 4494 inde
680 4458 713 4493 a
748 4440 933 4494 medio
970 4458 1135 4494 versu
1178 4443 1268 4509 105
1314 4441 1396 4494 ita

252 4512 317 4561 ut
339 4524 563 4564 eei-men
584 4511 645 4565 in
674 4512 813 4566 duas
840 4516 899 4566 et
929 4512 1186 4582 aequales
1204 4515 1395 4581 partes

257 4578 556 4636 dividatur.
602 4582 887 4653 Scriptum
927 4600 1045 4639 esse
1082 4582 1309 4637 videtur
1346 4600 1394 4638 a.

1495 1797 1618 1858 ⁷26,
1681 1796 1954 1865 quoniam'
1993 1812 2058 1849 eo
2107 1812 2254 1849 anno
2302 1792 2642 1849 Octavianus

1493 1884 1782 1922 censuram
1844 1885 2015 1938 agens
2082 1867 2294 1950 templa
2354 1870 2639 1921 vetustate

1494 1939 1741 2008 collapsa
1813 1945 1913 1993 aut
1976 1938 2249 1993 incendiis
2311 1937 2496 1992 deleta
2555 1954 2640 1991 re·

1492 2010 1629 2065 fecit
1685 2027 1750 2065 ac
1811 2010 2102 2079 splendide
2159 2009 2403 2075 ornavit3
2469 2026 2638 2077 quam

1492 2099 1612 2135 rem
1649 2082 1848 2136 ultima
1885 2082 2120 2152 stropha
2154 2082 2225 2135 ab
2264 2079 2501 2135 Horatio
2539 2097 2641 2149 pu-

1491 2157 1619 2207 tent
1657 2154 1833 2223 tangi.

1565 2224 1632 2279 V.
1668 2226 1721 2277 2.
1757 2223 1942 2294 moles]
1983 2223 2053 2278 de
2265 2223 2306 2277 ’s
2343 2220 2639 2289 aedificiis3

1493 2296 1563 2351 cf.
1605 2296 1784 2351 earm.
1821 2294 1922 2358 111,
1949 2297 2036 2363 29,
2068 2296 2150 2348 10.
2189 2322 2255 2333 —
2291 2291 2494 2363 reyiae]
2533 2292 2639 2347 Re-

1492 2368 1650 2493 gium
1685 2366 1836 2437 quod
1875 2367 2043 2437 regis,
2092 2366 2284 2435 regale
2325 2364 2476 2434 quod
2511 2382 2644 2435 rege

1530 2440 1727 2509 ignum
1764 2443 1866 2493 est.
1919 2438 2090 2507 Apud
2126 2440 2321 2505 poetas
2359 2442 2548 2491 tamen
2584 2440 2642 2491 et

1493 2528 1589 2565 eos
1615 2510 1916 2580 scriptores
1936 2510 2032 2579 qui
2055 2512 2184 2578 post
2203 2508 2448 2578 Augusti
2480 2513 2643 2562 erant

1492 2586 1736 2636 aetatem
1765 2580 1953 2650 πρίω
1971 2580 2171 2635 adieet.
2191 2580 2423 2634 alterius
2456 2580 2642 2633 locum

1491 2653 1804 2722 occupavit.
1833 2682 1896 2691 —
1938 2651 2160 2722 stayna]
2198 2652 2452 2721 ingentes
2478 2651 2642 2720 pisci-

1490 2742 1614 2793 nae,
1663 2725 1724 2779 in
1775 2724 1976 2793 quibus
2023 2723 2212 2793 potuit
2255 2723 2534 2793 navigari.
2575 2752 2638 2761 —

1483 2798 1866 2867 platanusque
1922 2794 2148 2862 caelebs]
2197 2799 2362 2865 grata
2412 2811 2477 2848 ea
2525 2794 2645 2862 qui-

1490 2868 1638 2936 dem,
1678 2885 1792 2921 non
1828 2866 2001 2921 utilis.
2063 2865 2175 2919 Cur
2213 2866 2417 2920 caelebs
2453 2866 2643 2935 appel·

1490 2938 1642 2993 letur
1700 2939 1981 2994 ulmorum
2033 2937 2281 2992 ostendit
2336 2937 2642 3006 oppositio;

1489 3011 1633 3064 ulmi
1652 3011 1864 3065 vitibus
1895 3010 2254 3077 maritantur,
2280 3025 2392 3062 non
2410 3008 2642 3077 platani.

1492 3082 1643 3149 Quas
1663 3100 1832 3151 quam
1859 3082 2053 3135 insane
2087 3079 2364 3134 coluerint
2386 3078 2644 3143 Romani,

1491 3154 1674 3209 elucet
1729 3153 1984 3223 exemplo
2044 3151 2334 3206 Hortensii
2385 3151 2645 3212 oratoris,

1494 3226 1592 3294 qui
1623 3226 1856 3295 platano
1883 3242 2054 3293 quam
2088 3225 2148 3277 in
2167 3222 2482 3277 Tusculana
2506 3222 2648 3276 villa

1490 3301 1758 3366 posuerat
1819 3296 2016 3351 vinum
2077 3296 2196 3364 ipse
2257 3292 2506 3347 suffudit.
2577 3322 2644 3333 —-

1490 3367 1924 3509 'gffiffnfflgff
1972 3382 2284 3493 ἒέιῗιῗηὲ-ἰ
2322 3364 2644 3505 'ets-Vegfiaiil‘

1685 3480 1696 3491 .
1796 3480 1808 3500 .
1921 3478 1934 3491 .
2163 3479 2174 3491 .
2285 3478 2302 3505 ‚
2423 3478 2434 3490 .
2477 3478 2502 3506 „

1490 3512 1572 3565 les
1593 3510 1842 3566 Eurotae
1864 3511 2214 3581 progignunt
2237 3508 2470 3562 flumina
2495 3526 2644 3576 myr-

1492 3583 1638 3637 tus.“
1694 3612 1760 3622 —
1813 3583 1974 3651 copia
2021 3580 2270 3650 narium]
2321 3580 2426 3635 Est
2475 3584 2648 3634 meto-

1492 3654 1700 3723 nymia,
1763 3671 1876 3723 qua
1925 3669 2088 3707 nares
2137 3652 2400 3706 dicuntur
2453 3669 2647 3707 earum

1492 3742 1685 3780 rerum
1723 3725 1864 3793 loen,
1916 3726 2118 3793 quibus
2166 3741 2330 3778 neres
2367 3723 2646 3778 delectan-

1495 3802 1606 3851 tur.
1679 3796 1772 3851 Sic
1816 3796 2034 3851 Aelian.
2080 3796 2148 3849 V.
2185 3794 2254 3849 H.
2291 3794 2392 3863 111,
2437 3799 2492 3849 1:
2556 3799 2647 3846 καὶ

1495 3870 1649 3923 ἔστιν
1683 3864 1913 3939 ‹im-9122
1981 3868 2068 3921 ὧν
2103 3862 2416 3936 πανήγυρις.
2445 3894 2513 3905 -
2549 3866 2646 3919 oli-

1492 3940 1650 4011 vetis]
1690 3940 1797 3993 Est
1845 3940 1917 3993 ab
1941 3938 2128 3993 ativus
2173 3938 2310 4007 loci3
2365 3936 2464 3991 ubi
2511 3936 2648 3990 olim

1493 4011 1705 4066 oliveta
1729 4014 1909 4076 erant,
1932 4011 2014 4065 ibi
2051 4027 2200 4065 nunc
2222 4008 2462 4063 violaria
2498 4011 2645 4060 sunt.

1496 4081 1733 4149 Quintil.
1756 4080 1909 4151 VIII,
1929 4084 1980 4150 3,
2001 4081 2063 4135 8:
2107 4082 2230 4149 „An
2268 4097 2371 4150 ego
2408 4078 2647 4132 fundum

1496 4154 1793 4209 cultiorem
1839 4158 2048 4224 putem,
2094 4154 2154 4206 in
2191 4168 2300 4220 quo
2344 4150 2484 4203 mihi
2521 4150 2647 4218 quis

1495 4226 1808 4280 ostenderit
1850 4226 1972 4280 lilia
2009 4230 2068 4281 et
2102 4224 2280 4278 violas
2325 4225 2384 4275 et
2429 4236 2648 4294 anemo-

1496 4314 1617 4365 nas,
1636 4296 1820 4351 fontes
1845 4302 2152 4367 surgentes,
2173 4310 2340 4365 quam
2357 4292 2457 4346 ubi
2480 4292 2649 4361 plena

1496 4369 1693 4423 messis
1716 4372 1816 4422 aut
1837 4384 2038 4439 graves
2063 4367 2252 4421 fructu
2274 4365 2418 4419 vites
2445 4364 2649 4418 erunt?

1499 4440 1762 4495 Sterilem
1787 4440 2078 4508 platanum
2109 4442 2410 4505 tonsasque
2434 4440 2649 4504 myrtos

1500 4528 1670 4581 quam
1729 4510 1995 4565 maritam
2055 4510 2271 4563 ulmum
2331 4512 2392 4562 et
2448 4508 2649 4563 uberes

1500 4583 1652 4638 oleas
1689 4582 2140 4651 praeoptaverim
2153 4580 2214 4635 ?“
