3092 5059
457 236 542 300 96
1107 332 1112 337 .
1433 228 1896 327 oAlmmuu

773 448 822 489 ιε
959 418 1262 494 Mutare
1313 416 1573 517 loricis
1620 415 1936 492 Hiberis

1055 542 1454 619 Pollicitus
1501 542 1832 618 meliora
1878 538 2132 615 tendis
2150 540 2187 614 ’Β

1298 854 1683 941 CARMEN
1744 858 2005 941 XXX.

863 1019 932 1097 O
977 1021 1260 1117 Venus,
1313 1021 1583 1119 regina
1637 1020 1871 1099 Cnidi
1920 1024 2346 1127 Paphique,

863 1146 1163 1246 Sperne
1217 1145 1578 1221 dilectam
1635 1148 1949 1246 Cypron
2004 1162 2077 1224 et
2122 1152 2462 1227 vocantis

857 1271 1062 1347 Ture
1111 1284 1187 1346 te
1237 1269 1479 1346 multo
1535 1269 1917 1369 Glycerae
1972 1272 2335 1350 decoram

1061 1395 1432 1471 Transfer
1479 1396 1563 1470 in
1614 1395 1909 1471 aedem.

853 1546 1232 1623 Fervidus
1281 1560 1534 1623 tecum
1590 1572 1781 1647 puer
1832 1562 1909 1624 et
1959 1548 2228 1625 solutis

861 1673 1178 1752 Gratiae
1225 1672 1440 1747 zonis
1493 1686 2067 1771 properentque
2114 1675 2521 1777 Nymphae

855 1798 948 1871 Et
999 1825 1271 1897 parum
1325 1798 1565 1873 comis
1619 1798 1785 1872 sine
1835 1811 1913 1873 te
1965 1797 2325 1878 Iuventas

1053 1922 1673 2023 Mercuriusque.-

1564 2122 1765 2133 ——-

1286 2244 1669 2337 CARMEN
1726 2248 2035 2333 XXXI.

858 2418 1068 2511 Quid
1121 2416 1566 2493 dedicatum
1619 2415 1869 2513 poscit
1916 2414 2369 2516 Apollinem

457 2670 637 2727 Carm.
675 2669 721 2739 1,
759 2670 810 2737 2,
847 2671 898 2723 9.
939 2698 1005 2708 —
1053 2666 1298 2735 Hiberis]
1345 2684 1414 2721 ex
1451 2664 1603 2719 ferro

455 2743 686 2812 optimo,
722 2740 992 2811 Hispano,
1031 2738 1313 2794 confectis.
1340 2766 1405 2776 --
1443 2736 1604 2807 polli-

1704 2666 1853 2719 rium
1897 2666 2081 2721 minus
2119 2668 2417 2722 convenire
2454 2665 2681 2721 videtur
2731 2684 2861 2721 cum

1705 2738 1977 2793 eiusmodi
2012 2739 2231 2808 puellae
2268 2738 2610 2793 condicione.
2650 2766 2717 2777 -—
2773 2739 2862 2794 de-

455 2814 598 2869 citus
646 2812 896 2883 meliora]
951 2812 1103 2866 Haec
1149 2827 1371 2880 quoque
1416 2808 1603 2863 verbis
1702 2808 1903 2877 coram]
1966 2808 2216 2866 floribus.
2284 2840 2351 2851 -
2418 2809 2610 2865 solutis
2678 2810 2863 2879 sonus]

455 2902 665 2947 severa,
700 2902 762 2939 re
799 2885 984 2938 iocosa
1021 2888 1168 2937 sunt.

781 2997 1060 3053 Carmen
1095 2995 1272 3051 XXX.

527 3096 794 3163 Glycerae
830 3093 1053 3163 puellae
1077 3092 1284 3147 Veneri
1319 3108 1478 3146 sacra
1515 3090 1605 3145 fa-

453 3167 624 3222 cienti
643 3165 910 3220 Horatius
937 3165 1096 3235 quasi
1114 3164 1453 3235 opitulatum
1476 3180 1603 3217 evo·

454 3244 546 3295 cat
581 3240 742 3293 deam
769 3256 838 3290 ex
864 3236 1045 3290 solitis
1069 3235 1295 3289 sedibus
1325 3235 1384 3288 in
1409 3234 1603 3288 aedem

455 3311 746 3380 Glycera03
784 3308 931 3362 unde
957 3308 1226 3375 sequitur,
1248 3311 1313 3360 ut
1336 3307 1456 3377 ipse
1475 3306 1603 3375 Gly-

453 3398 616 3437 cerae
671 3385 829 3449 optet
888 3377 1368 3449 pulchritudinem
1427 3393 1603 3446 eaque

455 3455 646 3509 omnia
681 3469 824 3520 quae
851 3451 1328 3520 pulchritudinem
1365 3466 1602 3518 sequun-

451 3532 566 3594 tur,
604 3529 829 3595 augent,
866 3527 1215 3577 conservant.
1255 3552 1322 3561 -—
1361 3521 1444 3575 De
1473 3520 1602 3588 Gly-

454 3614 583 3651 cera
623 3596 750 3649 vide
786 3594 858 3649 ad
895 3594 1074 3648 Carm.
1113 3592 1156 3656 1,
1185 3592 1268 3662 19,
1305 3609 1486 3661 neque
1521 3596 1603 3646 te·

452 3684 608 3722 mere
645 3667 864 3735 coicis-s,
913 3666 1108 3721 eodem
1149 3664 1269 3720 fere
1314 3681 1425 3733 quo
1463 3663 1604 3717 illud

454 3745 712 3808 tempore
745 3738 852 3792 hoc
889 3754 1109 3807 quoque
1156 3738 1429 3807 scriptum
1469 3749 1603 3789 esse.

526 3811 591 3866 V.
633 3814 678 3864 1.
730 3808 916 3879 Ouidi]
955 3808 1186 3863 Pausan.
1225 3810 1345 3862 Att.
1383 3808 1426 3869 1,
1461 3810 1508 3875 1,
1543 3808 1602 3860 3:

455 3886 706 3953 „Kvtdaeot
731 3900 822 3953 τιμ
831 3876 1302 3953 ὥσινᾍφροδίτην
1312 3874 1603 3949 μάλιστα.“

456 3984 522 3995 -
563 3954 763 4023 Paphi]
806 3952 875 4007 cf.
913 3950 1073 4007 Hom.
1096 3952 1201 4007 Od.
1227 3952 1375 4018 VIII,
1397 3951 1502 4005 362
1521 3966 1603 4017 sq.

456 4056 526 4067 —
577 4028 724 4091 ture]
778 4024 980 4079 Veneri
1049 4024 1196 4077 enim
1258 4022 1490 4077 floribus
1545 4026 1605 4075 et

453 4102 583 4152 ture
641 4094 1075 4152 sacrificabatur.
1160 4094 1229 4150 cf.
1291 4095 1360 4148 ad
1419 4093 1601 4147 Carm.

453 4169 500 4238 1,
553 4172 634 4237 19,
684 4170 764 4222 14.
847 4166 1134 4221 claudian.
1200 4166 1261 4219 in
1315 4165 1482 4220 Prob.
1546 4169 1605 4218 et

457 4240 650 4309 Olybr.
689 4256 834 4295 eous.
876 4238 1004 4292 195:
1049 4254 1240 4306 „sacro
1277 4242 1406 4292 ture
1441 4252 1603 4291 voca·

455 4316 572 4365 tam
591 4312 914 4366 Iunonem.“
945 4338 1006 4349 -
1037 4308 1239 4379 aedem]
1278 4309 1376 4363 Cui
1417 4308 1603 4364 minus

455 4384 660 4451 placet,
706 4382 887 4438 aedem
941 4380 1081 4451 sing.
1130 4398 1281 4435 num.
1326 4396 1430 4451 pro
1481 4386 1605 4435 tota

455 4454 622 4508 domo
671 4454 865 4523 accipi,
911 4453 972 4506 id
1014 4452 1163 4521 quod
1199 4454 1485 4522 rarissime,
1521 4453 1602 4506 in-

457 4526 699 4591 venitur,
737 4527 783 4579 is
805 4529 1026 4594 partem
1056 4524 1268 4592 domun,
1289 4529 1353 4577 ut
1383 4525 1606 4591 atrium,

459 4596 780 4667 intellegat3
827 4596 1118 4665 proprium
1156 4595 1388 4650 Veneris
1425 4612 1606 4650 sacra·

1705 2881 2026 2936 discinctae.
2101 2882 2171 2937 cf.
2214 2882 2395 2937 Carm.
2444 2880 2539 2941 IV,
2588 2883 2638 2945 7,
2694 2882 2728 2935 5
2781 2898 2867 2951 sq.

1705 2951 1804 3015 111,
1844 2954 1926 3019 19,
1971 2954 2036 3007 16
2072 2971 2152 3023 sq.
2194 2984 2267 2993 —
2305 2952 2735 3024 properentque]
2778 2953 2865 3007 De

1594 3026 1603 3035 ’
1705 3024 2141 3093 transpositione
2199 3024 2509 3095 particulae
2566 3040 2668 3093 que
2730 3024 2867 3079 vide

1708 3095 1779 3149 ad
1834 3096 2015 3149 Carm.
2071 3096 2144 3165 11,
2194 3102 2245 3162 7,
2298 3098 2386 3151 25.
2443 3124 2509 3135 ·-
2572 3096 2865 3165 Iuventas]

1706 3166 1858 3221 Haeo
1894 3168 2151 3222 iuventae
2197 3168 2301 3222 dea
2338 3168 2482 3223 Iovis
2536 3172 2593 3221 et
2627 3166 2867 3221 Iunonis

1704 3236 1822 3293 filia
1858 3239 2084 3303 dicitur,
2135 3257 2168 3293 a
2204 3239 2429 3294 Graecis
2467 3238 2623 3293 Hebe
2671 3239 2868 3309 appel·

1704 3310 1837 3363 lata.
1910 3310 1981 3364 cf.
2028 3311 2193 3365 Carm
2259 3311 2333 3380 ΙΙ,
2373 3314 2456 3379 11,
2494 3313 2545 3364 5.
2593 3338 2662 3348 --
2712 3310 2867 3365 Her·

1706 3383 2015 3451 cariusque]
2064 3382 2349 3437 Plutarch.
2392 3382 2623 3452 Goniug.
2662 3380 2865 3437 Praec.

1706 3453 1987 3507 Prooem.:
2049 3457 2137 3519 „ol
2188 3456 2412 3507 παλαιοὶ
2460 3455 2527 3529 τῇ
2557 3450 2866 3527 Ἀφροδίτῃ

1704 3523 1805 3579 τὸν
1854 3522 2057 3595 Ἑρμῆν
2116 3526 2581 3595 συγκαθίδρυσαν,
2641 3522 2717 3584 ὥς
2770 3526 2871 3591 τῆς

1708 3602 1833 3667 περὶ
1880 3596 1979 3652 τὸν
2020 3592 2209 3667 γάμον
2252 3596 2453 3665 ἡδονῆς
2489 3594 2731 3666 μάλιστα
2768 3592 2868 3651 λό-

1706 3688 1809 3738 γου
1844 3668 2129 3740 δεομένης,
2182 3664 2277 3734 τήν
2311 3686 2369 3721 τε
2405 3666 2600 3722 Πειθὼ
2636 3672 2729 3721 καὶ
2768 3666 2871 3727 τὰς

1711 3734 1972 3808 Χάριτας,
1998 3744 2087 3794 ἵνα
2110 3746 2399 3799 πείθοντες
2422 3734 2863 3809 διαπράττωνται

1707 3812 1839 3881 παρ’
1877 3807 2119 3878 ἀλλήλων
2154 3808 2190 3864 ἃ
2223 3808 2525 3879 βούλονται,
2558 3810 2639 3883 μὴ
2676 3808 2871 3883 μαχό-

1704 3900 1862 3955 μενοι
1898 3884 2043 3957 μηδὲ
2084 3884 2529 3953 φιλονεικοῦντες.
2604 3882 2748 3937 Vide
2791 3884 2868 3937 ad

1708 3954 1890 4009 Carm.
1927 3956 1971 4025 Ι,
2014 3958 2093 4011 10.
2134 3954 2308 4011 Recte
2342 3956 2649 4010 Comment.
2686 3954 2865 4025 eruq.

1709 4027 2080 4095 „Meo-curius]
2122 4027 2255 4096 quia
2290 4027 2532 4081 multum
2557 4026 2711 4080 valet
2744 4027 2868 4081 elo·

1707 4100 1939 4167 quentia
1983 4099 2053 4153 ad
2099 4116 2344 4153 amorem
2394 4098 2867 4155 conciliandum.“

1706 4169 1792 4225 De
1830 4176 2063 4239 quaestu
2099 4170 2353 4225 faciendo
2389 4170 2507 4224 noli
2545 4169 2816 4240 cogitare.

2018 4283 2304 4339 Carmen
2341 4283 2542 4339 XXXI.

1784 4381 1985 4435 Caesar
2040 4379 2378 4435 Octavianus
2432 4398 2557 4436 cum
2612 4379 2869 4435 victoria

1712 4452 1782 4506 ad
1815 4453 2041 4507 Actium
2078 4454 2531 4521 promunturium
2566 4454 2871 4521 reportata

1708 4540 1848 4577 nnus
1898 4524 2193 4594 imperium
2240 4529 2459 4578 teneret
2502 4524 2869 4592 maximeque

1707 4596 1768 4650 id
1806 4601 2015 4665 ageret,
2064 4601 2131 4649 ut
2167 4597 2345 4650 otium
2394 4601 2453 4650 et
2488 4600 2702 4650 rectum
2742 4600 2869 4650 sta·
