3092 5059
486 193 610 258 572

1368 191 1992 261 EPISTULARUM

585 377 957 456 Formido
1013 389 1107 476 et,
1162 378 1523 454 luctantis
1571 393 1797 454 acuto
1852 405 1952 456 ne
2003 405 2220 457 secer
2268 381 2536 480 ungui,

586 504 1007 604 „Displicet
1050 504 1195 580 iste
1236 500 1498 580 locus“

1553 504 1803 580 clamo
1857 518 1936 582 et
1977 504 2276 582 diludia
2318 533 2582 605 posco.

582 630 847 707 Ludus
899 629 1103 706 enim
1152 630 1422 728 genuit
1469 630 1860 730 trepidum
1911 645 2299 709 certamen
2349 645 2430 709 et
2477 633 2702 730 iram,

584 755 713 832 Ira
768 769 1019 832 truces
1068 755 1511 832 inimicitias
1563 767 1638 831 et
1688 756 2018 833 funebre
2069 755 2383 834 bellum.

1322 1079 1780 1166 EPISTULA
1843 1081 2026 1166 XX.

585 1245 1094 1321 Vertumnum
1136 1245 1590 1346 Ianumque,
1645 1246 1870 1342 liber,
1924 1257 2272 1347 spectare
2325 1244 2608 1320 videris

588 1368 894 1447 Scilicet
942 1383 1027 1446 ut
1074 1383 1371 1468 prostes
1424 1370 1818 1448 Sosiorum
1871 1372 2180 1473 pumice
2231 1369 2581 1446 mundus.

590 1494 846 1572 Odisti
895 1497 1147 1572 claves
1201 1509 1279 1572 et
1326 1509 1551 1594 grata
1599 1495 1856 1595 sigilla
1905 1496 2230 1598 pudic03

488 1754 614 1808 dica
649 1771 871 1825 gemma
907 1756 965 1809 in
990 1757 1195 1810 attritu
1218 1755 1480 1811 sudorem
1502 1772 1634 1825 pur-

486 1843 723 1896 pureum
758 1828 1003 1883 manat.“
1034 1857 1101 1867 —-
1136 1827 1390 1898 naribus]
1429 1825 1497 1882 cf.
1520 1827 1635 1882 Sat.

1771 1755 1949 1822 osuit3
1986 1753 2190 1810 deinde
2231 1753 2328 1823 qui
2364 1753 2522 1808 annis
2553 1755 2588 1806 7
2591 1754 2664 1806 34
2688 1757 2756 1808 et
2795 1755 2902 1806 735

1731 1827 1984 1882 consules
2033 1830 2212 1894 erant,
2270 1825 2504 1880 Horatio
2564 1828 2667 1879 aut
2727 1825 2904 1895 plane

486 1897 533 1966 1,
571 1898 621 1960 6,
657 1900 708 1952 5.
744 1897 816 1966 11,
851 1901 903 1966 8,
940 1901 1027 1954 64.
1063 1899 1245 1968 Epist.
1282 1900 1325 1960 Ι,
1363 1903 1414 1967 5,
1450 1900 1538 1952 23.
1569 1929 1634 1940 -
1705 1899 1914 1970 ignoti
1943 1901 2042 1951 aut
2072 1915 2186 1952 non
2211 1896 2520 1952 familiares
2540 1901 2740 1966 erant3
2777 1902 2904 1950 tum

487 1937 708 2023 diludia
738 1970 927 2053 posco]
982 1973 1259 2040 „spatium
1303 1971 1636 2026 emendandi

486 2041 753 2109 carmina,
798 2046 856 2095 et
891 2043 1359 2097 intermissionem
1396 2059 1463 2097 ac
1496 2043 1634 2098 dila·

486 2113 699 2168 tionem
736 2131 989 2184 exposco.
1064 2115 1296 2170 Diludia
1332 2119 1519 2169 autem
1553 2115 1635 2169 di-

486 2189 690 2239 cuntur
728 2189 997 2254 tempora,
1038 2204 1179 2254 quae
1225 2186 1636 2257 gladiatoribus

488 2257 870 2311 conceduntur
938 2258 1087 2312 inter
1156 2259 1275 2314 dies
1340 2276 1634 2314 munerum

489 2328 693 2396 quibus
714 2330 1052 2399 pugnatur-‘⁴
1079 2329 1286 2385 Comm.
1311 2331 1474 2400 Cruq.
1499 2330 1636 2385 Inde

487 2401 658 2454 etiam
694 2399 871 2464 ludus,
913 2403 1009 2470 qui
1047 2403 1201 2456 locus
1236 2407 1336 2461 est.
1383 2403 1479 2456 ubi
1519 2403 1634 2472 gla-

486 2472 732 2526 diatores
770 2473 1003 2526 batuere
1042 2478 1097 2528 et
1132 2474 1336 2528 luctari
1364 2474 1637 2529 doceban-

484 2549 598 2597 tur.
637 2541 1108 2612 Cfr.Epioha1-m.
1148 2545 1296 2614 apud
1334 2545 1539 2600 Athen.
1563 2547 1635 2610 11,

390 2663 398 2670 .
486 2617 537 2669 3.
574 2633 628 2684 p.
650 2616 745 2668 83.
786 2617 884 2683 „gx
893 2616 1032 2698 μὲν
1066 2621 1265 2676 θυσίας
1298 2622 1528 2682 θοίνη..
1538 2613 1636 2671 Ἐκ

484 2686 549 2739 δὲ
598 2691 785 2751 θοίνης
831 2685 995 2746 πόσις
1030 2687 1263 2776 ἐγένετο.
1302 2695 1371 2742 Β.
1409 2685 1636 2773 Χάριεν,

486 2753 559 2817 ὥς
601 2761 674 2826 γέ
713 2777 813 2828 μοι
861 2759 1028 2812 δοκεῖ.
1072 2767 1145 2813 Α.
1189 2755 1279 2814 Ἐκ
1324 2761 1389 2812 δὲ
1439 2757 1638 2820 πόσιος

484 2829 688 2900 κῶμος,
738 2830 800 2882 ἐκ
845 2825 1037 2918 κώμου
1078 2831 1129 2883 δ’
1168 2832 1386 2901 ἐγένετο
1432 2839 1636 2886 θυανία

484 2901 575 2964 (al.
638 2901 873 2969 συανία).
945 2898 1033 2955 Ἐκ
1095 2903 1159 2956 δὲ
1220 2909 1450 2962 &varlas
1510 2905 1635 2970 δίκη

486 2971 684 3042 [γένει’
710 2973 773 3025 ἐκ
810 2974 961 3038 δίκης
999 2974 1062 3027 δὲ
1102 2975 1408 3059 καταδίκη],
1440 2971 1529 3028 Εκ
1569 2977 1633 3030 δὲ

485 3044 781 3110 καταδίκης
818 3047 985 3100 πέδαι
1006 3063 1065 3099 τε
1102 3051 1195 3100 καὶ
1229 3041 1509 3118 σφάκελος
1543 3052 1636 3101 καὶ

485 3117 701 3186 ζημίαμ

822 3228 1145 3298 Epistula
1181 3231 1302 3286 XX.

557 3323 743 3389 „Haec
778 3341 905 3378 cum
950 3327 1098 3381 libro
1144 3345 1243 3382 suo
1280 3329 1508 3383 videtur
1555 3331 1633 3383 lo-

485 3363 600 3463 qu’i,
638 3413 803 3464 quem
839 3402 969 3452 ante
995 3399 1317 3482 impositum
1343 3400 1511 3456 finem
1540 3417 1633 3455 cu-

482 3466 679 3535 pidum
714 3485 831 3522 esse
866 3468 1005 3524 dicit
1040 3473 1099 3524 in
1137 3472 1425 3540 publicum
1463 3474 1632 3542 prod·

484 3538 668 3622 eundi,
733 3557 858 3593 cum
920 3542 1071 3595 domi
1134 3544 1499 3599 continendus
1561 3545 1636 3599 sit

483 3627 555 3664 ne
604 3610 661 3663 in
710 3629 943 3682 magnos
988 3615 1225 3668 lectores
1264 3616 1515 3671 incidens
1551 3616 1632 3669 vi-

482 3685 790 3764 tuperetur.
796 3685 828 3711 “
892 3683 1222 3754 PorphyriO.
1295 3687 1505 3742 Addita
1549 3693 1634 3742 est

410 3773 416 3780 ·
484 3753 634 3807 enim
686 3753 823 3808 haec
868 3758 1109 3825 epistula
1164 3759 1323 3826 quasi
1380 3760 1634 3830 epilogus

482 3842 596 3877 non
632 3825 957 3894 Epodorum
994 3829 1161 3896 libro,
1199 3847 1365 3898 quem
1400 3836 1636 3900 propter

480 3897 729 3951 rationes
760 3899 1045 3983 Jtohrcxdzs·
1078 3919 1222 3956 anno
1266 3902 1489 3956 demum
1526 3905 1632 3956 733

482 3968 697 4022 editum
754 3970 961 4026 iniuria
1016 3973 1283 4056 suspicati
1337 3980 1470 4027 sunt
1522 3977 1633 4028 viri

483 4039 653 4106 docti,
700 4041 795 4095 sed
841 4043 972 4097 huic
1016 4045 1123 4113 ipsi
1162 4045 1529 4113 epistularum
1567 4047 1631 4100 li-

482 4111 599 4164 bro.
638 4081 841 4167 Versus
878 4116 1025 4169 euim
1056 4115 1143 4183 28,
1182 4135 1293 4184 quo
1330 4135 1509 4171 annus
1549 4119 1632 4172 in·

482 4183 705 4236 dicatur
752 4187 855 4238 733
899 4205 949 4240 a.
988 4205 1043 4240 u.
1081 4205 1147 4254 c.,
1198 4188 1339 4242 nihil
1396 4188 1511 4258 imp
1514 4189 1636 4244 edit

482 4256 776 4322 quominus
832 4257 1045 4312 duobus
1092 4259 1181 4313 vel
1236 4261 1417 4314 tribus
1468 4263 1627 4315 annis

480 4330 610 4393 post
666 4327 911 4383 Lollium
982 4331 1264 4384 consulem
1328 4332 1628 4398 epistulam

481 4399 748 4464 scriptam
782 4401 1086 4455 credamus.
1142 4401 1327 4457 Lollio
1366 4403 1630 4458 honorifi-

487 4483 613 4519 cum
664 4474 787 4522 erat
840 4473 989 4540 quod
1038 4473 1305 4528 Horatius
1352 4475 1459 4530 hoc
1505 4477 1628 4531 loco

486 4537 690 4590 iterum
708 4545 933 4596 mutuae
946 4544 1229 4600 amicitiae
1245 4547 1629 4602 testimonium

1733 1971 1964 2025 accessit
1997 1969 2104 2024 hoc
2140 1985 2378 2038 quoque,
2419 1968 2570 2038 quod
2597 1983 2786 2022 annus
2810 1985 2902 2022 ae-

1733 2043 1870 2096 tatis
1893 2041 2350 2112 quadragesimus
2381 2045 2616 2109 quartus
2638 2039 2860 2095 facile
2843 2059 2904 2094 m

1771 2119 1926 2168 nater
1961 2113 2214 2168 undenos
2252 2129 2426 2166 annos
2461 2111 2644 2166 dividi
2681 2113 2901 2182 potuit.

1731 2131 2000 2240 §olebant
2055 2185 2204 2239 enim
2257 2189 2459 2254 poetae
2515 2183 2574 2236 in
2637 2184 2904 2238 versibus

1729 2273 2266 2398 Ξῖέἑὶἒᾛέἷὲἒ
2307 2255 2676 2397 Ξῑὲῗέοἳῑ
2701 2259 2906 2382 Ρὲῗὲἒ

1730 2417 1907 2470 genus
1944 2369 2115 2454 habes
2155 2399 2334 2454 Carm.
2361 2398 2434 2460 ΙΙ,
2460 2401 2514 2466 4,
2539 2399 2628 2451 22.
2665 2397 2902 2453 Postre-

1731 2490 1822 2527 mo
1856 2472 1998 2527 bene
2036 2470 2598 2526 animadvertendum
2634 2475 2747 2539 est,
2789 2470 2904 2524 Ho-

1729 2544 1938 2598 ratium
1989 2561 2104 2597 non
2153 2543 2364 2598 dicere:
2421 2559 2514 2596 me
2555 2542 2706 2596 sciat
2763 2541 2906 2596 haec

1731 2616 2016 2684 scripsisse
2066 2615 2253 2668 Lollio
2305 2613 2521 2698 Lepido
2575 2631 2746 2681 cose„
2805 2615 2902 2667 sed

1730 2687 2064 2756 simpliciter
2089 2686 2354 2748 indicare,
2388 2686 2457 2740 iis
2481 2703 2540 2739 se
2565 2685 2904 2740 consulibus

1731 2759 2109 2830 quadraginta
2147 2762 2417 2826 quattuor
2462 2773 2640 2812 annos
2693 2762 2904 2812 natum

1729 2829 1915 2884 fuisse.
2014 2829 2227 2897 Quibus
2287 2829 2357 2883 de
2419 2829 2598 2882 causis
2669 2830 2902 2883 etiamsi

1729 2902 1878 2955 inter
1923 2901 2190 2970 epistulas
2241 2901 2433 2970 plures
2477 2905 2612 2954 sunt
2657 2917 2814 2969 quae
2851 2919 2900 2953 a.

1731 2975 1836 3027 734
1882 2974 2126 3042 scriptae
2173 2973 2457 3040 videntur,
2511 2977 2710 3026 tamen
2761 2973 2902 3026 haec

1729 3045 1972 3114 epistula
1997 3045 2255 3100 omnibus
2293 3043 2454 3114 quasi
2491 3049 2686 3098 custos
2723 3051 2788 3098 et
2812 3061 2900 3098 co-

1727 3133 1842 3170 mes
1867 3116 2003 3170 data
2027 3121 2127 3170 est.
2166 3115 2378 3170 Similis
2403 3121 2610 3170 natura
2639 3123 2736 3170 est
2769 3115 2901 3170 Ovi-

1727 3189 1809 3243 dii
1847 3188 2122 3256 epistulae
2145 3189 2362 3257 primae
2387 3187 2662 3241 Tristium
2687 3189 2832 3242 libri
2857 3189 2900 3240 L

1801 3259 1864 3312 V.
1908 3263 1954 3313 1.
2005 3258 2388 3329 Vertumnum]
2441 3259 2557 3313 Sat.
2596 3259 2669 3323 11,
2718 3261 2774 3326 7,
2819 3262 2902 3312 14.

1728 3333 1905 3385 Acro.
1947 3330 2327 3399 „Vertumnus
2365 3334 2424 3384 et
2439 3331 2608 3386 Ianus
2641 3331 2732 3386 dii
2771 3337 2902 3385 sunt

1730 3404 1827 3471 qui
1873 3409 2142 3472 praesunt
2189 3403 2434 3470 negotiis
2479 3404 2799 3457 ementium
2847 3413 2898 3457 et

1729 3475 2118 3543 vendentium,
2175 3479 2306 3528 ante
2371 3491 2610 3542 quorum
2677 3477 2902 3544 templa
3010 3533 3011 3539 ¹

1729 3551 1892 3600 erant
1935 3547 2077 3608 loca,
2134 3547 2191 3599 in
2242 3545 2445 3614 quibus
2503 3563 2632 3600 cum
2691 3549 2900 3602 ceteris

1728 3619 1896 3672 rebus
1931 3619 2108 3672 etiam
2144 3617 2276 3671 libri
2304 3619 2528 3672 venales
2553 3621 2788 3672 erant.“
2823 3620 2897 3672 Et

1729 3689 1858 3744 vide
1897 3689 1967 3743 ad
2007 3689 2121 3744 Sat.
2149 3689 2298 3756 11,3,
2327 3689 2411 3742 18.
2461 3689 2896 3744 Doederlinius:

1731 3761 1829 3828 „fv
1867 3761 1960 3813 διὰ
2005 3761 2168 3814 δυοῖν
2195 3777 2325 3830 pro:
2366 3777 2496 3815 eum
2531 3761 2760 3830 Ianum,
2801 3765 2894 3830 qui
3007 3751 3009 3764 ¹

1733 3833 2016 3902 proximus
2051 3837 2153 3889 est.
2175 3831 2474 3886 Vortumni
2513 3833 2696 3903 signo.
2701 3833 2742 3862 ‘⁴
2812 3835 2896 3888 Ibi

1729 3905 1878 3958 enim
1916 3904 2258 3972 bibliopolae
2295 3921 2411 3958 esse
2444 3905 2742 3974 librosque
2769 3923 2895 3960 ven-

1728 3975 1861 4030 dere
1918 3975 2190 4029 solebant.
2252 4005 2318 4015 —

1727 4047 1930 4102 fratres
1971 4052 2134 4101 erant
2169 4047 2890 4117 bibliopolae.A.P.8-15.

1725 4117 2672 4260 {amramitis-3323.
2695 4120 2890 4246 ffi

1723 4262 1961 4330 pumicis
1999 4262 2146 4316 aridi
2257 4262 2395 4316 litus
2430 4265 2724 4316 Arcanum

1723 4351 1886 4404 peras
1923 4334 2097 4402 sequi,
2135 4334 2176 4387 li
2219 4334 2377 4388 e.“lle
2443 4333 2520 4387 id.
2543 4333 2591 4394 1,
2627 4335 2756 4402 118,
2799 4339 2884 4387 14:

1728 4405 2034 4474 D„ominus
2073 4405 2342 4460 tabernae
2379 4405 2463 4459 De
2501 4406 2692 4474 primo
2729 4375 2884 4461 dabit

1725 4477 1974 4532 alterove
2009 4477 2144 4531 nido
2165 4477 2376 4532 Rasum
2409 4477 2638 4546 pumice
2678 4495 2882 4563 purpu-

1725 4565 1902 4618 raque
1939 4549 2154 4604 cultum
2191 4547 2454 4604 Denariis
2487 4549 2600 4604 tibi
2637 4551 2880 4619 quinque

2380 3974 2686 4046 Sosim]
2751 3977 2892 4032 Sosii
3005 3983 3007 3994 ²
