3092 5059
1112 238 1274 305 LIB.
1315 239 1367 305 Ῑ-.
1411 239 1598 306 SAT.
1638 239 1713 305 V.
1758 240 1869 306 VI.

2578 242 2700 307 387

401 424 596 501 Dum
650 425 962 501 flamma
1013 426 1178 503 sine
1229 439 1403 503 tura
1453 427 1880 527 liquescere
1932 426 2199 503 limine
2250 452 2465 503 sacro

307 584 378 623 ιω
401 549 880 627 Persuadere
919 551 1149 649 cupit.

1255 550 1542 629 Credat
1592 551 1923 629 Iudaeus
1984 551 2283 651 Apella,
2350 632 2355 635 ,

405 674 577 749 Νοιι
619 699 799 773 eg03
854 700 1188 775 nemque
1228 674 1412 751 deos
1451 674 1692 751 didici
1738 702 2089 752 securum
2126 700 2361 773 agere
2398 702 2700 773 aevum,

399 799 562 875 Nec
613 802 678 875 si
732 799 917 900 quid
969 802 1148 876 miri
1201 800 1436 876 faciat
1485 813 1778 896 natura,
1828 802 2015 878 deos
2066 802 2149 877 id

401 926 688 1002 Tristes
737 952 829 1002 ex
883 924 1035 1000 alto
1085 924 1282 1001 caeli
1323 925 1724 1003 demittere
1774 939 1999 1003 tecto.

399 1051 898 1127 Brundisium
951 1050 1232 1149 longae
1281 1050 1455 1125 finis
1507 1050 1967 1151 chartaeque
2020 1052 2343 1151 viaeque
2394 1066 2529 1127 est.

1248 1391 1571 1478 SA'mRA
1653 1393 1783 1479 VI.

401 1555 600 1650 Non,
662 1556 866 1654 quia,
917 1556 1345 1651 Maecenas,
1403 1557 1798 1656 Lydorum
1855 1558 2227 1658 quicquid
2276 1558 2633 1632 Etruscos

399 1677 738 1753 Incoluit
783 1679 1000 1777 fines,
1055 1705 1281 1755 nemo
1332 1683 1783 1778 generosior
1836 1695 1951 1757 est
1996 1696 2096 1778 te,
2158 1744 2161 1749 .

299 1934 581 1990 d’Anmo
633 1935 938 1991 secundum
981 1936 1456 1993 Welckensrium.

299 2005 614 2075 Incipiebat
651 2006 732 2061 ibi
769 2008 861 2061 via
897 2008 1157 2078 Egnatia.
1208 2008 1350 2063 Plin.
1387 2009 1455 2063 N.

300 2076 370 2132 Η.
413 2077 643 2146 111,11:
701 2078 1040 2147 „Brundisio
1076 2082 1456 2135 conterminus

300 2148 694 2205 Pediculorum
793 2168 871 2205 er.
931 2150 1322 2207 Pediculorum
1359 2168 1456 2221 op-

299 2220 434 2345 Ede
459 2220 700 2284 Rhudie,
869 2223 1004 2291 atie,
1038 2223 1266 2291 Barion,
1309 2224 1456 2279 unde

361 2310 470 2361 pyx
509 2310 544 2346 e
563 2292 800 2347 Daedali
835 2294 972 2361 filio,
1009 2312 1044 2349 a
1070 2312 1180 2363 quo
1213 2300 1272 2349 et
1295 2295 1453 2364 Iapy-

299 2364 430 2433 gia!
433 2363 770 2433 ‘Lymphae
795 2365 1034 2421 latinum
1059 2383 1260 2421 nomen
1285 2367 1452 2434 Nym-

298 2433 556 2572 plhsrum.
619 2435 703 2490 De
739 2436 846 2491 hoc
882 2437 1090 2507 oppido
1116 2438 1257 2491 Plin.
1287 2438 1354 2492 N.
1382 2438 1452 2491 H.

398 2506 522 2559 111-
563 2506 662 2573 „In
699 2506 988 2563 Salentino
1033 2509 1240 2579 oppido
1267 2509 1452 2579 Egna-

299 2577 382 2631 tie
416 2578 676 2647 imposito
723 2579 883 2649 ligno
931 2580 990 2633 in
1041 2597 1239 2635 sexum
1279 2580 1453 2649 quod-

299 2648 426 2703 dam
471 2648 552 2703 ibi
598 2668 818 2705 sacrum
866 2652 1123 2720 protinus
1171 2652 1455 2707 flammam

299 2721 618 2775 exsisteref‘
646 2750 710 2761 —-
735 2722 958 2789 flamma
1003 2724 1144 2792 sine]
1179 2724 1258 2777 De
1293 2740 1454 2792 prae-

297 2792 584 2931 ffisitione
623 2794 941 2864 postposite
985 2795 1114 2850 vide
1163 2795 1234 2849 ed
1271 2796 1454 2850 Carm.

421 2866 454 2918 8
505 2867 564 2917 11
617 2894 682 2905 —
709 2864 952 2919 Iudaeus
988 2865 1210 2937 Apella]
1251 2866 1456 2936 Apella.

297 2936 552 2990 libertini
581 2935 1059 3020 nomen.1udseis
1096 2938 1168 2993 eb
1196 2941 1454 3009 Augusto

295 3024 620 3063 concessum
656 3013 741 3062 est
775 3012 840 3063 ut
881 3009 940 3062 in
979 3026 1010 3063 ι·
1088 3009 1209 3064 'one
1247 3008 1453 3065 Trans·

293 3078 545 3134 tiberina.
607 3080 948 3135 habitarent.
1087 3081 1188 3136 icit
1249 3082 1456 3151 igitur,

297 3150 571 3205 eiusmodi
615 3152 901 3207 miraculis
961 3154 1239 3207 neminem
1285 3152 1454 3236 fidem

295 3239 458 3292 posse
483 3222 692 3278 hebere
727 3222 836 3277 nisi
865 3222 1152 3279 credulum
1177 3224 1454 3295 magicae·

299 3312 408 3363 que
444 3296 558 3349 arti
594 3294 847 3349 deditum
883 3295 1168 3351 Iudaeum.
1207 3296 1351 3350 Plin.
1386 3296 1453 3351 N.

296 3364 709 3434 H.XXX1,1:
785 3366 925 3435 „Est
961 3373 1020 3421 et
1063 3368 1174 3422 alia
1209 3368 1457 3437 magices

298 3436 471 3492 factio
521 3455 556 3491 a
589 3406 800 3507 Moyse
827 3442 883 3492 et
918 3438 1112 3493 Iamne
1157 3444 1214 3495 et
1261 3439 1454 3509 Iotape

297 3509 520 3563 Iudaeis
556 3508 820 3577 pendens,
855 3510 952 3565 sed
999 3510 1192 3565 multis
1227 3510 1456 3566 milibus

299 3597 575 3635 annorum
651 3585 741 3635 ost
773 3580 1148 3637 zoroastrem.
1152 3583 1185 3611 “
1247 3582 1329 3637 De
1367 3582 1454 3637 Iu·

298 3652 454 3707 dacis
496 3652 567 3706 cf.
644 3658 721 3705 at.
760 3651 805 3723 Ι,
842 3655 898 3722 4,
943 3656 1058 3708 148.
1101 3654 1145 3721 1,
1181 3655 1236 3723 9,
1272 3656 1360 3709 70.
1389 3684 1452 3695 --

295 3724 424 3779 deos
445 3722 646 3791 aidica]
672 3690 934 3778 Imitatus
953 3730 1042 3779 est
1055 3725 1310 3781 Lucretii
1333 3743 1454 3780 ver·

299 3812 424 3849 sum
446 3794 528 3863 (V,
539 3796 625 3849 83.
647 3794 724 3849 VI
727 3798 870 3864 ‚:57)
897 3796 1076 3865 „Nam
1093 3798 1235 3853 bene
1256 3798 1454 3867 quidi-

298 3866 486 3921 dicere
521 3867 654 3921 deos
690 3884 945 3951 securum
985 3886 1154 3939 egere
1203 3870 1456 3924 aevum!⁴

296 3938 604 3993 Profitetur
621 3938 888 3994 Horatius
919 3939 1102 3995 iocose
1121 3940 1352 4010 Epicuri
1371 3939 1454 3994 di·

297 4010 606 4080 sciplinsm.
639 4010 748 4067 cic.
775 4010 847 4065 de
872 4010 978 4081 leg.
1005 4010 1048 4077 Ι,
1075 4014 1131 4064 7·
1161 4011 1431 4080 ,,ιιι1ιι1οιι

295 4098 424 4137 rere
447 4082 636 4150 deum,
653 4098 758 4137 nec
782 4083 870 4135 sui
893 4099 998 4137 nec
1026 4083 1248 4137 ειΙιιιιιι.ιι
1286 4081 1454 4153 Diog-

297 4152 485 4207 Laert.
495 4154 566 4220 X,
579 4154 738 4239 188ε,
741 4151 819 4235 ,τὸ
839 4148 1115 4224 μακάριον
1129 4148 1455 4239 καὶαφθαρ·

293 4242 392 4279 πον
409 4220 530 4279 οὔτε
547 4220 677 4279 αὐτὸ
701 4193 1000 4294 πράγματα
1023 4226 1052 4279 ἔ
1091 4242 1138 4279 ει
1163 4242 1284 4279 ουιε
1313 4220 1457 4295 ἄλλῳ

297 4296 586 4367 παρέχειέῑ
625 4295 694 4351 cf.
735 4296 846 4351 Cic.
883 4297 954 4353 de
992 4314 1025 4351 o
1072 4296 1224 4364 .‚111
1261 4296 1348 4379 28.
1387 4297 1458 4351 (ιθ

297 4368 474 4423 divin.
503 4366 574 4431 11,
608 4370 690 4421 17.
728 4367 866 4422 Inde
901 4368 1072 4423 etiem
1101 4368 1234 4423 setis
1273 4368 1457 4425 iocose

295 4458 362 4495 ec
397 4439 572 4494 libere
619 4439 914 4495 tristitiem
961 4444 1020 4495 et
1066 4456 1228 4495 cures
1277 4458 1311 4495 a
1347 4439 1456 4495 diis

293 4511 506 4567 alienes
543 4528 662 4567 esse
706 4512 1162 4581 pronuntietm—
1205 4510 1454 4567 Brundi·

293 4582 462 4653 sium]
523 4582 596 4636 sb
655 4582 901 4654 Egnatia
966 4582 1217 4639 distabat
1272 4582 1454 4637 XLIV

1549 1938 1626 1993 M.
1664 1938 1727 1993 P.
1796 1939 1959 1994 Nunc
1993 1937 2261 1994 Brindisi.
2332 1938 2529 1995 Totius
2576 1936 2703 1992 viee

1547 2010 1963 2081 longitudinem
2002 2010 2425 2065 Wslckenuius
2466 2026 2585 2065 esse
2620 2008 2703 2063 di-

1550 2082 1631 2137 cit
1666 2081 2059 2137 cchxxvn
2100 2082 2177 2137 M.
2216 2082 2297 2143 P.
2336 2087 2395 2137 et
2428 2083 2540 2137 iter
2572 2096 2703 2135 con-

1547 2153 1755 2209 fectum
1822 2158 1907 2209 est
1970 2153 2423 2222 quattuordecim
2492 2152 2703 2207 diebus.

1549 2224 1792 2281 Orellius
1838 2230 2036 2281 contre
2081 2225 2399 2294 quindecim
2444 2224 2564 2279 dies
2612 2223 2703 2279 iti-

1546 2298 1700 2351 neris
1767 2295 1937 2351 fuisse
1992 2298 2141 2359 vult.
2208 2314 2337 2352 nem
2396 2294 2705 2351 Beneventi

1547 2370 1620 2438 (v.
1648 2369 1737 2437 71)
1774 2386 1998 2437 quoque
2034 2368 2415 2425 Maecenatem
2448 2367 2705 2423 comites-

1547 2457 1657 2509 que
1681 2446 2035 2509 pernoctasse
2056 2440 2395 2509 suspicatum
2422 2438 2701 2493 Fritschio

1545 2512 1926 2638 zepgendecirg
1952 2512 2177 2651 {rismum
2203 2511 2399 2637 ᾶιὲἒιιε
2440 2511 2550 2593 iter
2574 2527 2705 2634 mut

1570 2601 1757 2638 ecum
1822 2602 1879 2637 vi
1920 2601 2076 2639 eur
2148 2600 2255 2652 poe
2319 2600 2373 2637 m
2442 2598 2591 2636 emm
2646 2598 2679 2635 e

1545 2674 1601 2709 v.
1640 2657 1707 2709 97
1746 2656 1897 2711 ιιιιθι
1934 2656 2165 2711 Barium
2214 2660 2273 2711 et
2307 2654 2610 2725 Egnatium
2644 2656 2704 2706 et

1545 2730 1749 2781 v.103
1798 2728 1951 2783 inter
1994 2726 2302 2797 Egnatium
2356 2730 2414 2780 et
2462 2723 2703 2779 Brundi-

1545 2798 1693 2853 sium
1736 2800 1944 2865 locum,
2006 2800 2067 2853 ιιι
2122 2816 2233 2868 quo
2286 2794 2707 2867 pernoctaverit

1547 2888 1673 2925 cum
1697 2870 2014 2939 comitibus,
2040 2870 2341 2925 obscurum
2370 2868 2703 2951 ignobilem·

1545 2959 1656 3011 que
1692 2960 1805 2997 non
1840 2942 2179 2997 nominasse.
2256 2942 2443 2996 Aliter
2480 2940 2613 3009 Desj
2618 2958 2705 2995 er-

1545 3012 1689 3077 dins,
1742 3015 1833 3069 cui
1880 3014 2151 3068 tredecim
2199 3012 2320 3068 dies
2363 3012 2438 3067 sd
2494 3012 2702 3067 facien-

1546 3085 1681 3140 dum
1704 3086 1815 3140 iter
1838 3084 2142 3141 sufficiunt.
2180 3084 2323 3139 Vide
2344 3101 2515 3154 supra
2538 3102 2592 3138 v.
2614 3083 2703 3137 45.

1924 3197 2199 3252 Satira
2234 3194 2330 3250 VI.

1618 3292 1727 3360 Qui
1780 3297 1933 3348 recte
1986 3293 2263 3349 rationem
2318 3289 2702 3347 considerave-

1545 3364 1649 3429 ιιι,
1704 3382 1817 3435 que
1874 3370 2043 3434 poete
2108 3364 2308 3419 satiras
2385 3380 2510 3417 sues
2567 3362 2705 3416 oriri

1546 3436 1667 3507 ipse
1722 3436 1871 3491 dixit
1918 3436 2598 3498 Sat.1‚4,134-139.
2656 3434 2705 3487 ιιι

1545 3526 1661 3564 ιιοιι
1714 3508 2018 3563 mirabitur
2081 3507 2319 3563 alteram
2382 3524 2453 3561 ex
2524 3506 2705 3560 altera

1547 3580 1708 3649 quasi
1768 3580 1937 3635 nasci.
2047 3579 2139 3634 Sic
2202 3578 2341 3633 haec
2410 3582 2571 3633 sexte
2634 3592 2703 3630 ex

1547 3654 1749 3721 quinta
1784 3658 1911 3707 orta
1945 3651 2185 3707 videtur.
2260 3650 2349 3705 Ibi
2384 3651 2535 3705 enim
2572 3664 2702 3702 eum

1547 3724 1808 3779 comitem
1857 3741 1917 3777 se
1962 3727 2023 3778 et
2064 3722 2440 3779 convictorem
2486 3720 2701 3775 Maece·

1545 3796 1697 3851 netis
1748 3794 1975 3864 publice
2030 3794 2429 3876 proposuisset,
2495 3792 2703 3847 iterum

1549 3872 1813 3937 expertus
1850 3871 1935 3921 est
1982 3866 2135 3936 quod
2178 3866 2317 3920 olim
2360 3865 2421 3917 ιιι
2472 3863 2611 3918 Asis.
2646 3865 2705 3916 et

1547 3938 1783 3993 Graecia
1820 3956 1949 3993 cum
1990 3938 2251 3993 tribunus
2298 3936 2509 4007 legioni
2544 3950 2705 4004 pree-

1546 4015 1709 4075 esset,
1772 4010 2047 4065 invidiam
2108 4010 2360 4064 homines
2424 4012 2578 4061 recte
2634 4006 2705 4061 de

1550 4082 1673 4135 aliis
1710 4081 1959 4136 iudicare
1990 4098 2105 4135 non
2140 4082 2281 4151 peti,
2318 4080 2577 4149 plurimis
2608 4094 2703 4133 eos

1547 4152 1645 4221 qui
1682 4170 1717 4206 a
1750 4153 1969 4222 magnis
2004 4152 2143 4207 viris
2177 4152 2551 4222 diligerentur
2586 4166 2703 4204 ms.-

1627 4224 1758 4291 ique
1819 4222 2160 4279 haberentur
2214 4224 2564 4307 importunos
2620 4222 2703 4275 vi·

1547 4242 1671 4349 duri
1726 4310 1793 4349 ae
1847 4295 2141 4364 superbos,
2212 4295 2343 4364 quis
2403 4298 2705 4363 parentum

1547 4371 1607 4421 et
1662 4366 2003 4421 condicionis
2048 4383 2159 4435 que
2206 4370 2393 4421 essent
2438 4365 2561 4419 neti
2604 4365 2701 4420 ob·

1545 4438 1639 4491 liti
1686 4456 1893 4521 magna
1938 4442 2163 4507 captare
2210 4437 2493 4495 auderent.
2583 4434 2705 4491 Iam

1547 4509 1686 4579 quid
1722 4510 1843 4579 ipse
1878 4510 1987 4563 sibi
2011 4509 2081 4563 de
2106 4509 2211 4565 hec
2244 4526 2309 4563 rc
2514 4508 2705 4577 escrit,

1547 4582 1791 4652 ingenue
1844 4580 1951 4638 hec
1998 4581 2174 4637 satira
2217 4599 2321 4654 pro
2364 4585 2531 4637 tetur.
2604 4578 2706 4634 Ει·
