3092 5059
489 234 614 300 204

1453 233 1911 303 CARMINUM

805 452 858 494 ιο
893 421 1122 499 Lenit
1171 424 1566 502 albescens
1620 426 1915 499 animos
1970 421 2293 522 capillus

886 548 1175 624 Litium
1227 550 1555 636 etrixae
1607 549 1932 651 cupidos
1976 558 2417 649 protervae3

885 671 1062 749 Non
1113 698 1257 772 ego
1311 675 1458 751 hoc
1511 677 1802 752 ferrem
1852 674 2145 751 calidus
2196 675 2509 748 iuventa

1087 799 1420 877 Consule
1474 800 1785 876 Planco,

1588 1023 1788 1035 ——-—

1370 1188 1755 1276 GARMEN
1815 1189 1985 1274 XV.

787 1354 1009 1432 Uxor
1064 1355 1422 1453 pauperis
1475 1354 1719 1453 Ibyci,

985 1479 1330 1554 Tandem
1385 1479 1776 1578 nequitiae
1826 1477 1979 1576 fige
2032 1476 2349 1552 modum
2400 1487 2577 1550 tuae

790 1602 1290 1702 Famosisque
1340 1603 1771 1680 laboribus:

993 1727 1296 1803 Maturo
1350 1727 1671 1828 propior
1723 1726 1988 1804 desine
2038 1725 2297 1802 funeri

732 1887 758 1928 a
792 1852 1004 1929 Inter
1051 1852 1325 1928 ludere
1377 1853 1715 1950 virgines

981 1977 1079 2053 Et
1127 1976 1364 2052 stellis
1419 1977 1782 2053 nebulam
1834 2001 2199 2078 spargere
2252 1975 2623 2053 candidis.

789 2103 990 2195 Non,
1044 2103 1110 2178 si
1162 2101 1350 2201 quid
1409 2101 1751 2178 Pholoe'n
1794 2103 1996 2198 satis,
2536 2192 2548 2204 ⁶

981 2229 1078 2304 Et
1127 2243 1224 2325 te,
1281 2227 1571 2324 Chlori,
1630 2227 1883 2304 decet:
1939 2227 2099 2304 filia
2150 2227 2427 2304 rectius

791 2352 1200 2453 Expugnat
1234 2355 1592 2429 iuvenum
1649 2353 1939 2451 domos,

707 2511 756 2550 ιο
993 2478 1226 2554 Pulso
1281 2479 1565 2580 Thyias
1616 2478 1728 2554 uti
1781 2479 2081 2554 concita
2132 2490 2525 2578 tympano.

501 2745 610 2782 non
655 2725 911 2781 admittit
953 2726 1228 2796 virgaque
1275 2741 1386 2794 qua
1435 2726 1653 2780 solebat

501 2815 616 2853 esse
665 2801 910 2852 armatus
944 2797 1184 2866 repellit.
1233 2825 1300 2836 —-
1359 2797 1651 2868 albescens]

499 2887 630 2924 nam
667 2869 778 2923 fuit
803 2869 1070 2923 Horatius
1107 2885 1429 2938 praecanus.
1467 2869 1650 2938 Epist.

498 2942 544 3012 Ι,
580 2943 668 3008 20,
703 2941 791 2994 24.
841 2971 907 2980 -
955 2938 1202 3010 iuventa]
1239 2941 1403 3010 vigor
1438 2939 1651 2994 iuveni-

501 3013 589 3080 lis,
641 3029 754 3066 non
810 3012 1086 3066 iuventus.
1163 3011 1298 3065 Fuit
1353 3017 1541 3066 autem
1586 3011 1649 3067 L.

499 3084 784 3139 Munatius
832 3083 1072 3138 Plancus
1121 3099 1248 3136 cum
1293 3083 1368 3136 M.
1405 3083 1650 3138 Aemilio

498 3155 714 3225 Lepido
754 3155 944 3209 consul
982 3153 1115 3208 anni
1153 3155 1274 3206 712.
1323 3183 1390 3194 -
1437 3155 1653 3224 ferrem]

497 3245 612 3282 non
647 3243 752 3296 pro
789 3226 1056 3293 Missemg
1091 3226 1188 3279 sed
1231 3226 1420 3296 thesis,
1461 3227 1651 3280 condi-

499 3300 586 3354 cio
626 3299 771 3353 inest
805 3298 974 3367 paulo
1015 3297 1220 3351 tectior
1263 3297 1322 3351 in
1371 3298 1652 3352 adiectivo

497 3370 712 3426 calidus
763 3369 1009 3424 iuventa:
1065 3384 1177 3421 non
1237 3385 1340 3440 ego
1389 3369 1498 3424 hoc
1542 3369 1653 3424 fer-

499 3459 636 3510 rem,
673 3441 720 3494 si
757 3457 932 3494 essem
963 3439 1176 3494 calidus
1202 3441 1441 3496 iuventa.
1481 3442 1652 3496 Abla-

431 3539 440 3550 ·
500 3514 682 3567 tivum
719 3511 1036 3566 absolutum
1075 3527 1238 3580 quem
1273 3519 1479 3567 vocant
1495 3512 1653 3568 Gom.

501 3584 591 3638 Pl.
632 3584 907 3638 artissime
945 3583 1250 3653 coniungas
1275 3601 1401 3638 cum
1425 3586 1655 3639 iuventa

501 3656 536 3708 i.
551 3672 596 3710 e.
620 3655 851 3710 iuventa
871 3671 984 3723 qua
1001 3655 1157 3724 vigui
1183 3657 1406 3710 consule
1425 3657 1649 3710 PlancO.

860 3767 1140 3823 Carmen
1175 3767 1292 3822 XV.

573 3861 896 3934 Castigatur
949 3880 1087 3918 anus
1140 3862 1457 3934 libidinosa,
1511 3882 1655 3934 quae

501 3951 628 3989 cum
680 3935 987 3989 iuventutis
1039 3951 1105 3989 ac
1149 3937 1462 3990 venustatis
1509 3937 1654 3991 nihil

499 4011 725 4076 praeter
771 4023 974 4061 nomen
1019 4006 1280 4074 (Chloris)
1335 4009 1651 4076 retinuerit,

499 4083 688 4134 tamen
743 4095 871 4132 cum
923 4083 1186 4146 proterva
1253 4077 1374 4133 filia
1435 4097 1653 4135 amores

501 4150 680 4220 magis
725 4159 992 4204 exercere
1030 4149 1220 4204 studet
1263 4167 1430 4218 quam
1475 4151 1653 4205 lanifi-

501 4222 667 4290 cium,
725 4221 876 4290 quod
963 4222 1186 4290 auperis
1235 4221 1474 4276 hominis
1517 4240 1653 4278 uxo-

499 4310 620 4347 rem
669 4293 742 4347 ad
791 4309 884 4346 sus
943 4291 1220 4362 ntandum
1257 4294 1450 4347 mariti
1499 4296 1652 4349 labo-

501 4381 620 4418 rem
653 4365 896 4418 maxime
933 4363 1109 4418 decet.
1177 4363 1269 4418 Sic
1305 4365 1653 4436 intellegitur

497 4435 712 4504 primus
747 4451 958 4502 versus,
1009 4434 1204 4503 utique
1241 4438 1652 4505 componendus

500 4522 624 4560 cum
664 4507 928 4562 extremis
965 4505 1235 4562 versibus.
1282 4507 1522 4563 Nomina
1556 4527 1651 4578 pa-

501 4581 589 4632 tet
633 4595 752 4633 esse
798 4577 946 4646 ficta,
985 4579 1206 4634 etiamsi
1247 4581 1500 4650 corrupti
1535 4582 1655 4636 eius

1746 2725 1945 2780 aetatis
1990 2740 2171 2778 mores
2217 2739 2477 2793 magnam
2530 2721 2685 2776 haud
2736 2723 2909 2780 dubie

1745 2795 1947 2850 talium
1994 2795 2453 2850 muliercularum
2500 2793 2725 2862 copiam
2776 2813 2909 2865 pro-

1744 2868 2013 2922 tulerunt.
2088 2867 2397 2922 Coniuncta
2434 2865 2629 2920 eadem
2670 2869 2909 2921 nomina

1747 2940 1927 2994 Carm.
1962 2939 2033 3006 ΙΙ,
2072 2941 2121 3004 5,
2165 2940 2229 2990 17
2266 2955 2367 3006 sq.,
2404 2937 2501 2991 sed
2539 2937 2715 2990 aliam
2742 2939 2908 2993 Chlo-

1744 3011 1924 3066 ridem
1970 3015 2123 3064 certe
2168 3027 2285 3064 esse
2329 3009 2515 3078 primo
2562 3007 2777 3063 obtutu
2825 3010 2911 3065 in-

1744 3082 1879 3136 telle
1924 3083 2049 3136 'tun
2085 3081 2297 3136 Pholoe
2335 3081 2506 3134 etiam
2542 3084 2627 3135 est
2662 3078 2713 3148 Ι,
2736 3083 2829 3150 33,
2856 3086 2907 3135 7.

1747 3153 1827 3208 cf.
1912 3171 2051 3207 arm.
2090 3154 2136 3220 Ι,
2175 3155 2258 3206 25.
2298 3151 2393 3218 IV,
2432 3153 2515 3204 13.
2583 3151 2772 3206 Nothi
2808 3171 2911 3208 no-

1746 3243 1871 3280 men
1910 3225 2081 3279 etiam
2118 3226 2177 3278 in
2215 3224 2406 3278 latinis
2440 3223 2624 3278 titulis
2654 3223 2909 3279 inveniri

1746 3297 1939 3351 docuit
1960 3297 2440 3366 Zangemeisterus
2476 3294 2547 3348 de
2566 3293 2771 3349 Horat.
2814 3314 2909 3351 vo-

1746 3368 1864 3422 cab.
1904 3369 2045 3439 sing.
2086 3385 2140 3437 p.
2180 3370 2230 3420 6.
2306 3366 2426 3434 Quo
2474 3371 2733 3434 tempore
2790 3385 2910 3423 car·

1746 3457 1874 3493 men
1910 3440 2279 3509 compositum
2316 3439 2407 3504 sit,
2440 3438 2787 3508 ignoramus.

1816 3511 1879 3564 V.
1921 3513 1969 3564 Β.
2014 3511 2246 3578 famosis
2287 3507 2585 3578 laboribus]
2634 3508 2913 3566 Consulto
2948 3511 2957 3520 “

1746 3587 1810 3636 ut
1864 3582 2089 3636 videtur
2148 3581 2372 3636 infamis
2428 3583 2691 3649 quaestus
2748 3583 2911 3637 labor

1746 3655 2078 3735 appellatur,
2118 3671 2228 3722 quo
2264 3656 2603 3722 provocetur
2642 3651 2909 3710 honesto-

1745 3741 1872 3779 rum
1907 3727 2162 3780 laborum
2198 3723 2481 3796 (lanificii)
2506 3723 2814 3792 oppositio.
2842 3755 2909 3765 --

1746 3797 1952 3867 ludere]
1991 3797 2153 3851 Publ.
2192 3795 2360 3865 Syrus
2400 3797 2491 3849 49:
2544 3796 2739 3862 „Anus
2779 3813 2911 3852 cum

1748 3869 1910 3935 ludit,
1948 3869 2119 3922 morti
2144 3868 2371 3922 delicias
2408 3866 2599 3920 facit-‘⁶
2642 3865 2911 3922 Ceterum

1750 3941 1819 3995 de
1855 3941 1977 3995 loco
2018 3956 2276 4010 praepos.
2312 3939 2459 3993 inter
2498 3936 2567 3992 cf.
2606 3937 2650 4006 1,
2696 3941 2783 4006 14,
2830 3941 2907 3994 19.

1748 4013 1846 4079 111,
1885 4013 1972 4073 2⁷,
2012 4013 2097 4065 51.
2182 4010 2363 4081 Epist.
2402 4010 2446 4077 1,
2484 4011 2536 4072 3,
2574 4012 2625 4062 4.
2704 4010 2824 4065 Sat.
2866 4011 2909 4077 1,

1748 4087 1800 4152 5,
1852 4085 1937 4137 51.
1998 4112 2065 4122 -
2126 4082 2316 4151 stellis]
2376 4081 2479 4135 Est
2538 4081 2911 4150 amplificatio

1749 4155 2051 4223 superioris
2086 4154 2395 4209 sententiae
2440 4169 2544 4222 per
2580 4152 2911 4208 similitudi·

1746 4243 1873 4280 nem
1900 4230 1957 4280 et
1980 4226 2395 4295 metaphoram3
2432 4224 2591 4279 cuius
2616 4225 2701 4278 rei
2725 4226 2909 4280 multo

1747 4296 2097 4366 frequentior
2132 4303 2217 4350 est
2252 4313 2383 4351 usus
2428 4294 2576 4364 apud
2616 4294 2909 4351 Tibullum

1749 4373 1805 4424 et
1850 4369 2056 4422 similes
2092 4373 2304 4437 poetas.
2361 4397 2427 4407 —
2492 4367 2731 4438 Thyias]
2778 4369 2911 4422 vide

1748 4441 1819 4495 ad
1875 4440 2056 4495 Carm.
2104 4439 2174 4504 11,
2219 4441 2302 4508 19,
2348 4441 2399 4492 9.
2455 4467 2526 4478 ——-
2584 4437 2909 4510 Luceriam]

1748 4511 1987 4581 Apuliae
2022 4511 2313 4582 oppidum,
2352 4511 2512 4565 lanae
2599 4513 2914 4565 rasatantia

1750 4583 1955 4639 nobile.
1995 4613 2060 4622 —-
2096 4583 2197 4652 flos
2217 4597 2385 4652 purp.
2408 4597 2573 4638 rosae
2632 4580 2704 4637 cf.
2726 4581 2911 4636 Carm.
