3092 5059
424 266 520 303 xv:
899 238 1020 304 Ex
1062 235 1675 305 PRAEFATIONE
1719 232 2172 302 EDITIONIS
2213 232 2329 298 III.

425 455 557 506 rus
585 429 664 504 in
715 430 1040 528 praefat.
1067 428 1247 505 edit.
1278 453 1723 504 sermonum
1758 452 1833 524 p.
1862 425 1977 502 IV
2018 420 2376 498 occurrit.
2415 419 2827 497 Praeterea

427 581 602 630 cum
671 581 768 631 ne
843 580 1140 630 summa
1212 553 1526 653 quidem
1606 549 2010 628 assiduitas
2082 547 2208 625 vel
2277 550 2823 647 magistrorum

426 680 547 755 vel
583 678 1136 779 discipulorum
1168 705 1258 755 eo
1296 678 1544 776 possit
1583 676 2015 775 pervenire,
2057 687 2140 750 ut
2176 674 2434 749 omnia
2464 673 2825 773 legantur

427 832 626 905 quae
667 805 870 881 lectu
929 805 1382 903 dignissima
1439 804 1618 895 sint,
1679 827 1829 876 non
1886 812 2139 899 potest
2206 796 2378 874 fleri
2432 798 2615 897 quin
2668 798 2824 895 pri-

424 931 621 1005 vatis
667 930 940 1005 studiis
992 932 1197 1005 bona
1228 955 1409 1026 pars
1456 940 1897 1028 poematum
1936 924 2451 1023 relinquatur3
2507 949 2705 1023 quae
2758 924 2823 998 si

425 1053 591 1130 vult
639 1054 1011 1152 intellegi,
1050 1053 1496 1129 adiumenta
1529 1050 1853 1150 requirit
1887 1074 2043 1123 non
2074 1070 2308 1146 parca
2338 1061 2473 1123 aut
2510 1048 2819 1144 debilia,

425 1181 562 1257 sed
629 1179 729 1255 ad
802 1178 1279 1279 superandas
1340 1174 1840 1252 difficultates
1903 1185 1978 1249 et
2039 1186 2310 1273 parata
2378 1196 2683 1273 semper
2750 1187 2827 1248 et

423 1306 666 1382 firma.
729 1304 1029 1380 Deinde
1089 1304 1155 1379 si
1199 1302 1380 1380 licet
1429 1328 1765 1398 sperare,
1812 1300 1984 1401 fore
2035 1313 2119 1373 ut
2168 1300 2523 1375 iuventus
2574 1310 2823 1374 tanto-

424 1454 614 1530 pere
664 1429 1066 1506 blanditiis
1117 1442 1394 1529 poetae
1447 1428 1821 1524 capiatur,
1874 1438 1961 1499 ut
1999 1426 2231 1501 etiam
2282 1423 2564 1499 relictis
2616 1423 2820 1499 ludis

425 1568 501 1633 et
550 1554 761 1630 virili
797 1567 1043 1631 aetate
1087 1554 1186 1630 ad
1242 1555 1402 1631 eius
1446 1553 1860 1629 lectionem
1892 1576 2029 1627 sua
2056 1563 2331 1649 sponte
2374 1575 2463 1625 ac
2490 1547 2823 1624 libenter

422 1692 782 1777 recurrat,
813 1682 1124 1757 ubertas
1171 1693 1804 1779 argumentorum
1850 1676 2587 1774 adnotationumque
2636 1674 2819 1749 satis

427 1806 710 1882 habere
755 1805 1062 1881 videtur
1108 1831 1266 1881 non
1313 1804 1829 1881 excusationis
1880 1802 2018 1879 sed
2071 1801 2565 1878 necessitatis.

623 1930 1016 2007 Editiones
1084 1928 1949 2027 commentationesque,
2016 1950 2215 2025 quae
2282 1927 2590 2002 interim
2641 1950 2819 2025 pro·

427 2055 739 2131 dierunt
803 2080 1156 2155 quaeque
1231 2054 1328 2129 ad
1403 2080 1530 2130 me
1592 2064 2133 2153 pervenerunt,
2202 2051 2361 2150 legi
2424 2078 2517 2128 ex
2574 2050 2826 2150 iisque

427 2206 959 2280 quaecumque
1010 2181 1199 2256 meis
1253 2179 1580 2256 meliora
1631 2180 2093 2255 videbantur
2154 2179 2237 2253 in
2296 2202 2547 2252 meum
2600 2202 2825 2250 usum

329 2320 338 2333 ·
428 2306 795 2381 converti.
899 2304 1224 2381 Fructus
1275 2317 1531 2381 autem
1586 2328 1815 2404 quem
1877 2304 2061 2380 inde
2114 2304 2308 2402 cepi,
2374 2302 2625 2376 minor
2674 2300 2827 2377 fuit

429 2455 658 2530 quam
715 2443 1328 2527 exspectaveram
1351 2426 1445 2529 ²).

627 2554 998 2630 Codicum
1031 2555 1446 2656 scripturas
1477 2557 2083 2657 scholiastasque
2112 2556 2369 2632 denuo
2410 2554 2825 2652 diligenter

427 2678 773 2753 consului
829 2693 906 2755 et
957 2681 1434 2778 examinavi3
1490 2707 1645 2781 quo
1696 2682 1988 2757 factum
2038 2695 2172 2777 est,
2238 2693 2325 2756 ut
2387 2676 2823 2778 antiquissi-

427 2828 729 2878 morum
781 2801 1158 2878 librorum
1212 2804 1419 2901 Mes„
1461 2805 1798 2881 maxime
1841 2802 2429 2881 Blandiniorum
2472 2800 2819 2902 Cruquii,

424 2926 876 3003 auctoritate
926 2927 1293 3007 lectiones
1353 2931 1432 3005 in
1510 2932 1762 3029 prima
1807 2944 1884 3007 et
1927 2929 2169 3007 altera
2219 2928 2559 3006 editione
2612 2952 2823 3005 rece-

426 3062 594 3150 ptas
647 3078 851 3128 nunc
921 3078 1242 3151 cogerer
1291 3069 1611 3132 mutare.
1718 3054 1951 3147 Quod
2006 3080 2239 3155 quam
2285 3081 2517 3155 saepe
2565 3078 2823 3131 neees-

426 3177 710 3252 sarium
765 3179 1016 3255 visum
1068 3180 1167 3255 sit
1210 3194 1296 3256 ut
1344 3180 1862 3279 intellegatur,
1913 3181 2125 3257 locos
2172 3182 2382 3280 ipsos
2430 3206 2637 3256 nunc
2688 3178 2821 3253 ad-

428 3301 640 3378 dam:
695 3304 952 3382 Carm.
977 3306 1040 3403 Ι,
1073 3312 1138 3402 7,
1175 3310 1288 3382 17.
1319 3306 1382 3403 Ι,
1413 3310 1482 3403 8,
1509 3310 1578 3381 2.
1610 3307 1672 3403 Ι,
1700 3310 1815 3405 15,
1846 3312 1964 3381 22.
1996 3306 2056 3403 Ι,
2092 3310 2207 3404 19,
2240 3310 2308 3379 2.
2336 3306 2399 3401 Ι,
2430 3298 2821 3400 24‚13**).

425 3426 489 3522 Ι,
522 3430 642 3523 25,
670 3432 739 3502 2.
790 3428 935 3525 ΠΙ,
967 3435 1038 3527 4,
1069 3432 1188 3503 31.
1224 3428 1370 3526 ΙΙΙ,
1407 3434 1667 3527 15,16.
1728 3428 1873 3527 ΙΙΙ,
1900 3433 2019 3526 20,
2048 3434 2119 3505 8.
2182 3429 2315 3527 IV,
2348 3433 2418 3525 4,
2448 3434 2566 3504 73.
2623 3427 2707 3505 C.
2749 3426 2822 3504 S-

429 3555 548 3627 68.
595 3559 712 3629 71.
763 3558 881 3628 72.
937 3553 1092 3631 Sat.
1127 3555 1188 3651 Ι,
1231 3558 1299 3651 3,
1349 3561 1465 3630 57.
1527 3554 1591 3651 Ι,
1616 3556 1689 3651 4,
1721 3558 1840 3630 87.
1896 3556 1956 3645 Ι,
1987 3560 2055 3651 6,
2085 3562 2202 3633 31.
2256 3554 2319 3651 Ι,
2354 3556 2561 3652 7,5Ο.
2614 3551 2719 3651 ΙΙ,
2756 3555 2824 3648 1,

428 3679 547 3752 31.
593 3678 698 3775 ΙΙ,
729 3682 798 3775 2,
818 3683 940 3755 48.
993 3680 1098 3779 Π,
1129 3684 1195 3776 2,
1223 3684 1344 3755 56.
1395 3680 1499 3777 II,
1539 3684 1609 3778 2,
1642 3686 1760 3757 95.
1813 3682 1915 3779 ΙΙ,
1954 3684 2022 3780 3,
2066 3686 2184 3758 96.
2240 3680 2350 3779 ΙΙ,
2390 3684 2458 3777 3,
2496 3682 2661 3755 129.
2714 3676 2826 3774 Π,

571 4007 626 4079 *)
663 4008 828 4064 Iuvat
863 4026 1298 4065 commemorare
1347 4009 1518 4065 etiam
1564 4008 1887 4081 editionem,
1925 4026 2069 4081 quae
2112 4008 2221 4066 hoc
2256 4009 2427 4065 titulo
2462 4012 2663 4064 ornata
2696 4023 2826 4077 pro-

427 4103 558 4159 diit:
635 4102 894 4175 „Horatii
946 4106 1201 4161 carmina
1253 4122 1398 4175 quae
1455 4110 1682 4160 exstant
1716 4105 1920 4161 omnia.
1992 4104 2161 4161 quta
2214 4106 2489 4160 editiones
2539 4102 2829 4176 Dum-ing„

429 4200 626 4256 Orellii
667 4205 726 4256 et
773 4202 1099 4272 Lipsianam
1145 4206 1404 4257 accurate
1447 4203 1743 4258 recensita.
1824 4202 2054 4257 Oxonii:
2125 4202 2169 4257 1.
2215 4202 2476 4257 Abrams.
2554 4200 2831 4256 Londini:

429 4296 680 4353 william
711 4298 899 4354 Allan.
942 4300 1132 4353 1849.“
1201 4298 1356 4367 Quae
1402 4316 1530 4354 eum
1576 4300 1763 4355 neseio
1810 4299 2035 4369 qualem
2088 4302 2311 4355 ‘sextum
2356 4298 2673 4368 praeberet,
2717 4296 2831 4353 Ho-

428 4395 564 4450 ratii
599 4395 776 4451 vitam
813 4399 871 4451 et
906 4395 1149 4452 indicem
1186 4400 1496 4451 metrorum
1537 4414 1607 4451 ex
1643 4412 1768 4451 mea
1804 4395 2052 4450 editione
2090 4396 2232 4451 elam
2268 4394 2376 4450 sibi
2415 4394 2709 4465 surripuit..

569 4492 650 4563 **)
685 4492 769 4546 De
817 4492 925 4548 hoc
970 4493 1093 4548 loco
1151 4493 1220 4547 ef.
1259 4492 1621 4561 Quaestiones
1676 4510 1824 4547 meas
1864 4492 2204 4548 Horatianas
2262 4486 2533 4561 (Bonnael
2584 4491 2833 4546 Habicht

433 4586 614 4657 1841.)
649 4606 702 4658 p.
744 4590 814 4642 48
841 4606 966 4657 sqq.
