3092 5059
377 228 502 293 292
1401 222 1757 291 EPODON

379 426 547 478 quam
581 408 630 461 si
672 410 828 461 recta
859 406 1048 461 fronte
1085 406 1494 477 impellerent.“
1567 405 1715 459 Plut.
1755 406 1886 458 Ant.
1924 404 2017 457 6⁷:
2082 403 2181 473 „gv
2220 396 2388 471 τούτῳ
2420 402 2485 455 δὲ
2520 406 2776 473 Λιβυρνί·

379 482 470 541 δες
505 472 785 551 ὤφθησαν
842 472 1131 532 διώκουσαι
1195 476 1343 547 παρὰ
1383 482 1689 547 Καίσαρος·
1726 474 1757 529 ὁ
1799 474 1851 527 δ’
1890 469 2209 544 (Ἀντώνιος)
2264 470 2613 543 ἇντίπρωραν
2657 475 2773 528 ἔπι-

377 554 638 623 στρὲφειν
671 548 772 617 τὴν
805 552 943 605 ναῦν
977 544 1235 609 κελεύσας
1287 547 1383 608 τὰς
1428 549 1540 618 μὲν
1592 542 1755 607 ἄλλας
1784 542 2097 601 ἀνέστειλεν
2118 562 2131 577 ·
2188 541 2464 615 Εὐρυκλῆς
2500 546 2552 598 δ’
2590 543 2622 599 ὁ
2658 540 2772 601 Λά-

375 641 490 677 κων
527 626 762 677 ἐνέκειτο
802 620 1054 691 σοβαρὸς,
1103 616 1312 693 λόγχην
1366 618 1485 674 τινὰ
1539 620 1854 690 κραδαίνων
1907 614 2020 671 ἀπὸ
2074 618 2171 671 τοῦ
2207 611 2489 686 καταστρώ
2538 636 2665 677 aroc
2704 614 2775 676 ὥς

371 690 612 767 ἀφήσων
665 697 742 753 εἰς
795 687 1012 747 αὐτόν.“
1084 693 1342 763 Propert.
1378 692 1473 758 IV,
1513 694 1601 757 10,
1638 693 1733 745 44:
1810 690 2099 759 „Liburna
2145 689 2381 744 rostra.“
2502 689 2773 743 osteriore

374 773 628 837 tempore
665 783 731 820 ea
770 782 989 835 quoque
1025 765 1270 835 navigia,
1308 763 1510 833 quibus
1543 763 1745 819 divites
1783 767 1841 817 et
1886 762 2101 817 nobiles
2140 766 2241 815 aut
2274 760 2494 815 itineris
2530 758 2773 815 faciendi

377 842 476 894 aut
516 837 906 893 delectationis
941 854 1109 891 causa
1145 854 1248 907 per
1281 853 1435 891 mare
1470 834 1817 906 navigabant
1856 832 1915 901 (J
1919 832 2159 901 achten),
2198 830 2537 887 Liburnicae
2584 831 2777 902 appel·

378 910 660 965 labantur.
734 908 961 963 Sueton.
997 907 1170 978 Calig.
1209 910 1306 963 37:
1349 906 1708 976 „Fabricavit
1741 909 1800 960 et
1835 904 2056 960 deceres
2092 903 2445 966 Liburnicas,
2470 903 2775 973 gemmatis

376 982 677 1051 puppibus,
713 980 1142 1036 versicoloribus
1178 979 1335 1044 velis,
1400 997 1606 1051 magna
1658 978 2003 1033 thermarum
2050 981 2108 1031 et
2142 976 2463 1045 porticuum
2500 978 2559 1029 et
2594 974 2773 1030 tricli-

377 1053 600 1108 niorum
636 1052 870 1107 laxitate
903 1071 962 1105 m
1077 1069 1218 1120 aque
1256 1051 1428 1105 etiam
1482 1051 1689 1106 vitium
1739 1054 1797 1104 et
1850 1046 2255 1117 pomiferarum
2290 1046 2556 1101 arborum
2593 1046 2773 1101 varie-

375 1129 512 1192 tate,
555 1125 760 1194 quibus
795 1124 1008 1178 discum
1049 1140 1145 1177 ens
1200 1122 1270 1177 de
1331 1123 1425 1177 die
1477 1123 1627 1177 inter
1660 1121 1857 1176 choros
1894 1138 1960 1175 ac
2014 1118 2369 1189 symphonias
2412 1118 2582 1173 litora
2618 1116 2778 1173 Gam-

375 1194 1610 1336 sssffizzeffivssszfflsx
1656 1188 2779 1332 .2.2f¹.rs02⁸...ff;.1·210..„„.

380 1344 523 1400 rent,
564 1340 846 1408 protraxit
881 1338 1075 1409 (Nero)
1115 1338 1491 1392 convivium.“
1578 1336 1786 1407 Veyetii
1818 1334 2060 1404 denique
2115 1351 2211 1389 seu
2245 1332 2630 1388 Valentiniani
2676 1332 2776 1387 im-

379 1411 656 1480 peratoris
691 1414 876 1465 aetate
913 1426 1102 1464 omnes
1135 1426 1304 1465 naves
1329 1409 1567 1463 bellicae
1599 1406 2031 1481 appellabantur
2066 1404 2367 1461 Liburnae.
2408 1404 2603 1475 Veget.
2629 1400 2696 1469 V,
2717 1406 2777 1458 3:

382 1481 691 1551 „Liburnia
726 1498 965 1551 namque
1003 1480 1322 1535 Dalmatiae
1359 1498 1491 1551 pars
1527 1484 1630 1545 est,
1665 1478 1985 1533 Iadertinae
2022 1476 2309 1532 subiacens
2350 1475 2585 1545 civitati,
2622 1474 2777 1530 cuius

381 1554 638 1623 exemplo
667 1571 818 1609 nunc
852 1570 1020 1608 naves
1056 1552 1295 1607 bellicae
1331 1552 1683 1608 fabricantur
1718 1555 1777 1607 et
1811 1549 2171 1621 appellantur
2206 1547 2547 1603 Liburnae.“

1305 1851 1685 1937 GARMEN
1746 1850 1847 1933 Π.

786 2019 1064 2096 Beatus
1120 2018 1252 2096 ille
1306 2020 1440 2119 qui
1489 2016 1759 2115 procul
1810 2014 2163 2113 negotiis,

988 2144 1088 2221 Ut
1131 2144 1387 2244 prisca
1436 2167 1625 2240 gens
1672 2138 2133 2232 mortalium,

787 2272 1116 2347 Paterna
1163 2294 1344 2345 rura
1394 2266 1645 2343 bubus
1700 2276 2003 2340 exercet
2053 2262 2206 2357 suis

988 2392 1298 2471 Solutus
1352 2392 1563 2467 omni
1613 2389 1951 2484 faenore,

725 2554 750 2593 ις
787 2520 1060 2619 Neque
1111 2519 1478 2595 excitatur
1529 2514 1847 2592 classico
1900 2513 2118 2591 miles
2167 2513 2386 2609 truci,

989 2643 1259 2742 Neque
1311 2642 1575 2717 horret
1620 2641 1898 2715 irat-um
1952 2664 2185 2733 mare,

742 2895 1069 2950 Carmen
1104 2892 1174 2947 11.

456 3006 753 3061 Inducitur
789 3004 986 3073 Alfius,
1041 3006 1362 3062 faenerator
1416 3007 1533 3061 eius

389 3079 591 3133 aetatis
625 3078 964 3147 notissimus,
1002 3079 1258 3134 molliore
1293 3078 1534 3147 quadam

387 3150 561 3204 animi
621 3150 935 3206 adfectione
989 3150 1174 3205 nescio
1239 3167 1350 3219 quo
1405 3167 1534 3205 casu

386 3226 570 3276 motus
626 3225 683 3277 et
739 3224 984 3277 rusticae
1029 3222 1180 3277 vitae
1230 3222 1535 3277 suavitates

387 3292 724 3362 deliciasque
759 3292 997 3348 facundo
1047 3310 1143 3348 ore
1189 3294 1534 3363 praedicans.

389 3365 554 3419 Cuius
611 3365 708 3434 qui
745 3365 948 3419 seriam
1001 3370 1060 3419 et
1111 3382 1362 3420 severam
1412 3382 1535 3419 ora-

387 3436 598 3490 tionem
657 3454 759 3506 per
829 3437 1122 3507 sexaginta
1182 3454 1277 3491 sex
1343 3453 1536 3491 versus

389 3508 775 3563 continuatam
824 3508 1130 3577 audiverit,
1187 3507 1538 3579 exspectabit

391 3583 544 3633 certo
575 3580 723 3634 hunc
771 3579 1052 3634 hominem
1085 3578 1314 3635 faenore
1347 3580 1536 3649 posito

389 3650 586 3704 urbem
641 3657 700 3705 et
743 3652 970 3721 negotia
1016 3652 1208 3706 statim
1253 3669 1370 3706 esse
1409 3650 1537 3705 reli·

390 3726 629 3776 cturum.
702 3722 856 3789 Quae
892 3724 1120 3791 quidem
1154 3740 1278 3792 spes
1314 3722 1538 3793 egregie

391 3792 628 3862 fallitur,
651 3810 783 3847 nam
809 3793 1118 3862 „Naturam
1155 3794 1399 3864 expellas
1423 3794 1538 3847 fur-

392 3882 473 3927 ca,
509 3870 699 3919 tamen
735 3881 908 3934 usque
944 3866 1228 3921 recurret“
1265 3865 1469 3935 (Epist.
1493 3864 1538 3932 Ι,

395 3938 480 4005 10,
519 3938 625 4005 24).
699 3934 918 3991 Laudat
964 3938 1054 3991 vir
1103 3936 1200 3991 ille
1240 3938 1420 3991 bonus
1457 3936 1539 3989 vi-

391 4012 507 4062 tam
551 4008 835 4076 rusticam,
887 4008 1098 4079 redigit
1139 4008 1433 4078 pecuniam
1481 4008 1540 4061 in

393 4080 621 4134 faenore
638 4080 880 4149 positam
889 4078 1080 4134 Idibus
1094 4084 1363 4148 tanquam
1379 4096 1540 4148 prae·

393 4152 488 4206 dia
512 4156 818 4221 empturus,
853 4150 952 4205 sed
987 4152 1164 4205 vincit
1200 4152 1443 4206 avaritia
1483 4153 1541 4205 et

391 4223 663 4348 proximis
721 4222 985 4277 Kalendis
1043 4223 1281 4292 pecunia
1332 4222 1540 4277 iterum

417 4294 608 4349 aenori
654 4294 837 4349 datur.
921 4293 1113 4348 Omnis
1163 4293 1423 4348 carminis
1468 4296 1539 4347 εἰ·

392 4370 588 4449 ρῳνεία
624 4365 772 4419 inest
805 4366 865 4419 in
881 4437 892 4448 ⁸
909 4366 1070 4436 gravi
1113 4365 1222 4448 ‘illo
1262 4360 1540 4435 ἇπροσδο·

393 4455 551 4561 ’ἆᾞ
591 4453 704 4562 ἓίἒί
743 4436 1164 4577 ὴὲθῗῖἓωῗῗη
1185 4437 1540 4579 ἐὲρῖςέῗὲἑ

393 4581 518 4632 tota
553 4577 856 4647 descriptio
893 4596 962 4635 ex
999 4578 1098 4633 illo
1132 4596 1356 4649 genere,
1391 4578 1541 4649 quod

1637 2863 1813 2918 satira
1869 2861 2055 2931 prima
2104 2861 2218 2917 alia
2260 2861 2479 2917 ratione
2532 2858 2782 2985 1)τοῖζά-

1636 2938 1759 2988 tum
1814 2938 1873 2989 et
1926 2934 2257 3005 castigatum
2315 2934 2565 3005 legimus.
2724 2948 2779 2986 e-

1636 3010 1774 3060 runt
1832 3006 1931 3075 qui
1974 3004 2273 3059 Horatium
2315 3003 2551 3089 Vergilii
2597 3005 2783 3059 locum

1640 3076 1843 3148 Georg.
1874 3077 1949 3145 ΙΙ,
1974 3078 2083 3130 258
2095 3094 2215 3146 sqq.
2270 3076 2501 3131 amabili
2542 3074 2785 3146 quadam

1638 3149 1899 3203 irrisione
1952 3148 2259 3217 respexisse
2309 3152 2602 3218 putarent;
2675 3146 2787 3201 fuit

1638 3220 1811 3275 etiam
1840 3220 1939 3289 qui
1978 3220 2051 3273 ad
2086 3218 2299 3274 Tibulli
2336 3220 2587 3275 carmina
2620 3235 2784 3289 quae-

1639 3292 1768 3346 dam
1805 3292 1939 3345 libri
1990 3290 2159 3361 primi
2204 3296 2389 3346 totum
2438 3306 2663 3345 carmen
2698 3306 2785 3344 ae·

1640 3363 2053 3418 commodatum
2096 3360 2333 3431 diceret3
2388 3367 2648 3417 neutrum
2688 3361 2785 3415 ha-

1639 3435 1737 3489 bet
1788 3434 2013 3489 idoneas
2050 3433 2253 3503 quibus
2290 3433 2471 3503 possit
2506 3439 2659 3489 recte
2692 3432 2786 3488 de-

1640 3506 1795 3560 fendi
1836 3524 2046 3561 causas.
2120 3504 2244 3573 Quo
2277 3512 2529 3574 tempore
2564 3520 2787 3560 carmen

1642 3578 1913 3647 scriptum
1958 3579 2049 3640 sit,
2096 3593 2209 3631 non
2254 3582 2441 3648 potest
2480 3577 2608 3631 dici.
2683 3576 2786 3630 Mi·

1641 3666 1765 3703 rum
1834 3654 1919 3705 est
1973 3648 2125 3719 quod
2178 3665 2291 3703 non
2352 3648 2518 3719 pauci
2572 3648 2789 3703 codices

1644 3721 1861 3790 antiqui
1916 3738 1985 3776 ex
2044 3720 2153 3775 hoc
2210 3736 2323 3775 uno
2376 3720 2624 3776 carmine
2676 3718 2787 3773 duo

1642 3792 1921 3861 fecerunt,
1981 3808 2219 3861 quorum
2273 3791 2505 3847 alterius
2564 3790 2791 3845 initium

1642 3868 1728 3917 est
1762 3882 1815 3918 v.
1856 3864 1941 3918 23.
2016 3864 2275 3918 Ceterum
2316 3862 2452 3918 Alfii
2488 3863 2660 3919 etiam
2690 3860 2789 3916 Go-

1640 3935 1870 3991 lumella
1931 3935 2272 3990 mentionem
2327 3934 2464 3990 fecit
2514 3934 2559 3995 Ι,
2616 3938 2667 4002 7,
2724 3934 2787 3987 2:

1646 4007 1781 4075 „Vel
1806 4008 2021 4077 optima
2044 4007 2273 4061 nomina
2304 4023 2419 4061 non
2456 4003 2789 4075 appellando

1642 4076 1765 4133 fieri
1800 4079 1951 4133 mala
1998 4078 2317 4132 faenerator
2356 4078 2537 4133 Alfius
2585 4076 2793 4131 dixisse

1641 4150 1927 4205 verissime
1962 4148 2199 4204 fertur.“

1714 4222 1779 4276 V.
1822 4226 1870 4276 1.
1906 4219 2159 4290 neqotiia]
2196 4236 2362 4289 saepe
2398 4218 2469 4273 de
2508 4218 2659 4273 omni
2696 4234 2791 4289 ge-

1642 4310 1775 4347 nere
1804 4296 2098 4361 -quaeetus,
2146 4291 2244 4346 sed
2289 4291 2566 4360 imprimis
2610 4290 2681 4345 de
2722 4306 2789 4345 eo

1644 4363 1795 4433 quod
1830 4381 1898 4418 ex
1934 4362 2165 4417 faenore
2196 4362 2360 4418 redit.
2432 4362 2615 4433 Epist.
2652 4361 2695 4430 1,
2737 4364 2791 4429 6,

1644 4437 1729 4489 33.
1780 4464 1845 4475 --
1894 4434 2113 4503 exercet]
2152 4435 2441 4505 eleganter
2486 4450 2591 4505 pro
2641 4432 2789 4487 eubi-

1638 4508 1737 4575 ρει.
1808 4505 1882 4560 of.
1920 4505 2099 4560 earm.
2154 4505 2250 4573 ιν,
2312 4507 2394 4567 14,
2450 4506 2538 4559 21.
2618 4503 2787 4573 νοις.

1642 4576 1843 4648 Georg.
1881 4578 1926 4647 1,
1966 4578 2053 4631 99.
2103 4606 2170 4617 —-
2208 4576 2377 4647 trum]
2426 4577 2501 4631 ob
2544 4576 2789 4631 sonitum
