3092 5059
931 243 1095 310 LIB.
1141 241 1250 308 IV.
1303 239 1555 308 GARM.
1598 238 1718 304 111.
1762 239 1869 304 lv.
2474 236 2596 302 251

603 435 994 509 Romanae
1040 428 1316 504 fidicen
1368 428 1623 525 lyrae:

706 555 938 651 Quod
987 554 1200 653 spiro
1254 565 1332 629 et
1380 551 1676 649 placen,
1730 549 1795 625 si
1845 548 2139 646 placeO,
2198 559 2415 624 tuum
2467 557 2600 623 est.

1299 771 1501 784 *-

1113 898 1496 986 OARMEN
1558 899 1690 986 IV.

608 1075 932 1170 Qualem
985 1074 1416 1151 ministrum
1470 1072 1817 1150 fulminis
1860 1070 2145 1168 alitem,

609 1201 756 1279 Cui
808 1226 947 1277 rex
1003 1200 1327 1276 deorum
1375 1223 1701 1296 regnum
1752 1198 1837 1272 in
1880 1222 2060 1274 aves
2105 1222 2339 1297 vagas

565 1493 858 1547 Carmen
893 1491 985 1548 IV.

279 1589 448 1646 Raeti
486 1594 544 1644 et
565 1589 845 1645 Vindelici
881 1590 979 1659 qui
1016 1608 1084 1645 ex
1122 1589 1360 1660 Alpibus

211 1662 268 1716 in
307 1662 538 1717 Italiam
575 1661 926 1732 Galliamque
967 1679 1131 1732 saepe
1168 1679 1360 1717 excur-

211 1735 398 1788 siones
434 1734 701 1801 fecerant,
739 1751 786 1787 a.
811 1751 868 1788 u.
893 1751 937 1788 c.
973 1735 1079 1788 739
1118 1751 1152 1788 a
1176 1733 1360 1788 Druso

211 1805 476 1875 primum,
512 1805 713 1860 deinde
751 1822 876 1860 cum
901 1805 1158 1861 Tiberius
1194 1805 1362 1859 fratri

209 1877 463 1932 bellandi
523 1876 750 1931 adiutor
809 1878 1010 1933 missus
1067 1881 1230 1946 esset,
1289 1878 1362 1932 ab

213 1950 260 2002 A
413 1949 460 2002 ti
493 1947 772 2031 privignis
812 1948 1120 2004 coniunctis
1147 1948 1362 2003 viribus

211 2026 268 2074 et
349 2020 503 2074 'visis
544 2020 719 2089 copiis
757 2020 831 2075 ad
881 2039 1096 2076 summa
1129 2020 1363 2090 Alpium

212 2093 344 2163 iuga
383 2090 568 2162 fugati
605 2093 966 2162 superatique
997 2097 1144 2146 sunt.
1182 2091 1363 2160 Quam

213 2163 512 2218 victoriam
547 2162 818 2218 Horatius
864 2164 1125 2234 Augusti,
1169 2169 1236 2218 ιιι
1279 2164 1364 2218 vi-

215 2235 399 2302 detur,
457 2235 612 2288 iussu
667 2235 1046 2290 celebraturus
1101 2236 1183 2290 ita
1243 2253 1364 2290 rem

211 2307 482 2374 instituit,
536 2310 602 2360 ut
657 2305 764 2361 hoc
810 2307 1054 2362 carmine
1100 2306 1363 2376 Drusum,

214 2379 434 2434 decimo
473 2381 676 2446 quarto
713 2377 1002 2434 Tiberium
1047 2379 1228 2450 magis
1276 2395 1362 2433 or-

210 2455 394 2518 naret,
451 2453 714 2505 neutrum
764 2449 824 2503 in
870 2448 1146 2506 alterutro
1197 2450 1364 2521 plane

212 2523 521 2578 omitteret.
592 2520 734 2576 Nam
777 2521 839 2576 in
875 2521 982 2578 hoc
1016 2539 1238 2592 quoque
1273 2520 1365 2576 Ti·

213 2593 378 2661 barii,
423 2593 530 2648 etsi
570 2609 772 2647 nomen
810 2593 928 2648 eius
968 2611 1082 2649 non
1115 2593 1364 2648 nomina-

211 2671 324 2734 tur,
363 2669 564 2734 aperta
597 2669 787 2719 tamen
823 2666 1036 2722 mentio
1071 2665 1138 2720 fit
1175 2684 1228 2720 v.
1266 2667 1364 2735 283

215 2736 419 2792 deinde
465 2739 619 2790 recta
667 2752 924 2791 versuum
973 2739 1037 2791 17
1075 2755 1156 2806 sq.
1193 2737 1365 2792 inter-

213 2807 468 2880 pretatio
539 2811 840 2876 utrumque
912 2809 1023 2864 iam
1095 2809 1366 2880 populum

213 2881 526 2936 Raetorum
581 2884 638 2934 et
685 2879 1104 2936 Vindelicorum
1152 2881 1368 2936 victum

216 2969 332 3008 esse
384 2950 566 3006 docet.
639 2951 800 3005 Unde
853 2953 1214 3007 manifestum
1265 2956 1365 3017 est,

215 3031 522 3092 utrumque
579 3039 800 3078 carmen
859 3024 1054 3078 eodem
1113 3028 1368 3093 tempore

213 3095 746 3224 fflpssiz‘sw‘e
781 3112 1074 3235 {22¹5ss
1091 3095 1368 3236 5353&

213 3257 368 3296 mam
401 3237 570 3291 Drusi
615 3237 932 3305 victoriam,
975 3243 1238 3307 quartum
1273 3239 1366 3293 de-

213 3313 430 3366 cimum
467 3325 614 3362 anno
638 3308 863 3364 demum
893 3311 994 3364 741
1034 3327 1259 3365 reverso
1298 3327 1366 3364 ex

215 3383 406 3438 Gallia
440 3381 715 3450 Augusto.
771 3379 1016 3436 Tantum
1051 3387 1241 3436 tamen
1279 3382 1366 3436 his

213 3451 581 3508 tribuendum
643 3455 756 3520 est,
827 3469 953 3508 cum
1014 3470 1238 3508 carmen
1303 3455 1367 3508 14

215 3531 350 3594 post
396 3540 683 3578 reversum
719 3526 1038 3594 Augustum
1087 3523 1242 3594 (vide
1287 3525 1369 3579 ibi

214 3615 266 3652 v.
291 3599 332 3652 8
367 3610 546 3666 nuper
572 3599 630 3650 et
665 3601 974 3650 extremam
1004 3601 1226 3666 partem
1251 3613 1368 3651 car·

217 3668 414 3734 minis)
451 3667 722 3736 scriptum
759 3667 853 3732 sit,
892 3685 962 3722 ne
998 3668 1106 3723 hoc
1144 3667 1370 3738 quidem

217 3744 486 3866 gigas-tum
539 3743 706 3792 antea
759 3741 1128 3808 compositum
1177 3740 1368 3794 videri.

297 3809 696 3880 inpositionem
747 3811 1012 3866 carminis
1055 3812 1202 3868 hanc
1253 3828 1371 3866 esse

221 3888 390 3952 puto:
452 3879 724 3949 „Qualem
785 3882 1036 3950 aquilam
1095 3883 1371 3949 iuvenem,

219 3971 416 4026 regem
451 3953 657 4020 avium,
695 3953 954 4008 iuvenilis
985 3955 1150 4026 vigor
1181 3960 1240 4009 et
1273 3971 1370 4024 pa·-

219 4027 372 4080 ttius
407 4025 625 4080 animus
664 4041 732 4079 ex
768 4025 903 4080 nido
939 4027 1120 4096 pellit.
1162 4031 1226 4081 ut
1259 4026 1373 4080 iam

221 4113 400 4152 verno
439 4101 692 4165 tempore
731 4097 868 4166 quid
905 4097 1008 4152 alis
1029 4099 1217 4153 valeat
1251 4101 1370 4152 ten-

221 4173 328 4236 tet,
377 4166 578 4222 deinde
621 4167 844 4224 vividus
890 4169 1130 4240 impetus
1175 4169 1372 4224 ovibus

223 4237 538 4294 terribilem
587 4239 805 4295 hostem
853 4241 1060 4309 reddit,
1103 4244 1226 4296 tum
1272 4257 1373 4311 pu-

221 4310 442 4382 gnandi
485 4311 766 4380 cupiditas
822 4316 880 4366 et
927 4312 1170 4382 praedae
1217 4329 1374 4367 amor

223 4382 298 4437 ad
356 4386 638 4438 certamen
691 4383 863 4438 etiam
911 4402 1038 4440 cum
1095 4383 1374 4440 ferocibus

229 4452 506 4579 affuibus
541 4454 847 4508 ineundum
889 4457 1010 4527 agit
1046 4455 1130 4523 (in
1166 4473 1277 4525 qua
1311 4471 1376 4510 re

227 4526 282 4578 ν’
327 4541 426 4580 eas
461 4529 576 4582 tres
621 4525 798 4582 animi
841 4531 902 4582 et
945 4527 1164 4584 roboris
1215 4527 1376 4595 quasi

227 4595 442 4667 gradus
453 4615 470 4667 ;
529 4613 759 4668 prorsus
827 4597 1138 4656 Horatiano
1203 4615 1375 4668 more,

1461 1451 1807 1519 quapropter
1840 1445 1984 1502 nihil
2019 1445 2111 1502 hic
2155 1449 2219 1501 ut
2252 1444 2490 1500 Horatio
2524 1445 2607 1499 in-

1460 1519 1698 1590 dignum
1758 1517 2141 1586 tentandum),
2200 1517 2375 1572 talem
2442 1515 2610 1571 Raeti

1463 1591 1710 1646 Drusum
1771 1591 1831 1645 in
1886 1589 1960 1643 Al
2003 1589 2125 1643 ibus
2181 1592 2609 1658 conspexerunt,

1461 1663 1635 1718 talem
1694 1661 1867 1717 etiam
1980 1661 2208 1716 indelici
2222 1701 2237 1730 ‚
2296 1660 2609 1730 antiquitus

1461 1734 1945 1789 bellicosissimum
1988 1749 2165 1802 genus
2218 1732 2492 1802 nobisque
2536 1731 2609 1786 ad

1462 1806 1615 1861 hunc
1672 1805 1821 1859 diem
1878 1821 2057 1874 paene
2129 1804 2386 1875 ignotum
2446 1803 2613 1873 (hanc

1463 1877 1797 1932 sententiam
1834 1877 2013 1930 inesse
2040 1880 2181 1946 puto
2207 1894 2293 1931 vv.
2320 1875 2516 1944 quibus
2538 1904 2611 1915 —

1463 1949 1653 2004 omnia
1693 1949 1921 2016 18-22,
1960 1964 1993 2002 a
2029 1947 2221 2001 multis
2256 1946 2394 2001 viris
2431 1947 2613 2001 doctis

1464 2021 1701 2076 Horatio
1740 2019 2113 2090 abiudicatis),
2160 2019 2442 2086 viderunt,
2478 2036 2614 2088 quo-

1463 2111 1591 2146 rum
1636 2091 1893 2146 victrices
1939 2095 2197 2145 catervae
2245 2089 2613 2159 ‚imperatoria

1463 2165 1679 2220 virtute
1728 2162 1945 2218 iuvenis
1980 2161 2221 2216 Romani
2276 2161 2431 2230 (nam
2465 2160 2611 2216 Dru-

1465 2253 1557 2290 sus
1607 2235 1663 2290 h.
1698 2253 1749 2290 a,
1796 2239 1963 2288 natus
2002 2237 2125 2288 erat
2173 2250 2345 2287 annos
2383 2232 2475 2300 25)
2522 2249 2610 2287 su·

1463 2310 1697 2379 peratae
1733 2309 1791 2360 et
1827 2306 2068 2360 reiectae
2112 2308 2421 2372 senserunt,
2474 2303 2612 2372 quid

1463 2379 1659 2434 nativa
1702 2378 1883 2461 virtus
1928 2376 2072 2460 bene
2118 2377 2289 2444 culta,
2326 2375 2484 2460 quid·
2497 2377 2612 2430 Au—

1464 2453 2021 2590 ἔὲἔέἑὲζξῖέῖἒιέῗ
2076 2447 2375 2589 ἔὲξῧῇθ
2394 2463 2614 2590 ⁸333:

1463 2593 1744 2650 sententia
1795 2609 1897 2662 per
1936 2592 1999 2646 it.
2074 2591 2369 2647 Clauditur
2420 2607 2613 2646 versus

1466 2668 1536 2721 28
1596 2665 1821 2721 nomine
1938 2678 2142 2731 ornnes,
2196 2662 2399 2732 incipit
2450 2681 2505 2716 v.
2544 2663 2614 2716 29

1465 2755 1603 2793 voce
1658 2737 1853 2805 fortan
1912 2734 2019 2790 hoc
2075 2751 2299 2804 quoque
2360 2735 2613 2790 consulto

1465 2810 1676 2866 factum
1712 2821 1745 2862 a
1769 2812 1955 2879 poeta,
1990 2824 2122 2861 nam
2142 2807 2295 2862 Nero
2329 2806 2391 2860 in
2410 2805 2618 2861 Sabina

1470 2883 1669 2953 lingua
1700 2879 1903 2948 fortem
1939 2877 2235 2949 significat.
2285 2877 2369 2932 De
2411 2894 2521 2947 qua
2556 2893 2619 2931 re

1469 2969 1619 3008 nunc
1654 2951 1785 3006 vide
1810 2949 2329 3006 Reifferscheidium
2364 2951 2425 3003 in
2442 2949 2617 3004 Indic-

1471 3024 1654 3080 Schol.
1676 3023 1975 3078 Vratislav.
2003 3023 2143 3076 1880
2161 3019 2282 3076 Oct.
2306 3038 2363 3090 p.
2386 3022 2436 3075 ὅ.
2476 3020 2617 3089 „Ne-

1470 3114 1578 3166 que
1614 3095 1803 3165 potuit
1839 3093 2007 3149 aliter
2042 3109 2131 3148 res
2164 3091 2307 3159 fieri,
2340 3109 2473 3147 nam
2504 3091 2617 3146 for-

1469 3173 1556 3224 tes
1594 3170 1859 3222 creantur
1894 3165 2151 3232 fortibus,
2189 3181 2441 3233 quaeque
2477 3164 2619 3218 bene

1471 3245 1607 3294 nata
1644 3242 1775 3293 sunt
1810 3255 1877 3292 ea
1910 3240 2065 3292 recto
2092 3236 2245 3291 cultu
2280 3251 2621 3306 magnopere

1469 3311 1641 3366 etiam
1694 3313 1971 3381 augentur
2030 3307 2105 3377 (v.
2164 3307 2408 3361 29—36.
2499 3306 2619 3361 Hae

1469 3383 1615 3438 duae
1656 3381 1923 3450 strophae
1968 3381 2223 3449 proxime
2280 3378 2618 3448 praeceden-

1472 3459 1588 3510 tem
1626 3453 1961 3508 sententiam
1996 3451 2139 3506 bene
2171 3451 2477 3506 illustrant.
2527 3449 2619 3504 Ab

1473 3527 1580 3581 hoc
1622 3524 1755 3579 inde
1790 3524 1915 3578 loco
1959 3523 2143 3577 altera
2191 3539 2321 3592 pars
2358 3521 2621 3576 carminis

1473 3595 1707 3665 incipit3
1767 3612 1897 3650 nam
1952 3611 2079 3648 cum
2134 3597 2265 3648 ante
2316 3593 2621 3660 Neronum,

1472 3667 1749 3738 imprimis
1787 3666 1957 3720 Drusi
1991 3666 2175 3736 gloria
2213 3664 2494 3728 efferatur,
2536 3665 2619 3718 iu-

1471 3745 1563 3796 sta
1605 3739 1848 3809 Augusti
1902 3738 2428 3793 commemoratione
2470 3735 2621 3792 facta

1474 3811 1803 3882 adiungitur
1843 3808 2094 3864 laudatio
2128 3810 2303 3864 totius
2338 3808 2622 3863 Neronum

1473 3883 1762 3949 familiae.)
1797 3880 1943 3950 Quid
1974 3879 2291 3935 Romanum
2326 3880 2622 3950 imperium

1473 3955 1789 4010 Neronibus
1841 3952 2045 4008 debeat
2088 3956 2333 4008 testatur
2378 3950 2623 4006 Metauri

1475 4026 1699 4094 flumen,
1732 4029 1976 4080 testatur
2008 4023 2345 4090 Hasdrubal,
2380 4027 2623 4077 testatur

1475 4099 1573 4153 ille
1617 4098 1753 4161 dies,
1812 4113 1922 4166 quo
1969 4113 2115 4152 nova
2160 4097 2257 4150 lux
2304 4094 2506 4150 oborta
2538 4097 2625 4148 est

1474 4169 1729 4225 Romano
1778 4167 2008 4232 nomini,
2064 4185 2131 4222 ex
2182 4183 2293 4236 quo
2342 4164 2623 4220 Hannibal

1476 4259 1579 4311 per
1632 4241 1861 4296 Italiam
1916 4239 2203 4296 saeviebat
2246 4241 2311 4292 ut
2366 4237 2512 4307 ignis
2566 4241 2625 4291 et

1476 4316 1781 4382 tempestas
1826 4311 1904 4380 (h.
1946 4312 1981 4366 1.
2035 4309 2440 4366 observandum
2488 4325 2627 4381 pug-

1477 4401 1610 4440 nam
1648 4383 1723 4439 ad
1766 4382 2007 4440 Metauri
2044 4381 2253 4437 flumen
2285 4379 2503 4449 triplici
2535 4397 2624 4435 ra-

1477 4457 1633 4510 tione
1654 4455 1698 4510 s‘
1780 4453 1979 4522 ificari,
2015 4454 2156 4521 loco,
2190 4451 2435 4506 hostium
2466 4452 2625 4519 duce,

1479 4527 1607 4596 die).
1740 4527 1789 4582 ’c
1834 4526 1983 4582 enim
2030 4526 2149 4581 dies
2193 4522 2481 4580 fortunam
2515 4523 2625 4579 Ro-

1477 4614 1773 4656 manorum
1790 4597 2057 4666 mutavit3
2083 4612 2229 4667 quae
2248 4595 2487 4654 adversa
2506 4595 2623 4652 fue-
