3092 5059
972 287 1133 353 LIB.
1179 287 1229 353 I.
1276 285 1545 353 EPIST.
1591 285 1836 353 XVIII.

2483 289 2609 354 563

224 509 275 550 ao
308 475 507 552 Arta
552 475 773 552 decet
823 501 1089 550 sanum
1148 477 1505 550 comitem
1559 487 1776 572 toga;
1834 472 2102 552 desine
2153 501 2456 552 mecum

305 598 696 678 Certare.“
800 599 1277 699 Eutrapelus,
1334 601 1788 698 cuicumque
1840 625 2120 676 nocere
2174 601 2509 696 volebat,

307 724 785 801 Vestimenta
835 724 1072 801 dabat
1118 724 1485 821 pretiosa:
1541 726 1808 801 beatus
1855 730 2056 801 enim
2112 726 2267 800 iam

314 850 509 928 Cum
559 848 905 948 pulchris
956 851 1237 925 tunicis
1292 864 1541 926 sumet
1591 877 1796 926 nova
1847 851 2168 927 consilia
2211 863 2288 927 et
2337 878 2533 950 spes,

310 974 663 1050 Dormiet
710 974 793 1050 in
842 973 1120 1072 lucem,
1166 989 1419 1050 scorto
1470 987 1888 1076 postponet
1935 976 2342 1053 honestum

227 1130 277 1170 aa
314 1096 709 1196 Officium,
761 1125 1117 1174 nummos
1168 1098 1461 1176 alienos
1513 1115 1802 1200 pascet,
1854 1100 1955 1182 ad
2005 1103 2245 1178 imum

312 1223 569 1301 Thrax
622 1225 770 1301 erit
810 1237 941 1301 aut
991 1225 1342 1300 holitoris
1395 1237 1576 1322 aget
1627 1228 1985 1302 mercede
2037 1226 2444 1303 caballum.

312 1350 705 1427 Arcanum
758 1376 1014 1450 neque
1062 1363 1147 1425 tu
1198 1351 1662 1427 scrutaberis
1714 1351 1920 1426 illius
1969 1375 2337 1452 unquam,

314 1475 987 1575 Commissumque
1038 1489 1252 1574 teges
1308 1489 1385 1552 et
1434 1479 1618 1551 vino
1671 1489 1918 1552 tortus
1967 1491 2043 1553 et
2091 1477 2244 1573 ira3

308 1599 475 1676 Nec
522 1613 655 1676 tua
704 1599 1061 1677 laudabis
1112 1600 1365 1677 studia
1415 1615 1547 1676 aut
1597 1601 1850 1677 aliena
1900 1601 2346 1703 reprendes,

228 1757 279 1795 ⁴0
313 1724 504 1821 Nec,
548 1749 720 1800 cum
774 1726 1043 1801 venari
1096 1725 1305 1800 volet
1354 1725 1513 1821 ille,
1571 1740 1934 1827 poemata
1982 1751 2300 1825 panges.

314 1849 591 1926 Gratia
642 1849 751 1925 sic
802 1851 1132 1926 fratrum
1186 1850 1700 1946 geminorum,
1741 1850 2210 1948 Amphionis
2261 1864 2492 1952 atque

314 1975 563 2069 Zethi,
621 1974 972 2074 dissiluit,
1028 1975 1279 2051 donec
1324 1989 1684 2074 suspecta
1733 2003 2004 2054 severo

315 2097 708 2176 Conticuit
758 2097 950 2198 lyra.

1052 2098 1441 2174 Fraternis
1494 2100 1810 2176 cessisse
1860 2112 2175 2200 putatur

312 2225 665 2300 Moribus
722 2224 1160 2323 Amphion:
1212 2237 1297 2298 tu
1354 2223 1542 2298 cede
1597 2225 1924 2320 potentis
1974 2225 2206 2301 amici

234 2385 285 2426 ⁴⁶
319 2350 665 2426 Lenibus
718 2325 1085 2450 imperiis,
1142 2349 1652 2448 quotiensque
1704 2347 1984 2426 educet
2035 2351 2115 2426 in
2168 2375 2398 2448 agros

321 2474 621 2552 Aeoliis
677 2486 993 2550 onerata
1041 2473 1296 2573 plagis
1342 2474 1686 2549 iumenta
1737 2500 2144 2575 canesque,

215 2698 285 2753 de
308 2699 551 2770 signato.
573 2727 639 2738 --
656 2698 999 2769 instructior]
1024 2717 1153 2754 cum
1166 2699 1371 2754 festiva

214 2771 460 2839 quadam
479 2771 833 2842 malignitate
846 2770 1081 2826 dictum.
1096 2771 1371 2912 ——propq

213 2842 343 2897 vide
380 2843 453 2896 ad
487 2842 669 2912 Epist.
701 2843 824 2907 I,6,
853 2846 901 2897 1.
938 2871 1009 2882 -—
1052 2848 1183 2898 arta
1216 2848 1347 2913 toga

217 2912 441 2969 Divites
486 2931 553 2968 ac
594 2913 823 2970 delicati
870 2914 1124 2969 homines
1168 2913 1373 2984 amplis

215 2991 241 3038 t
322 2985 727 3040 sutebantur.
800 2985 877 3041 cf.
914 2985 1095 3056 ΕΡ.οᾱ
1132 2987 1187 3054 4,
1224 2988 1275 3040 8.

343 3095 356 3110 .
395 3059 482 3110 81.
520 3056 885 3126 Eutrapelus]
923 3058 985 3111 Ρ.
1023 3057 1374 3124 Volumnius,

214 3145 385 3197 eques
424 3127 727 3196 Romanus,
776 3129 985 3184 amicus
1022 3128 1099 3184 M.
1136 3127 1375 3183 Antonii

214 3203 453 3270 propter
499 3199 733 3255 facetias
778 3206 837 3254 et
882 3200 1263 3255 urbanitatem
1300 3199 1372 3253 ab

216 3271 545 3340 aequalibus
564 3271 908 3342 Eutrapelus
930 3273 1245 3342 appellatus
1270 3275 1371 3326 est.

216 3341 1117 3413 Aristot.Rhetor.11‚12·„01
1152 3347 1269 3397 νέοι

216 3417 599 3501 φιλογέλωτες,
655 3412 745 3469 διὸ
795 3418 887 3468 καὶ
942 3383 1283 3504 εὖτραπελοι·
1340 3411 1375 3480 ἡ

216 3487 409 3612 {135th
408 3482 1199 3613 Pplggtui'dessmssdlffssggs
1203 3481 1377 3627 ,affui

218 3633 565 3684 memoratur
618 3646 653 3683 a
701 3629 961 3685 Cornelio
1011 3629 1229 3700 Nepote
1271 3630 1374 3682 At-

218 3701 316 3756 tio.
350 3702 763 3755 9.1o.12.-
796 3700 1063 3771 officium]
1103 3700 1375 3770 of.Ep.1,

224 3773 309 3841 17,
348 3774 434 3827 21.
485 3801 549 3811 --
592 3772 809 3842 pascet]
862 3791 995 3828 nam
1038 3789 1210 3828 usura
1253 3789 1375 3826 sors

220 3848 478 3915 augetur.
534 3871 603 3882 —-
660 3843 873 3915 Thrax]
918 3844 990 3901 cf.
1038 3846 1111 3899 ad
1150 3843 1265 3898 Sat.
1300 3844 1374 3912 ΙΙ,

222 3918 275 3984 6,
295 3917 383 3970 44.
416 3941 478 3954 -
511 3915 779 3985 holitoris]
814 3921 975 3971 extra
1012 3917 1211 3971 urbem
1246 3916 1375 3971 hor-

220 3991 311 4041 tos
348 3987 609 4054 colentis;
658 3988 729 4042 ab
774 3988 883 4042 hoc
928 3989 1107 4059 igitur
1142 3986 1377 4043 cottidie

222 4075 351 4112 cum
407 4058 693 4113 holeribus
740 4058 799 4113 in
852 4060 1047 4114 urbem
1096 4059 1375 4114 mittetur.

224 4129 508 4213 —t'lliwfl
544 4129 783 4186 fautoris
816 4131 920 4185 tui.
958 4131 1109 4186 Male
1138 4132 1200 4184 in
1234 4131 1375 4186 nul·

222 4201 300 4254 tis
354 4201 693 4271 optimisque
746 4202 907 4257 codd.
963 4203 1235 4272 scriptum
1291 4207 1379 4256 est

224 4272 421 4342 auius,
482 4274 636 4342 quod
686 4290 801 4328 non
854 4272 1053 4328 debuit
1114 4289 1379 4330 revocare

226 4341 437 4412 Paulyu
440 4361 485 4398 s.
539 4344 832 4399 cf...v40
880 4343 1375 4414 —m‘notortud

227 4413 495 4484 Epist-I,
525 4419 577 4481 ὅ,
622 4416 705 4470 16.
760 4418 832 4470 A.
870 4416 934 4470 P.
970 4417 1095 4471 435.
1132 4431 1378 4484 ——pan-

224 4487 343 4556 aes]
379 4486 449 4540 Η.
484 4505 541 4541 v.
578 4487 801 4542 videtur
846 4505 965 4542 esse
1006 4487 1097 4542 vel
1141 4485 1379 4542 iocantis

227 4557 320 4612 vel
362 4559 737 4628 vituperantis
790 4561 885 4614 vel
936 4558 1251 4628 irridentis;
1306 4559 1379 4614 cf.

225 4630 299 4684 A.
341 4629 405 4683 P.
452 4631 579 4684 416.
670 4629 779 4686 Cic.
832 4630 1035 4686 Famil.
1083 4629 1229 4700 XVI,
1283 4631 1376 4684 18:

1466 2699 1600 2767 „sed
1635 2704 1702 2754 tu
1737 2699 1997 2754 nullosne
2038 2703 2228 2754 tecum
2264 2697 2502 2764 libellos,
2548 2715 2624 2753 an

1459 2772 1670 2841 pangis
1742 2770 1956 2840 aliquid
2030 2770 2400 2840 Sophocleum
2413 2769 2476 2824 ¹?“
2551 2797 2618 2809 —-

1465 2841 1818 2913 Amphionis]
1873 2841 2054 2897 Garm.
2093 2842 2193 2904 111,
2241 2843 2323 2906 11,
2363 2843 2414 2895 2.
2487 2839 2623 2895 Pro·

1464 2919 1612 2984 pert.
1657 2913 1751 2982 IV,
1803 2915 1885 2982 14,
1935 2915 2032 2968 29:
2112 2913 2226 2981 „Et
2268 2913 2476 2967 durum
2522 2913 2621 2966 Ze-

1464 2987 1626 3040 thum
1683 2989 1740 3040 et
1799 2985 2046 3040 lacrimis
2098 2953 2423 3053 Amphiona
2485 2985 2623 3038 mol-

1466 3057 1630 3112 lem.“
1676 3087 1742 3097 —
1788 3056 2050 3127 putatur]
2105 3074 2174 3110 ex
2229 3056 2437 3112 fabulis
2493 3072 2624 3126 poe-

1465 3134 1668 3183 tarum.
1724 3128 2026 3182 Horkelius
2063 3129 2249 3197 nimis,
2283 3128 2394 3182 nisi
2433 3127 2622 3196 fallor,

1467 3205 1632 3255 acute
1661 3201 1950 3271 propriam
1972 3199 2224 3270 putandi
2252 3200 2415 3254 verbi
2453 3199 2624 3270 signi·

1464 3271 1786 3327 ficationem
1853 3287 2112 3341 premens
2186 3299 2254 3310 —-
2324 3275 2624 3341 „putamus

1306 3380 1320 3395 .
1362 3383 1375 3396 .
1468 3345 1617 3398 enim
1655 3361 1736 3408 ea,
1773 3360 2014 3412 quorum
2063 3347 2278 3398 certam
2313 3343 2625 3412 persuasio-

1466 3432 1598 3470 nem
1651 3415 1866 3469 nullam
1915 3414 2218 3469 habemus“
2265 3443 2329 3454 --
2380 3431 2448 3469 ex
2497 3431 2625 3469 con·

1466 3487 1686 3541 iectura
1729 3487 2017 3555 probatur,
2064 3487 2134 3540 de
2184 3486 2384 3555 plausu
2399 3525 2411 3548 ,
2498 3502 2626 3540 uem

1468 3564 1686 3612 veteres
1738 3559 1798 3611 in
1845 3557 2084 3612 theatris
2130 3557 2294 3613 edere
2351 3557 2466 3611 sole
2509 3559 2627 3623 ant,

1468 3630 1519 3683 si
1556 3629 1692 3699 quid
1737 3628 2026 3683 honestius
2077 3631 2137 3683 in
2182 3645 2384 3684 scaena
2418 3628 2510 3682 vel
2547 3626 2629 3682 fa-

1468 3705 1626 3756 ctum
1661 3700 1920 3755 viderent
1955 3701 2046 3755 vel
2095 3700 2311 3756 dietum
2347 3699 2632 3755 audirent.

1469 3771 1580 3827 Sed
1618 3772 1690 3829 of.
1724 3772 1837 3827 Sat.
1877 3771 2042 3834 11‚3‚
2089 3772 2207 3826 161.
2273 3770 2457 3842 Epist.
2495 3771 2539 3834 Ι,
2579 3771 2630 3836 ’7,

1470 3845 1558 3898 69.
1613 3847 1666 3912 9,
1705 3845 1756 3899 8.
1813 3843 1884 3903 ΙΙ,
1926 3847 1972 3906 1,
2018 3846 2104 3898 77.
2145 3873 2212 3884 -
2245 3842 2483 3911 Aeoliis]
2538 3841 2632 3896 Sic

1470 3884 1826 3971 scribehdum
1889 3920 1978 3969 est
2043 3933 2170 3970 eum
2225 3913 2510 3969 Meinekio
2575 3918 2632 3968 et

1470 3987 1714 4041 Miillero
1759 3992 1818 4042 et
1853 3986 2096 4042 Linkero
2145 4004 2216 4041 ex
2265 3987 2387 4040 cod.
2437 4002 2629 4056 perve-

1470 4063 1626 4113 tusto
1677 4059 1984 4129 Franequq
2046 4058 2206 4114 intell
2317 4003 2474 4112 uturp
2551 4057 2630 4112 la-

1470 4147 1578 4202 gae
1615 4132 1911 4196 Cumanae,
1962 4147 2100 4200 quas
2148 4132 2242 4184 lau
2284 4133 2344 4184 at
2378 4075 2548 4183 Plin.p
2561 4128 2629 4184 N.

1471 4202 1543 4256 Η.
1599 4203 1762 4270 XIX,
1824 4205 1886 4256 1.
1984 4201 2124 4270 „Est
2181 4219 2282 4256 sua
2334 4201 2521 4272 gloria
2574 4204 2634 4255 et

1472 4273 1724 4329 Cumano
1761 4273 1926 4344 (lino)
1961 4274 2022 4328 in
2059 4273 2365 4343 Campania
2411 4273 2484 4326 ad
2519 4273 2632 4342 pis·

1472 4345 1622 4400 cium
1667 4349 1726 4400 et
1775 4346 1976 4400 alitum
2024 4351 2336 4415 capturam.
2415 4343 2630 4428 Eadem

1472 4421 1531 4471 et
1566 4417 1754 4488 plagis
1787 4418 2042 4471 materia.
2111 4417 2306 4486 Neque
2344 4416 2494 4471 enim
2529 4415 2633 4470 mi·

1473 4505 1636 4543 nores
1710 4489 1928 4543 cunctis
1997 4489 2333 4544 animalibus
2397 4485 2631 4542 insidias

1475 4577 1644 4628 quam
1678 4559 1960 4616 nobismet
2003 4561 2141 4630 ipsis
2178 4561 2296 4613 lino
2331 4558 2629 4613 tendimus.

1474 4629 1586 4686 Sed
1611 4631 1894 4687 Cumanae
1907 4632 2112 4703 plagae
2131 4631 2438 4687 concidunt
2466 4647 2634 4701 apros
