3092 5059
1115 238 1275 305 LIB.
1318 240 1427 305 IV.
1481 238 1733 307 GARM.
1775 241 1885 307 VI.

2573 242 2688 307 261

703 424 872 523 Ille,
925 426 1271 502 mordaci
1326 427 1537 501 velut
1591 428 1742 503 icta
1793 430 2001 505 ferro

615 588 665 624 ιο
699 551 933 626 Pinus
982 567 1116 628 aut
1166 553 1498 651 impulsa
1553 580 1954 656 cupressus
2003 554 2232 653 Eure,

700 674 1045 751 Procidit
1093 675 1247 753 late
1298 680 1709 778 posuitque
1759 679 2042 757 collum
2099 683 2180 757 in

892 798 1225 876 Pulvere
1276 802 1598 878 Teucro.

700 948 848 1025 Ille
896 976 1053 1025 non
1104 950 1443 1028 inclusus
1496 978 1697 1051 equo
1747 954 2140 1033 Minervae
2281 996 2316 1097 f

698 1072 931 1151 Sacra
978 1077 1303 1152 mentito
1360 1077 1560 1153 male
1612 1077 1924 1153 feriatos

620 1233 668 1274 ιι
701 1200 943 1277 Troas
990 1214 1067 1277 et
1114 1202 1397 1279 laetam
1445 1203 1736 1279 Priami
1789 1204 2086 1279 choreis

893 1327 1227 1403 Falleret
1277 1326 1572 1423 aulam3

700 1472 851 1551 Sed
904 1475 1163 1573 palam
1214 1476 1455 1573 captis
1510 1479 1794 1575 gravis,
1841 1478 1992 1552 heu
2045 1478 2261 1553 nefas
2309 1479 2482 1575 heu,

698 1598 1017 1676 Nescios
1069 1602 1225 1677 fari
1273 1627 1552 1701 pueros
1605 1601 1922 1677 Achivis

572 1718 599 1735 ⁴
695 1722 977 1801 Ureret
1022 1726 1377 1817 flammis,
1432 1727 1665 1803 etiam
1714 1726 2080 1803 latentem

610 1882 664 1920 ιο
895 1848 1165 1925 Matris
1214 1850 1296 1924 in
1346 1849 1550 1946 alvo,

703 1998 799 2073 Ni
850 1998 999 2073 tuis
1050 1998 1297 2075 flexus
1348 2000 1836 2100 Venerisque
1882 2016 2152 2099 gratae

700 2124 1035 2200 Vocibus
1092 2124 1354 2201 divum
1410 2140 1632 2227 pater
1682 2126 2078 2203 adnuisset

690 2250 943 2326 Rebus
996 2250 1315 2328 Aeneae
1366 2254 1670 2350 potiore
1724 2253 1992 2328 ductos

894 2374 1104 2453 Alite
1154 2403 1440 2453 muros.

275 2607 456 2659 quam
512 2590 694 2646 condi.
788 2591 1143 2664 Quapropter
1201 2592 1437 2648 Achillis

274 2662 479 2717 caedes
516 2663 823 2718 maximum
879 2670 1004 2721 erat
1038 2665 1309 2721 Romanis
1343 2666 1437 2720 be—

274 2733 545 2789 neficium
586 2764 653 2774 —-
687 2736 930 2806 cuspide]
984 2738 1145 2792 Hom.
1183 2737 1250 2791 11.
1289 2735 1437 2805 XIX,

278 2807 507 2860 387.—
436 2806 725 2877 —pime
752 2808 1063 2877 Aptissima
1086 2808 1266 2863 haec
1251 2826 1437 2879 imago

278 2878 353 2931 ad
373 2878 665 2948 ingentem
688 2896 987 2949 corporum
1007 2882 1332 2935 vastitatem
1350 2898 1435 2935 re-

282 2950 401 3003 lata
438 2966 507 3003 ex
544 2950 787 3005 Homero
825 2956 1050 3020 sumpta
1086 2956 1187 3006 est.
1261 2950 1330 3006 cf.
1372 2948 1437 3005 11.

281 3020 438 3087 XIII,
478 3022 583 3075 178
618 3038 736 3091 sqq.
775 3022 922 3091 XVI,
959 3022 1064 3077 482
1096 3041 1215 3093 sqq.
1270 3023 1437 3093 Verg.

275 3094 419 3147 Aen.
473 3091 545 3157 11,
583 3094 705 3147 626.
748 3123 812 3131 —
842 3094 1091 3164 procidit
1141 3094 1271 3164 late]
1325 3094 1436 3148 Ex·

276 3174 471 3232 pressa
520 3132 660 3219 l’iaec
702 3165 970 3219 videntur
1014 3184 1083 3220 ex
1128 3166 1291 3221 Hom.
1332 3165 1435 3220 Od-

280 3233 488 3302 XXIV,
526 3236 599 3288 39
634 3253 753 3305 sqq.
810 3266 875 3276 —
923 3238 1229 3308 Minervae]
1270 3238 1435 3307 Verg-

281 3309 425 3361 Aen.
462 3275 535 3363 1'1.
580 3310 644 3360 15
681 3326 801 3377 sqq.
848 3310 968 3363 183.
1019 3308 1089 3363 cf.
1127 3309 1289 3363 Hom
1332 3309 1435 3364 od.

280 3377 377 3446 IV,
414 3379 537 3431 272.
577 3407 642 3417 —
680 3380 919 3449 falleret]
984 3380 1069 3435 De
1104 3380 1435 3450 imperfecto

278 3449 353 3504 cf.
394 3448 509 3503 Sat.
548 3449 593 3517 Ι,
632 3452 684 3518 6,
722 3452 808 3505 80.

352 3520 419 3575 V.
467 3523 549 3576 17.
618 3522 807 3590 palam
873 3522 1071 3593 captis]
1124 3523 1248 3578 Non
1309 3542 1435 3579 eon·

276 3594 535 3647 sentiunt
578 3593 637 3646 in
690 3594 743 3647 h.
791 3596 829 3649 l.
878 3594 1112 3649 codices.
1198 3595 1265 3649 In
1310 3596 1436 3650 aliis

277 3664 480 3734 captiti,
522 3666 581 3718 in
607 3665 733 3719 aliis
768 3671 960 3735 captos
999 3667 1087 3721 vel
1117 3672 1313 3735 raptor
1346 3669 1436 3722 vel

278 3736 489 3801 victor,
560 3737 619 3790 in
682 3736 805 3791 aliis
877 3738 1212 3793 vocabulum
1270 3739 1437 3807 plane

281 3808 551 3861 omissum
599 3812 700 3861 est.
786 3808 949 3865 Unde
994 3814 1150 3864 recte
1200 3810 1436 3881 co-llege

278 3882 417 3933 runt
468 3879 679 3946 critici,
726 3881 787 3934 in
832 3880 1235 3949 antiquissimis
1286 3883 1435 3937 codi-

278 3951 455 4015 cibus,
492 3968 561 4005 ex
599 3952 803 4018 quibus
839 3953 937 4022 qui
972 3953 1045 4007 ad
1096 3971 1197 4007 nos
1242 3970 1435 4023 perve-

280 4026 491 4077 nerunt
514 4023 756 4091 profecti
782 4028 931 4093 sunt,
958 4025 1231 4095 scriptum
1264 4024 1435 4080 fuisse

280 4094 617 4149 vocabulum
667 4095 897 4165 aliquod
946 4098 1037 4151 vel
1084 4096 1435 4151 rarissimum

280 4165 593 4234 scribisque
619 4166 876 4237 ignotum
902 4169 990 4222 vel
1018 4170 1165 4223 male
1200 4169 1435 4237 pictum,

278 4242 347 4291 ιιι
382 4237 525 4291 alius
564 4238 715 4291 aliud
766 4240 981 4311 leg-eret
1002 4258 1097 4295 ·ac
1146 4240 1433 4294 scriberet.

280 4308 537 4363 Fuerunt
561 4308 657 4378 qui
694 4318 886 4381 captor
922 4311 995 4365 ab
1020 4312 1259 4366 Horatio
1300 4312 1433 4366 scri-

280 4384 444 4449 ptum
502 4385 796 4449 putarent,
870 4384 1218 4437 rarissimum
1288 4382 1434 4437 illud

280 4452 527 4520 quidem,
582 4452 679 4507 sed
724 4460 1011 4523 repertum
1056 4456 1117 4509 in
1162 4454 1435 4509 Antholo-

278 4524 375 4594 gia
415 4522 729 4579 Burmanni
768 4526 841 4594 ΙΙ,
876 4544 932 4595 p.
969 4528 1093 4593 453,
1144 4526 1243 4580 ubi
1276 4542 1435 4581 vena-

280 4602 447 4652 torem
482 4594 791 4666 signifieat3
843 4598 941 4651 alii
978 4602 1167 4653 autem
1202 4597 1435 4668 scripse-

1538 2598 1674 2649 runt
1691 2597 1900 2663 raptor.
1925 2592 2277 2663 Peerlkamp.
2302 2592 2690 2662 „Praeferrem

1536 2665 1719 2721 victis.
1791 2664 2042 2720 Achilles
2107 2682 2222 2721 non
2275 2634 2502 2720 a’mabat
2558 2664 2692 2719 belli

1538 2737 1708 2803 furta,
1749 2737 1846 2791 sed
1884 2737 1999 2791 vim
2038 2738 2352 2806 apertam;“
2402 2739 2693 2807 comparat

1538 2809 1733 2863 lustin.
1755 2808 1861 2874 IX,
1877 2810 1939 2862 8:
1981 2808 2124 2875 „Hic
2148 2813 2346 2878 aperta
2370 2808 2446 2871 vi,
2482 2807 2580 2863 ille
2604 2824 2692 2862 ar·

1536 2881 1691 2936 tibus
1726 2879 1874 2934 bella
1918 2879 2224 2935 tractabat.
2295 2880 2556 2950 Deceptis
2593 2880 2694 2934 ille

1538 2952 1788 3023 gaudere
1831 2952 2104 3019 hostibus,
2143 2951 2238 3006 hie
2265 2952 2460 3020 palam
2495 2950 2689 3005 fusisf‘

1538 3023 1756 3078 Eadem
1779 3022 2090 3078 sententia*
2075 3041 2133 3077 ιιι
2159 3023 2402 3077 lectione
2437 3022 2692 3077 codicum

1536 3095 1717 3164 captis
1756 3094 1916 3148 inest.
1954 3094 2045 3149 Sic
2071 3094 2379 3149 Mezentius
2407 3110 2492 3163 ap.
2520 3094 2690 3165 Verg.

1538 3169 1678 3221 Aen.
1719 3165 1783 3220 X.
1806 3168 1954 3233 735,
1960 3166 2127 3265 ,ὶιααά
2151 3167 2306 3220 furto
2341 3166 2559 3232 melior,
2595 3166 2693 3220 sed

1538 3237 1780 3293 fortibus
1799 3237 2002 3291 armis!
2036 3264 2100 3276 --
2123 3238 2331 3292 nescios
2351 3236 2490 3305 fan]
2525 3230 2694 3303 νήπια

1537 3314 1716 3364 τέκνα.
1803 3308 2119 3363 Memoratu
2190 3308 2364 3379 dig-na
2431 3325 2518 3362 res
2582 3314 2693 3377 est,

1538 3381 1690 3449 quod
1727 3380 1994 3435 Horatius
2041 3379 2292 3434 fabulam
2339 3379 2412 3434 ab
2448 3379 2690 3434 Homero

1538 3456 1820 3521 sumptam
1865 3452 2178 3506 Homericis
2237 3451 2408 3506 etiam
2455 3451 2693 3506 vocabu·

1538 3524 1608 3578 lis
1666 3524 1930 3591 ornavit3
1990 3523 2122 3578 inde
2177 3524 2348 3579 etiam
2408 3540 2552 3591 quae
2611 3540 2691 3577 se-

1539 3600 1790 3665 quuntur
1841 3596 2008 3650 etiam
2057 3594 2328 3662 latentem,
2375 3594 2692 3663 dequibus

1538 3667 1610 3722 cf.
1646 3668 1713 3721 11.
1757 3666 1852 3733 VI,
1894 3668 1964 3720 5⁷
2001 3683 2080 3736 sq.
2124 3692 2180 3705 -
2223 3636 2418 3749 slefc’ms]
2465 3664 2559 3721 Sic
2593 3666 2691 3725 ha-

1536 3739 1636 3795 bet
1691 3740 1942 3793 omnium
2011 3736 2431 3806 antiquissimus
2490 3737 2692 3791 Bland.

1540 3810 1790 3879 Cruquii‚
1851 3826 2017 3879 quem
2073 3826 2200 3863 cum
2252 3808 2506 3863 Bentleio
2564 3808 2692 3863 aliis

1538 3888 1758 3936 secutus
1796 3899 1934 3935 sum.
2009 3880 2075 3934 In
2111 3879 2346 3949 reliquis
2382 3885 2468 3933 est
2500 3879 2689 3941 vidus,

1538 3954 1688 4021 quod
1714 3953 1944 4007 Kellero
1979 3952 2144 4006 unice
2177 3951 2414 4021 placuit,
2439 3950 2691 4005 Eckstei-

1536 4026 1632 4079 nio
1677 4025 1915 4079 Miillero
1953 4023 2210 4079 Schiitzio
2262 4022 2465 4078 merito
2499 4022 2691 4091 displi-

1701 4093 2620 4249 .-100‘JJJ.;3¹JJ„JJJ.J¹”
2621 4092 2692 4219 J

1536 4240 1728 4309 (Verg.
1748 4241 1889 4293 Aen.
1909 4238 2106 4307 1‚432)
2141 4240 2208 4291 ιιι
2240 4236 2505 4305 parietes,
2544 4233 2692 4290 valla

1538 4310 1734 4365 fossae.
1773 4310 1930 4373 sulci,
1971 4324 2186 4377 versus,
2221 4308 2418 4371 lineae,
2456 4323 2560 4378 pro
2602 4312 2690 4363 ter

1536 4382 1974 4452 longitudinem.
2023 4398 2124 4449 per
2169 4396 2338 4449 quam
2383 4384 2548 4433 exten
2589 4398 2688 4435 un-

1536 4460 1650 4507 tur.
1675 4482 1742 4493 -
1769 4452 2026 4523 arquatae]
2065 4468 2320 4519 canorae,
2345 4452 2575 4520 λιγείαςς
2613 4452 2686 4507 cf.

1536 4524 1610 4579 ad
1653 4524 1834 4580 Carm.
1872 4523 1972 4589 111,
2029 4526 2112 4589 14,
2149 4525 2235 4577 21.
2305 4492 2492 4593 Epist.
2529 4522 2602 4593 11,
2640 4526 2691 4593 2,

1534 4598 1624 4652 90.
1703 4594 1841 4651 Luc.
1897 4594 2196 4651 Muellerus
2252 4612 2380 4651 cum
2433 4594 2690 4653 Bentleio
