3092 5059
416 244 544 308 392
589 232 604 249 ⁹

1363 236 1869 305 SATIRARUM

519 429 896 505 Mendosa
947 440 1061 504 est
1109 440 1404 523 natura,
1459 426 1749 525 alioqui
1800 438 2031 521 recta,
2088 422 2294 499 velut
2344 421 2407 496 si

515 552 854 651 Egregie
909 554 1296 649 inspersos
1347 549 1872 651 reprehendas
1928 573 2251 646 corpore
2300 572 2615 642 naevos,

525 676 610 755 Si
661 702 914 777 neque
965 678 1373 753 avaritiam
1419 701 1674 775 neque
1726 674 1991 751 sordes
2044 699 2187 749 nec
2232 672 2439 748 mala
2486 671 2732 747 lustra

524 800 832 879 Obiciet
880 828 1064 878 vere
1117 802 1524 901 quisquam
1578 800 1787 896 mihi,
1842 824 2079 899 purus
2132 811 2210 874 et
2258 798 2545 889 insons,

437 958 490 997 το
522 924 628 1003 Ut
672 952 797 1002 me
845 925 1305 1021 collaudem,
1359 927 1424 1000 si
1475 938 1553 1001 et
1600 926 1779 1001 vivo
1834 950 2053 1000 carus
2104 922 2409 1017 amicis3

530 1052 780 1128 Causa
827 1050 978 1125 fuit
1029 1064 1252 1149 pater
1301 1050 1440 1145 his,
1501 1053 1637 1149 qui
1692 1076 1954 1125 macro
2006 1074 2303 1149 pauper
2352 1045 2608 1145 agello

523 1174 790 1251 Noluit
840 1175 922 1250 in
973 1174 1196 1251 Flavi
1245 1176 1516 1251 ludum
1570 1202 1696 1251 me
1744 1176 2071 1271 mittere,
2124 1172 2387 1270 magni

529 1299 699 1392 Quo
754 1300 978 1397 pueri
1027 1301 1326 1397 magnis
1373 1327 1416 1377 e
1467 1300 2045 1377 centurionibus
2094 1298 2267 1393 orti,

522 1424 784 1500 Laevo
837 1428 1186 1524 suspensi
1237 1424 1534 1501 loculos
1588 1424 2089 1523 tabulamque
2138 1423 2450 1519 lacert0‚

441 1583 491 1625 τε
525 1550 756 1627 Ibant
807 1563 1121 1626 octonos
1175 1550 1605 1627 referentes
1648 1550 1919 1625 Idibus
1974 1550 2197 1645 aeris,

527 1674 680 1751 Sed
731 1701 1056 1775 puerum
1107 1688 1224 1751 est
1271 1701 1499 1751 ausus
1552 1677 1877 1751 Romam
1920 1688 2233 1774 portare
2287 1672 2712 1749 docendum

527 1800 778 1897 Artes,
838 1826 1028 1902 quas
1081 1798 1357 1877 doceat
1410 1802 1661 1901 quivis
1712 1826 1945 1899 eques
2001 1813 2231 1899 atque
2274 1810 2580 1875 senator

528 1925 787 2001 Semet
838 1938 1280 2025 prognatos.

1385 1927 1701 2003 Vestem
1758 1949 2177 2023 servosque
2230 1937 2635 2023 sequentes

525 2052 620 2125 In
669 2076 950 2149 magno
1002 2065 1088 2128 ut
1137 2052 1431 2151 populo
1483 2054 1549 2129 si
1602 2052 1733 2152 qui
1784 2051 2119 2146 vidisset,
2170 2050 2376 2125 avita

425 2298 567 2355 tiam
605 2299 772 2355 vitae.
816 2330 884 2341 -
930 2318 1028 2357 nec
1067 2302 1238 2373 mala]
1291 2302 1386 2359 Sic
1427 2306 1581 2359 recte

427 2370 488 2425 in
522 2371 910 2439 antiquissimo
946 2374 1196 2428 omnium
1221 2375 1341 2429 cod.
1365 2374 1581 2437 Bland„

427 2442 527 2497 alii
565 2447 632 2497 ut
661 2442 870 2498 Keller.
909 2444 1139 2500 Holder.
1177 2462 1260 2501 ac.
1279 2476 1351 2487 ·--
1387 2446 1580 2517 Πανί]

427 2514 658 2568 Flavius
683 2514 793 2569 fuit
818 2516 938 2570 ludi
965 2534 1020 2570 m
1097 2518 1252 2586 ister,
1283 2519 1378 2589 qui
1403 2518 1579 2573 arith-

427 2586 668 2640 meticen
723 2586 1000 2656 imprimis
1095 2588 1308 2658 ocebat‚
1365 2590 1583 2645 scilicet

429 2674 554 2712 eam
590 2661 772 2713 artem
808 2676 954 2727 quae
995 2660 1184 2715 lucelli
1231 2662 1446 2731 cupidis
1482 2661 1581 2717 ho-

428 2729 674 2783 minibus
709 2744 845 2798 prae
881 2731 1112 2800 reliquis
1150 2734 1224 2787 ad
1258 2749 1446 2789 veram
1480 2733 1581 2786 hu·

429 2800 762 2855 manitatem
816 2801 1252 2859 informantibus
1315 2808 1585 2873 exoptata

429 2871 745 2927 videbatur.
777 2901 841 2911 —
880 2874 1088 2946 magni]
1129 2876 1320 2946 quales
1357 2876 1466 2930 sibi
1501 2876 1581 2931 vi-

429 2942 710 2998 debantur
763 2944 822 2999 in
876 2962 1054 3015 parvo
1111 2948 1338 3017 oppido.
1387 2976 1460 2987 --
1503 2949 1582 3001 lo·

430 3015 584 3070 culos
653 3016 1018 3088 tabulamque]
1093 3016 1181 3073 Ex
1249 3019 1436 3074 Iuven.
1499 3021 1583 3088 10,

433 3086 560 3139 116:
619 3086 916 3157 „Quisquis
961 3090 1146 3144 adhuc
1189 3108 1301 3146 uno
1357 3094 1581 3161 partam

431 3158 570 3213 colit
601 3176 720 3214 asse
746 3158 1078 3230 Minervam,
1117 3160 1294 3230 Quem
1329 3162 1583 3233 sequitur

431 3233 614 3284 custos
651 3236 920 3302 angustae
956 3234 1192 3289 vernula
1227 3235 1460 3303 capsae“
1497 3234 1584 3287 in-

429 3301 763 3372 tellegimus,
798 3320 1002 3373 pueros
1051 3306 1148 3374 qui
1197 3306 1394 3359 ludum
1428 3310 1582 3375 pete-

431 3378 560 3428 rent
577 3390 766 3429 secum
788 3374 1048 3431 habuisse
1073 3377 1430 3449 paedagogos
1455 3395 1583 3446 cap-

432 3462 552 3499 sam
585 3462 710 3500 cum
755 3446 916 3502 libris
959 3452 1020 3502 et
1055 3448 1264 3504 chartis
1307 3449 1581 3504 tabulam-

433 3532 542 3586 que
585 3522 892 3586 portantes.
969 3518 1041 3574 cf.
1087 3520 1268 3590 Epist.
1314 3521 1358 3583 Ι,
1409 3525 1456 3589 1,
1493 3523 1583 3574 56.

431 3588 552 3643 Iam
587 3606 712 3643 cum
747 3590 906 3645 loculi
928 3592 1010 3645 nil
1037 3591 1302 3647 differant
1338 3610 1373 3646 a
1393 3608 1581 3661 capsa,

431 3664 630 3729 utpote
667 3678 812 3730 quae
847 3662 1056 3717 loculos
1095 3665 1424 3729 contineret,
1469 3681 1585 3718 non

432 3732 554 3786 sine
577 3732 886 3787 acerbitate
909 3734 1278 3805 significatur,
1306 3736 1585 3791 nobilium

431 3804 672 3857 istorum
727 3806 1116 3861 centurionum
1169 3808 1385 3865 nobiles
1435 3806 1585 3861 filios

430 3876 582 3945 ipsos
605 3875 804 3931 tulisse
825 3894 1050 3957 capsam
1071 3878 1452 3948 tabulamque,
1469 3895 1585 3933 non

433 3946 692 4002 habuisse
726 3948 1095 4019 paedagogos.
1161 3951 1286 4005 Non
1321 3968 1585 4021 magnam

435 4019 586 4073 enim
621 4019 928 4089 impensam
961 4023 1326 4077 contulerunt
1357 4023 1450 4077 isti
1488 4022 1587 4077 ho·

433 4091 612 4145 mines
679 4090 740 4145 in
799 4108 1100 4160 puerorum
1167 4094 1585 4161 educationem3

436 4178 610 4231 quare
647 4161 706 4215 in
743 4180 870 4217 eum
915 4164 1109 4219 ludum
1143 4182 1348 4235 pueros
1399 4166 1587 4219 mitte-

433 4233 589 4301 bant,
615 4233 714 4287 ubi
739 4234 970 4290 minimo
991 4238 1178 4306 pretio
1202 4238 1587 4292 litteraturam

432 4309 660 4373 possent
696 4306 923 4361 discere.
953 4336 1019 4347 —
1047 4314 1266 4364 octonos
1301 4308 1470 4377 aeris]
1497 4307 1589 4363 Sic

434 4375 630 4446 scripsi
675 4394 803 4431 cum
840 4378 1084 4434 Holdero
1136 4398 1204 4435 ex
1246 4380 1587 4435 auctoritate

435 4448 572 4501 satis
618 4448 895 4503 bonorum
943 4450 1214 4507 codicum.
1307 4455 1587 4507 Acronem

439 4535 662 4587 quoque
693 4520 842 4574 idem
877 4521 1074 4591 legisse
1111 4523 1364 4579 scholion
1398 4524 1583 4578 docet:

439 4594 656 4644 octonos
687 4606 836 4645 asses
871 4592 1034 4646 ass-is.
1120 4595 1192 4648 cf.
1227 4594 1374 4649 Plin.
1411 4596 1478 4650 N.
1515 4595 1587 4649 H.

1674 2301 1803 2357 XIV
1812 2342 1827 2371 ‚
1881 2302 1977 2357 962
2036 2318 2324 2369 „censores
2385 2301 2709 2367 edixerunt,
2758 2319 2835 2357 ne

1676 2374 1798 2444 quis
1852 2374 2047 2427 vinum
2100 2390 2365 2443 graecum
2418 2374 2627 2428 octonis
2686 2374 2837 2428 aeris

1672 2444 1996 2501 venderet.“
2036 2443 2206 2499 Orell.
2226 2445 2367 2499 Insc.
2388 2445 2485 2499 lat.
2504 2445 2627 2500 sell.
2642 2462 2696 2514 p.
2724 2446 2829 2499 431

1674 2536 1729 2571 n.
1768 2520 1938 2570 7115:
2000 2515 2195 2585 „dedit
2244 2521 2373 2571 sest.
2412 2516 2551 2571 CCX
2586 2534 2655 2571 ex
2694 2534 2833 2587 quo-

1674 2608 1801 2643 rum
1832 2588 2020 2643 reditu
2057 2628 2070 2641 .
2110 2628 2123 2641 .
2160 2588 2469 2658 municipes
2504 2593 2829 2657 praesentes

1676 2661 1995 2731 acciperent
2033 2660 2182 2715 acris
2224 2660 2501 2715 octono-3⁸⁸.
2576 2660 2689 2717 Cic.
2724 2677 2833 2729 pro

1676 2732 1739 2800 Q.
1766 2732 1929 2786 Rosc.
1960 2733 2041 2799 10,
2070 2732 2160 2784 28:
2197 2748 2451 2799 „merere
2481 2748 2585 2801 per
2620 2749 2679 2786 se
2716 2748 2827 2785 non

1674 2804 1916 2873 amplius
1968 2807 2237 2873 poterant
2290 2802 2569 2857 duodecim
2628 2802 2829 2857 acris?

1675 2875 2085 2949 Approbarunt
2120 2873 2442 2929 Gerlachius
2484 2878 2544 2929 et
2590 2874 2835 2929 Willems

1676 2946 1861 3017 (notes
1910 2947 1981 3001 de
2024 2945 2269 3015 critique
2314 2950 2375 2999 et
2409 2946 2701 3017 d'exegese
2734 2962 2835 3000 sur

1676 3018 1895 3074 Horace
1948 3018 2182 3072 sixieme
2234 3018 2405 3071 satire
2460 3017 2537 3072 du
2589 3018 2833 3088 premier

1676 3091 1835 3175 livre:
1874 3089 2121 3143 Bruxell.
2169 3090 2325 3159 1873)
2364 3106 2420 3158 p.
2459 3092 2529 3177 2⁹36
2554 3106 2692 3173 sqq„
2732 3089 2831 3158 qui

1676 3160 2706 3300 ῗὲηέἓξῗέθξῖῗέἐίοὲἒῖηθὲῗὲῗὲ
2736 3160 2835 3302 εἴ

1676 3309 1911 3375 portant
1946 3304 1981 3357 a
2014 3304 2139 3358 leur
2173 3300 2378 3357 maitre
2414 3302 2565 3357 huits
2614 3322 2675 3357 as
2722 3320 2832 3357 sux

1676 3377 1801 3432 Ides
1838 3377 1907 3431 de
1942 3375 2157 3445 chaque
2191 3375 2385 3429 mois.“
2426 3375 2580 3429 Idem
2616 3376 2835 3445 placuit

1676 3466 1827 3503 nunc
1854 3448 2072 3501 Miiller.
2110 3447 2349 3517 Krfiger.
2380 3446 2595 3501 Mewes.
2622 3448 2832 3502 Keller.

1677 3520 1919 3575 Fritsch.
1947 3518 2229 3574 Eckstein.
2266 3517 2467 3573 Altera
2499 3518 2667 3573 lectio
2690 3525 2829 3573 octo-

1676 3592 1769 3647 m‘s
1802 3608 1933 3647 aera
1962 3608 2079 3645 non
2108 3595 2299 3660 potest
2332 3590 2547 3645 diutius
2585 3590 2834 3645 defendi.

1680 3662 1818 3718 Octo
1846 3680 1993 3719 asses
2010 3682 2085 3711 ε..-
2102 3662 2173 3715 40
2198 3662 2479 3717 centimes.
2508 3690 2573 3701 -
2594 3663 2833 3726 referen-

1678 3734 1780 3805 tes]
1836 3735 2051 3789 referre
2096 3738 2181 3788 est
2224 3734 2377 3787 ultro
2426 3734 2576 3802 quod
2630 3734 2839 3788 debeas

1678 3807 1917 3862 adferre.

1752 3878 1816 3930 V.
1848 3878 1935 3932 ⁷6.
1958 3882 2039 3932 est
2076 3876 2271 3947 ausus]
2297 3893 2427 3931 nam
2448 3892 2667 3945 pauper
2694 3880 2836 3930 erat.

1682 3980 1749 3989 —-
1786 3950 1851 4003 im
1892 3964 2087 4019 maqno
2132 3954 2213 4031 ut·
2226 3946 2455 4018 populo]
2494 3947 2547 4000 h.
2590 3964 2635 4001 e.
2672 3954 2739 4002 ut
2774 3948 2837 4001 in

1679 4018 2697 4174 fflfflffi‘lslssffiessff
2742 4018 2843 4145 22:

1678 4168 1817 4218 stem
1866 4169 1925 4218 et
1968 4178 2183 4229 servos3
2232 4180 2362 4217 nam
2410 4160 2685 4216 Venusiae
2736 4180 2837 4216 no-

1676 4236 1879 4289 bilium
1932 4236 2105 4291 etiam
2172 4235 2269 4303 qui
2328 4232 2670 4289 videbantur
2728 4233 2838 4287 filii

1676 4306 2051 4362 deterioribus
2104 4306 2355 4361 vestibus
2410 4305 2717 4359 utebantur
2764 4322 2837 4361 ac

1676 4380 1797 4433 sine
1854 4380 2028 4433 servis
2084 4379 2143 4432 in
2198 4378 2395 4431 ludum
2441 4376 2831 4433 mittebantur.

1684 4452 1803 4505 Alii
1841 4451 1921 4505 sic
1958 4451 2271 4520 explicant=
2310 4453 2583 4519 quatenus
2620 4448 2679 4503 id
2714 4448 2841 4503 fieri

1684 4526 1911 4592 poterat
1974 4523 2035 4576 in
2092 4526 2257 4576 tanta
2320 4520 2603 4575 hominum
2680 4520 2842 4575 aliud

1686 4592 1973 4664 agentium
2006 4592 2387 4661 multitudine,
2423 4593 2485 4645 in
2520 4608 2633 4661 qua
2666 4594 2843 4647 etism
