3092 5059
428 252 553 317 &H

1480 250 1836 319 EPODON

726 435 921 514 Cum
973 450 1055 512 tu
1108 462 1567 537 magnorum
1619 462 1906 514 numen
1954 438 2260 515 laesura
2311 437 2634 513 deorum

828 561 922 637 In
978 562 1213 638 verba
1263 561 1571 636 iurabas
1621 586 1819 656 mea,

671 718 697 758 a
734 686 1000 762 Artius
1043 698 1276 785 atque
1319 684 1612 761 hedera
1662 709 1988 782 procera
2037 684 2486 783 astringitur
2533 685 2690 761 ilex

828 812 1090 887 Lentis
1137 811 1561 887 adhaerens
1611 809 2058 886 bracchiis:-

728 936 927 1012 Dum
981 938 1246 1036 pecori
1295 936 1523 1037 lupus
1577 950 1652 1012 et
1704 936 1953 1012 nautis
2007 938 2328 1012 infestus
2382 934 2625 1013 Orion

828 1062 1207 1137 Turbaret
1258 1062 1663 1137 hibernum
1721 1086 1952 1156 mare,

728 1186 1235 1284 Intonsosque
1287 1186 1615 1283 agitaret
1664 1184 2050 1284 Apollinis
2103 1210 2291 1262 aura
2343 1186 2688 1283 capillos,

652 1348 701 1385 ιο
834 1311 1036 1387 Fore
1087 1311 1292 1387 hunc
1344 1337 1689 1388 amorem
1744 1326 2113 1388 mutuum.

728 1436 795 1513 O
857 1436 1195 1512 dolitura
1244 1464 1419 1515 mea
1466 1437 1796 1513 multum
1846 1438 2128 1512 virtute
2176 1435 2514 1513 Neaera!

828 1562 1025 1639 Nam
1080 1563 1147 1638 si
1195 1562 1384 1662 quid
1434 1563 1513 1637 in
1565 1562 1844 1638 Flacco
1898 1562 2045 1637 viri
2096 1576 2228 1660 est,

728 1688 900 1783 Non
956 1689 1153 1764 feret
1204 1687 1543 1763 assiduas
1593 1688 1881 1788 potiori
1931 1702 2006 1764 te
2061 1688 2247 1764 dare
2298 1701 2560 1765 noctes

822 1813 920 1888 Ει
972 1826 1290 1912 quaeret
1340 1813 1580 1889 iratus
1629 1840 1920 1911 parem,

646 1970 694 2011 ιε
729 1937 889 2014 Nec
945 1939 1181 2015 semel
1235 1938 1574 2015 offensae
1618 1938 1842 2016 cedet
1886 1940 2309 2016 constantia
2363 1940 2686 2036 formae,

830 2060 912 2140 Si
966 2076 1211 2140 certus
1264 2063 1565 2139 intrarit
1618 2062 1865 2139 dolor.

428 2295 578 2349 inter
602 2296 990 2364 antiquissima
1014 2300 1205 2350 tamen
1230 2296 1455 2350 Horatii
1480 2295 1578 2349 ha-

428 2367 565 2421 bent
578 2371 747 2435 atque
760 2385 809 2421 a.
825 2369 929 2421 713
949 2368 1061 2421 scri
1100 2372 1220 2422 tum
1234 2368 1576 2422 existimant.

500 2438 566 2491 V.
607 2442 649 2491 1.
692 2438 824 2493 Nooe
856 2437 998 2507 erat]
1080 2440 1134 2494 ic
1170 2438 1370 2507 incipit
1405 2439 1578 2492 etiam

432 2508 623 2564 Ovidii
650 2526 873 2564 carmen
898 2512 1024 2565 Am.
1047 2511 1147 2576 111,
1165 2515 1223 2564 5:
1261 2510 1421 2578 „Nox
1456 2514 1580 2564 erat

430 2586 488 2635 et
522 2598 747 2635 somnus
784 2582 958 2635 lassos
1008 2582 1287 2636 summisit
1321 2581 1576 2647 ocellos,“

428 2658 489 2707 et
522 2652 783 2707 similiter
818 2653 1066 2708 eiusdem
1104 2656 1229 2707 Am.
1263 2653 1307 2715 Ι,
1334 2655 1391 2708 5:
1434 2656 1578 2722 „Ae-

428 2728 547 2778 stus
585 2730 709 2779 erat
754 2724 1105 2794 mediamque
1160 2726 1279 2779 dies
1314 2730 1580 2795 exegerat

429 2795 679 2850 horam.“
717 2795 798 2849 Id.
838 2813 907 2850 ex
932 2796 1093 2851 Pont.
1115 2795 1215 2859 ΙΙΙ,
1244 2799 1293 2862 3,
1320 2800 1377 2850 5:
1417 2796 1580 2865 „Nox

428 2872 553 2921 erat
596 2872 655 2921 et
692 2866 903 2922 bifores
951 2868 1203 2922 intrabat
1243 2869 1381 2922 luna
1428 2867 1578 2922 fene-

428 2939 627 2992 stras.“
665 2968 731 2979 --
766 2940 985 2993 vm'nora
1028 2939 1233 3009 sidera]
1284 2940 1355 2995 cf.
1396 2940 1578 2994 Carm.

427 3010 473 3077 Ι,
516 3012 599 3072 12,
636 3012 723 3063 47.
763 3040 829 3049 --
864 3012 925 3064 in
964 3011 1124 3065 οινὸα
1172 3012 1401 3066 iurabas
1436 3010 1578 3080 mea]

428 3081 553 3136 Liv.
592 3080 846 3149 XXVIII,
884 3084 981 3135 29:
1023 3082 1271 3149 „Milites
1308 3084 1367 3137 in
1404 3083 1580 3137 verba

430 3152 491 3207 P.
534 3153 807 3223 Scipionis
844 3154 1106 3207 iurarunt
1118 3154 1171 3221 ;“
1221 3173 1256 3208 a
1302 3154 1578 3209 militibus

428 3224 449 3279 i
492 3225 609 3279 itur
644 3225 716 3279 ad
754 3229 1004 3279 amantes
1040 3226 1317 3281 translata
1354 3244 1459 3281 res.
1506 3226 1578 3281 cf.

428 3243 611 3365 Effpist.
648 3297 693 3364 1,
728 3296 775 3365 1,
805 3300 889 3351 14.
930 3326 996 3335 --
1037 3297 1219 3351 artius
1256 3297 1434 3367 atque]
1473 3297 1578 3353 At·

428 3384 530 3436 que
588 3372 718 3437 post
772 3368 1177 3423 adieetivorum
1244 3370 1579 3438 comparati·

428 3456 528 3493 vos
563 3456 669 3509 pro
707 3456 869 3508 quam
902 3440 1137 3510 ponitur
1172 3442 1455 3495 rarissime
1481 3448 1580 3495 aut

428 3527 716 3579 nunquam
762 3512 833 3565 ab
888 3512 1225 3581 oratoribuS,
1279 3514 1497 3581 saepius
1544 3531 1580 3567 a

428 3583 626 3651 poetis.
700 3582 769 3636 ef.
816 3582 930 3637 Sat.
980 3583 1025 3643 Ι,
1074 3587 1122 3651 1,
1158 3585 1245 3637 46.
1318 3584 1361 3651 1,
1399 3586 1449 3643 2.
1488 3586 1576 3638 22.

431 3656 481 3720 5,
521 3656 570 3707 5.
609 3657 661 3714 6,
704 3656 819 3708 130.
864 3657 947 3719 10,
988 3656 1071 3708 34.
1110 3656 1197 3709 59.
1253 3655 1325 3722 11,
1364 3657 1413 3720 3,
1454 3658 1578 3708 241.

430 3728 551 3779 270.
590 3724 661 3789 11,
700 3728 751 3793 7,
788 3728 874 3779 96.
930 3725 1097 3795 Verg.
1137 3729 1275 3781 Aen.
1316 3727 1415 3793 111,
1454 3728 1576 3780 561.

430 3825 497 3837 -
534 3796 754 3866 hedera]
818 3798 1011 3852 eadem
1071 3800 1256 3869 imago
1306 3798 1484 3852 Carm.
1532 3798 1578 3860 1,

430 3869 527 3935 36,
572 3870 659 3923 20.
735 3868 939 3923 Catull.
980 3871 1075 3937 61,
1120 3872 1214 3924 33:
1295 3870 1580 3939 „Mentem

431 3956 621 3995 amore
667 3941 997 4009 revinciens,
1036 3940 1114 3996 Ut
1156 3946 1325 3995 tenax
1372 3940 1580 3995 hedera

430 4011 541 4066 huc
560 4016 617 4066 et
642 4012 1037 4067 hucArborem
1057 4012 1310 4081 implicat
1331 4014 1578 4067 errans.“

431 4114 499 4123 —
542 4082 731 4153 Orion]
768 4084 897 4138 vide
932 4084 1005 4139 ad
1045 4084 1225 4139 Carm.
1252 4084 1352 4144 ΙΙΙ,
1382 4088 1468 4151 27,
1497 4086 1578 4137 18.

427 4155 473 4223 I,
516 4157 603 4223 28,
642 4158 728 4208 21.
764 4154 946 4225 Epod.
992 4158 1073 4221 10,
1120 4159 1197 4210 10.
1226 4186 1292 4195 --
1318 4156 1578 4226 infestus]

428 4228 598 4281 semel
634 4228 899 4296 positum,
934 4244 1058 4282 cum
1093 4228 1180 4281 bis
1206 4228 1580 4283 necessarium

428 4300 505 4352 sit
540 4298 613 4352 ad
658 4298 991 4369 explendam
1036 4300 1394 4353 sententiam:
1444 4300 1578 4354 dum

429 4370 619 4440 pecori
656 4370 821 4441 lupus
858 4369 1093 4425 infestus
1142 4371 1291 4425 foret
1334 4376 1393 4427 et
1440 4387 1576 4425 nau-

429 4442 504 4495 tis
540 4441 775 4496 infestus
813 4441 989 4496 Orion
1022 4446 1129 4495 cet.
1157 4441 1577 4513 Peerlkampius

428 4530 521 4566 vv.
568 4513 621 4566 8.
670 4516 705 4567 9
749 4518 815 4567 ut
860 4514 1078 4583 spurios
1138 4514 1415 4569 eiciendos
1459 4532 1578 4569 esse

430 4584 667 4651 putavit.
710 4582 969 4639 Lehrsius
1008 4590 1137 4654 post
1159 4604 1212 4639 v.
1247 4588 1411 4655 lapus
1436 4586 1576 4640 duos

1674 2312 1866 2349 versus
1917 2295 2188 2351 excidisse
2237 2294 2551 2364 suspicatus
2607 2297 2709 2347 est.
2761 2322 2834 2333 —

1673 2367 1940 2437 turbaret]
1993 2366 2083 2422 Sic
2128 2372 2186 2421 et
2232 2371 2430 2436 postea
2473 2367 2718 2436 agitaret
2767 2363 2832 2417 in

1673 2438 1931 2507 plurimis
1967 2439 2276 2507 codicibus3
2327 2442 2498 2507 atque
2541 2436 2832 2491 immerito

1673 2526 1852 2579 prava
1886 2527 2192 2579 paucorum
2235 2510 2490 2564 codicum
2515 2509 2685 2563 lectio
2715 2513 2834 2563 tur-

1672 2582 1848 2649 barit,
1924 2582 2154 2651 ayitarit
2225 2599 2259 2636 a
2327 2581 2511 2635 Bentl.
2581 2579 2830 2635 Meinek.

1673 2653 1880 2722 Haupt.
1918 2653 2144 2708 Linker.
2179 2653 2375 2707 Lehrs.
2421 2650 2678 2722 praelata
2723 2654 2832 2705 est.

1674 2724 1884 2794 Utique
1919 2725 2068 2779 enim
2107 2725 2402 2780 referenda
2437 2722 2717 2779 sententia
2753 2722 2832 2777 ad

1673 2796 2064 2866 imperfectum
2097 2797 2342 2864 iurabas,
2367 2812 2478 2873 quo
2512 2795 2659 2849 idem
2684 2799 2829 2848 tem·

1673 2884 1778 2938 pus
1842 2868 2200 2923 vehementer
2253 2868 2618 2938 efflagitatur.
2714 2865 2830 2919 Suo

1672 2956 1829 2994 more
1855 2940 2121 2995 Horatius
2154 2944 2269 2994 tres
2299 2939 2546 2994 eiusdem
2581 2937 2666 2991 rei
2689 2937 2831 2991 ima-

1673 3012 1832 3081 gines
1869 3011 2178 3080 coniunxit,
2217 3010 2357 3065 duas
2395 3028 2462 3065 ex
2500 3014 2708 3064 natura
2743 3024 2832 3063 ne-

1673 3100 1816 3151 rum,
1841 3085 2067 3137 tertiam
2097 3100 2165 3137 ex
2188 3082 2540 3153 mythologie.
2569 3080 2832 3151 petitam.

1675 3154 1951 3225 Compara
2003 3155 2184 3209 Carm.
2235 3155 2308 3219 11,
2359 3155 2442 3208 10.
2520 3152 2605 3207 De
2657 3152 2832 3221 Apol·

1675 3226 1788 3280 line
1843 3227 1970 3280 vide
2027 3227 2100 3280 ad
2157 3225 2339 3281 Carm.
2393 3225 2447 3294 1,
2503 3228 2593 3293 21,
2649 3225 2700 3276 2.
2757 3252 2830 3263 —

1671 3314 1791 3351 noea
1833 3298 2054 3367 virtute]
2099 3315 2203 3368 per
2247 3314 2354 3365 me,
2403 3297 2542 3352 meis
2591 3294 2833 3349 viribus.

1673 3368 1747 3423 cf.
1791 3368 1972 3423 Plaut.
2021 3370 2140 3423 Mil.
2187 3368 2288 3435 111,
2341 3371 2388 3435 1,
2433 3370 2534 3421 82:
2611 3366 2834 3435 „Deum

1671 3442 1886 3495 virtute
1935 3444 2318 3496 transeuntem
2371 3439 2620 3509 hospitio
2681 3439 2832 3493 acei-

1672 3513 1861 3582 pere.“
1921 3512 2056 3566 ibid.
2107 3513 2236 3566 142:
2298 3518 2431 3580 „tua
2485 3516 2544 3566 te
2599 3528 2668 3565 ex
2713 3510 2830 3565 vir·

1673 3588 1798 3639 tute
1851 3588 1911 3638 et
1963 3601 2088 3639 mea
2131 3584 2292 3638 Meae
2349 3583 2499 3637 domi
2555 3582 2832 3651 accipiam

1672 3655 1966 3725 benigne.“
2003 3656 2294 3711 Sententia
2331 3654 2470 3710 haec
2503 3660 2614 3709 est:
2651 3670 2829 3723 quan·

1672 3732 1793 3781 tum
1852 3728 1910 3780 in
1966 3745 2053 3782 me
2111 3732 2213 3795 est,
2269 3726 2529 3795 efficiam,
2577 3732 2644 3780 ιιι
2695 3730 2833 3779 tuae

1671 3804 1730 3853 te
1765 3798 2036 3867 perfidiae
2081 3799 2382 3868 paeniteat.
2430 3828 2498 3839 --
2545 3798 2612 3851 in
2649 3796 2830 3853 Flac·

1673 3870 1757 3939 σο]
1797 3870 1936 3925 Cum
1970 3871 2030 3924 vi
2067 3875 2125 3925 et
2161 3870 2446 3942 gravitate
2489 3886 2692 3923 nomen
2727 3884 2830 3937 po-

1673 3942 1828 3996 nitur
1900 3946 2168 4011 tanquam
2245 3942 2448 3996 tertiae
2534 3956 2829 4011 personae.

1674 4011 1815 4068 Vide
1851 4014 1924 4067 ad
1963 4014 2144 4068 Carm.
2185 4012 2280 4081 IV,
2318 4015 2373 4082 6,
2410 4016 2497 4067 44.
2554 4012 2832 4066 Miillerns

1672 4089 1730 4138 et
1765 4084 2120 4141 Eeksteinius
2155 4085 2500 4154 seripserunt
2530 4084 2720 4151 viris-n
2755 4083 2832 4138 de

1673 4174 1784 4227 qua
1807 4174 1870 4211 re
1893 4158 1964 4211 cf.
1990 4157 2060 4211 ad
2083 4156 2262 4211 Garm.
2283 4156 2330 4217 Ι.
2347 4158 2400 4217 3,
2420 4160 2596 4210 37.-
2611 4154 2828 4225 parem]

1671 4228 1741 4283 cf.
1789 4228 1969 4298 Epod.
2018 4231 2103 4295 11,
2155 4230 2250 4295 18;
2307 4245 2432 4283 meo
2483 4228 2726 4284 candore
2767 4232 2832 4280 et

1671 4300 1900 4370 ingenio
1945 4299 2190 4371 dignam.
2249 4328 2317 4339 -
2375 4300 2536 4353 semel
2569 4297 2826 4367 offensae]

1671 4373 1839 4441 semel
1899 4372 2129 4441 invisae,
2187 4376 2254 4426 ut
2321 4372 2472 4441 apud
2517 4370 2628 4425 Cio.
2687 4370 2831 4424 Sunt.

1672 4443 1766 4497 58:
1829 4445 1953 4512 „cui
1999 4460 2100 4497 nos
2159 4442 2358 4498 offensi
2411 4442 2692 4511 invisique
2739 4440 2830 4495 fu·

1671 4515 1926 4569 erimus.“
2019 4514 2142 4569 Hoc
2201 4514 2456 4569 minatur
2471 4554 2486 4583 ‚
2554 4514 2604 4568 si
2657 4512 2832 4567 semel

1673 4592 1867 4655 peetus
1905 4586 1986 4640 ita
2023 4586 2324 4641 intraverit
2347 4585 2528 4652 dolor,
2561 4590 2627 4639 ιιι
2658 4584 2830 4639 aliam
