3092 5059
455 227 575 292 176

1417 229 1873 324 cAanNuM

951 413 1104 492 Seu
1156 443 1346 493 voce
1396 443 1603 493 nunc
1654 418 1899 494 mavis
1943 432 2167 494 acuta

1051 540 1203 619 Seu
1243 542 1526 619 fidibus
1579 543 2035 642 citharaque·
2080 543 2397 620 Phoebi.

785 721 810 760 5
855 689 1216 768 Auditis?
1269 719 1368 768 an
1421 720 1545 769 me
1597 693 1799 768 ludit
1842 695 2189 770 amabilis

848 815 1204 894 Insania?
1247 817 1545 894 Audire
1598 831 1673 894 et
1732 818 1995 894 videor
2044 821 2212 920 pios

944 942 1222 1018 Errare
1275 967 1415 1041 per
1465 941 1703 1038 lucOS,
1758 968 2130 1020 amoenae

1048 1068 1257 1159 Quos
1309 1080 1385 1142 et
1434 1093 1681 1167 aquae
1732 1069 2064 1144 subeunt
2116 1083 2193 1146 et
2244 1097 2499 1147 aurae.

847 1217 977 1293 Me
1030 1217 1429 1294 fabulosae
1479 1217 1813 1293 Vulture
1856 1218 1936 1292 in
1990 1217 2253 1318 Apulo

768 1376 819 1414 ιο
855 1343 1174 1419 Altricis
1229 1358 1444 1420 extra
1489 1343 1728 1419 limen
1776 1343 2114 1443 Apuliae

449 1547 530 1602 sic
553 1565 645 1602 eos
669 1567 859 1604 omnes
888 1551 1158 1606 adiuvant
1182 1551 1391 1618 Musae,
1417 1569 1452 1604 a
1479 1550 1599 1619 qui·

447 1619 553 1674 bus
591 1622 877 1689 coluntur;
916 1623 1087 1676 etiam
1126 1625 1462 1692 Augustum,
1501 1621 1599 1690 qui

447 1709 560 1744 non
577 1693 916 1747 militaribus
940 1694 1112 1748 solum
1139 1694 1445 1748 virtutibus
1465 1693 1599 1748 emi-

447 1768 548 1817 net
581 1764 678 1818 sed
712 1764 933 1819 deditus
959 1765 1130 1820 etiam
1157 1770 1244 1819 est
1267 1765 1381 1820 leni
1413 1764 1599 1818 Musa—

447 1851 574 1888 rum
599 1837 884 1905 potestati,
904 1837 1104 1906 quibus
1128 1837 1278 1906 quod
1302 1837 1601 1906 imperium

447 1907 722 1974 sapientia
767 1912 1138 1977 temperatum
1186 1908 1361 1962 habet
1409 1925 1599 1976 accep·

448 1982 570 2031 tum
603 1978 792 2033 refert.
847 1979 1017 2034 Nulla
1059 1981 1208 2034 enim
1249 1997 1382 2034 vera
1416 1983 1599 2048 potes·

445 2053 534 2102 tas
555 2055 641 2103 est
663 2049 782 2104 sine
799 2051 1100 2120 sapientia;
1127 2053 1215 2105 vis
1234 2051 1466 2106 consilio
1486 2067 1599 2104 non

447 2124 758 2190 temperata
793 2123 974 2176 invisa
999 2123 1106 2176 diis
1145 2128 1230 2177 est
1252 2139 1434 2191 neque
1472 2127 1597 2190 pot-

447 2196 531 2245 est
567 2192 786 2247 durare.
861 2193 1013 2248 Haec
1048 2195 1324 2248 sententia
1368 2193 1596 2247 uberius

446 2263 760 2332 explicatur
822 2265 1068 2336 imagine
1123 2283 1369 2335 pugnae,
1429 2282 1599 2333 quam

446 2335 698 2389 caelestis
734 2336 1006 2405 Iuppiter,
1043 2337 1103 2389 in
1148 2355 1257 2406 quo
1294 2335 1473 2389 omnis
1513 2353 1598 2390 sa-

445 2405 662 2475 pientia
695 2413 796 2470 est,
836 2423 962 2461 cum
987 2407 1282 2463 Titanibus
1305 2408 1598 2478 pugnavit,

445 2476 672 2530 rudium
697 2484 754 2532 et
789 2478 1282 2534 immoderatamm
1311 2479 1599 2533 terrestris

444 2553 680 2602 naturae
713 2549 922 2604 virium
959 2551 1244 2619 exemplis.
1285 2549 1436 2618 Quae
1470 2568 1596 2604 cum

445 2619 526 2672 ita
563 2620 692 2685 sint,
729 2626 896 2690 poeta
932 2623 1182 2690 perfecto
1219 2623 1327 2677 hoc
1351 2621 1597 2676 carmine

444 2690 713 2759 pietatem
781 2693 1025 2747 celebrat
1089 2711 1224 2764 erga
1274 2693 1404 2748 deos
1469 2710 1597 2746 cum

447 2777 620 2830 eaque
643 2764 995 2819 coniunctam
1015 2766 1366 2834 sapientiam,
1391 2765 1595 2818 iustam

445 2849 567 2887 eam
622 2835 862 2890 cuiusvis
916 2838 1212 2905 potestatis
1268 2837 1596 2890 moderatri-

445 2921 581 2958 cem.
653 2905 720 2958 In
766 2924 876 2976 qua
919 2925 982 2962 re
1025 2907 1294 2962 Horatius
1339 2908 1597 2962 invocata

443 2974 606 3030 Musa
641 2995 705 3031 eo
744 2977 1048 3048 ferebatur,
1098 2985 1162 3033 ut
1207 2997 1241 3034 a
1275 2997 1374 3033 suo
1412 2997 1594 3033 exem-

445 3047 538 3116 plo
576 3047 649 3102 ad
689 3051 928 3120 Augusti
977 3051 1246 3105 maiorem
1294 3051 1593 3104 auctorita-

443 3122 579 3187 tem,
637 3120 709 3174 ab
752 3124 1008 3192 Augusto
1058 3122 1132 3176 ad
1175 3123 1492 3192 generalem
1538 3125 1596 3176 et

445 3191 824 3259 exemplorum
851 3193 1214 3263 simplicitate
1248 3211 1423 3262 prope
1459 3193 1595 3247 libe-

443 3265 624 3315 ratam
661 3263 977 3318 doctrinam
1011 3283 1127 3319 sese
1163 3263 1414 3334 tolleret;
1452 3281 1595 3332 quae

444 3333 669 3400 quidem
704 3353 775 3389 ne
825 3335 1146 3405 philosophi
1197 3337 1374 3406 magis
1426 3353 1594 3405 quam

441 3410 641 3473 poetae
685 3424 803 3460 esse
850 3407 1166 3476 videretur,
1210 3408 1469 3474 mythicis
1517 3406 1594 3460 fa·

441 3474 587 3529 bulis
623 3478 832 3545 passim
878 3479 1103 3532 insertis
1153 3478 1419 3548 prudenti
1463 3495 1589 3532 con—

442 3547 567 3601 silio
610 3554 834 3602 cautum
872 3556 970 3604 est.
1025 3549 1132 3603 Vix
1170 3554 1254 3604 est
1291 3549 1440 3618 quod
1477 3567 1595 3604 mo-

441 3634 687 3686 neamus,
727 3621 906 3675 videri
941 3622 1242 3676 Horatium
1284 3622 1343 3675 in
1392 3621 1594 3676 descri-

441 3688 626 3744 benda
670 3691 770 3746 illa
805 3693 953 3748 Iovis
999 3697 1056 3748 et
1092 3693 1356 3747 Titanum
1403 3710 1596 3762 pugna

441 3761 698 3829 proxime
731 3764 1010 3834 attingere
1036 3764 1276 3820 voluisse
1312 3782 1470 3818 suam
1506 3782 1593 3818 ae-

441 3835 618 3886 tatem
637 3834 696 3887 in
721 3853 832 3903 qua
851 3835 1158 3890 factionum
1179 3836 1477 3891 temera-ria
1502 3833 1593 3890 c'u—

442 3904 650 3972 piditas
697 3907 849 3960 omni
895 3907 1161 3976 utilitate,
1211 3925 1352 3976 quae
1392 3925 1460 3961 ex
1507 3924 1596 3960 su-

441 3976 728 4044 periorum
783 3983 1097 4048 temporum
1156 3978 1319 4032 fatali
1374 3978 1596 4032 ratione

440 4048 716 4114 potuisset
758 4050 900 4118 capi,
944 4051 1310 4119 pertinaciter
1351 4055 1595 4104 contem—

440 4122 538 4186 pta
577 4136 701 4172 cum
737 4121 1060 4190 principatu
1095 4122 1358 4192 Augusti,
1399 4121 1594 4175 divina

439 4190 743 4257 prudentia
766 4191 1030 4246 Romanis
1051 4194 1332 4264 imposit0,
1357 4193 1593 4262 impium

441 4267 722 4316 certamen
779 4264 924 4318 inire
977 4282 1112 4319 ausa
1169 4269 1270 4319 est.
1343 4262 1428 4318 De
1483 4281 1594 4332 qua

441 4348 503 4385 re
540 4333 606 4388 cf.
653 4333 814 4390 ovid.
851 4334 986 4390 Met.
1022 4337 1066 4402 I,
1105 4337 1212 4389 200
1249 4352 1367 4404 sqq.

514 4419 577 4473 V.
621 4425 671 4474 2.
706 4422 944 4492 lonyum]
991 4425 1186 4488 maius,
1231 4423 1473 4483 uberius,
1519 4423 1592 4478 ad

445 4492 593 4556 quod
613 4494 924 4547 canendum
947 4494 1200 4564 longiore
1217 4493 1412 4547 Musae
1432 4511 1590 4563 prae-

443 4563 622 4616 sentia
658 4579 795 4631 opus
831 4569 933 4618 est.
971 4563 1062 4618 Ad
1097 4565 1448 4633 insequentes
1466 4582 1591 4620 ver·

1692 1549 2848 1692 {sarissas}aaa

1693 1708 1788 1746 cae
1824 1692 2005 1760 poesis
2056 1692 2199 1746 tibia
2242 1697 2300 1746 et
2335 1693 2457 1760 lyra
2491 1693 2845 1764 distinguun-

1691 1767 1803 1817 tur.
1830 1791 1895 1803 -—
1919 1763 2261 1834 citharaque]
2298 1763 2390 1818 Sic
2437 1769 2635 1818 contra
2669 1766 2846 1834 pluri-

1690 1852 1839 1888 mam
1888 1839 2106 1904 partem
2165 1835 2419 1889 codicum
2464 1836 2845 1906 scribendum3

1692 1906 1928 1960 alterum
1974 1906 2255 1962 citharave
2298 1924 2409 1961 non
2464 1913 2651 1976 potest
2706 1907 2846 1962 ferri

1693 1993 1820 2032 cum
1844 1977 2065 2031 Rittero
2096 1983 2153 2032 et
2176 1977 2421 2046 Keller-0,
2460 1979 2593 2047 quia
2624 1979 2759 2047 fides
2796 1987 2849 2034 et

1690 2049 1909 2103 cithara
1942 2065 2055 2102 non
2091 2057 2321 2117 possunt
2372 2067 2551 2118 neque
2599 2051 2751 2105 inter
2784 2069 2846 2106 se

1690 2137 1871 2258 35:323
1918 2118 2583 2260 affigi-tamti
2598 2122 2707 2247 133
2721 2119 2847 2262 ,245

1690 2263 1787 2318 bus
1823 2263 2060 2316 indicari
2098 2264 2391 2331 putabant,
2428 2263 2581 2318 locus
2606 2265 2700 2319 hic
2733 2283 2847 2319 non

1692 2339 1791 2388 est.
1830 2335 1914 2388 De
1945 2333 2332 2388 instrumentis
2366 2335 2591 2390 musicis
2619 2336 2747 2390 vide
2772 2336 2847 2391 ad

1692 2405 1873 2460 Carm.
1909 2405 2002 2459 IV.
2044 2409 2091 2467 1,
2120 2407 2209 2459 23.
2244 2406 2339 2475 IV,
2381 2408 2465 2474 15,
2494 2410 2578 2460 30.
2602 2407 2647 2468 Ι.
2681 2408 2765 2475 12,
2800 2413 2849 2462 1.

1690 2478 1734 2544 Ι,
1759 2480 1807 2545 1,
1832 2479 1917 2529 32.
1958 2478 2025 2530 A.
2050 2477 2113 2530 P.
2138 2478 2261 2531 202.
2299 2507 2367 2517 --
2407 2477 2642 2548 auditis]
2670 2477 2847 2533 Poeta

1690 2549 1809 2618 ipse
1831 2549 1946 2602 iam
1970 2549 2164 2606 ἔνθεος
2188 2552 2287 2602 est.
2316 2549 2637 2620 Interrogat
2654 2557 2849 2605 autem

1691 2621 2129 2682 circumstantes,
2146 2626 2203 2674 et
2222 2621 2445 2674 eosdem
2465 2621 2693 2690 quidem
2708 2639 2847 2691 quos

1692 2691 1871 2746 Carm.
1908 2691 2007 2757 111,
2050 2693 2098 2759 1,
2136 2695 2169 2743 4
2208 2693 2575 2761 cogitaverat.
2605 2722 2667 2731 —
2694 2709 2847 2748 ama-

1688 2763 1813 2818 bilis
1850 2763 2093 2831 insania]
2133 2762 2469 2830 Oxymoron.
2534 2764 2641 2818 Est
2681 2765 2849 2820 furor

1687 2835 1957 2903 poeticus,
2018 2831 2447 2904 ἐνθουσιασμός,
2506 2841 2700 2906 μανία.
2777 2867 2848 2877 -

1690 2905 1885 2974 videor]
1922 2905 1981 2958 in
2016 2921 2184 2974 prosa
2221 2906 2418 2977 vulgo:
2458 2907 2594 2961 mavi
2627 2907 2849 2978 videor,

1690 2982 1754 3031 ut
1802 2977 1980 3031 Carm.
2028 2977 2099 3042 11,
2153 2980 2201 3045 1,
2247 2980 2344 3046 213
2402 2977 2498 3032 sed
2546 2978 2627 3033 sic
2675 2981 2849 3034 etiam

1691 3047 1883 3102 Cicero
1920 3048 1989 3101 de
2025 3047 2185 3102 amic.
2266 3050 2347 3112 12,
2386 3053 2471 3102 41.
2556 3049 2748 3106 Divin.
2788 3052 2851 3106 in

1691 3118 1889 3174 Caecil.
1950 3121 2031 3182 14,
2080 3121 2166 3172 45.
2225 3150 2289 3158 —
2345 3120 2591 3189 subeunt]
2644 3121 2850 3177 Latior

1689 3189 1852 3245 huius
1897 3191 2056 3245 verbi
2103 3191 2257 3245 notio
2308 3209 2421 3246 non
2469 3193 2646 3262 magis
2692 3195 2852 3248 auris

1690 3268 1823 3331 apta
1859 3268 1944 3316 est
1979 3280 2147 3330 quam
2186 3262 2369 3332 aquis;
2407 3263 2721 3334 elegantius
2761 3271 2851 3320 est

1688 3335 1836 3388 enim
1878 3351 2045 3403 quam
2086 3333 2325 3393 intrare,
2372 3335 2515 3387 nihil
2564 3335 2735 3391 aliud.
2779 3367 2850 3377 —

1686 3405 1989 3474 fabulosae]
2023 3404 2103 3459 Et
2135 3405 2397 3474 strophae
2434 3411 2491 3459 et
2526 3424 2715 3460 rerum
2754 3428 2855 3465 ne·

1692 3477 1950 3531 cessitate
1988 3477 2376 3544 coniungenda
2412 3481 2543 3531 sunt
2564 3479 2855 3545 fabulosae

1680 3547 1978 3616 palumbes,
2013 3548 2206 3615 mirae,
2253 3548 2629 3618 prodigiosae.
2708 3551 2854 3606 Con-

1688 3624 1897 3688 gruunt
1940 3635 2017 3674 me
2060 3619 2343 3685 fabulosae
2392 3626 2449 3675 et
2482 3638 2711 3688 puerum
2742 3640 2853 3692 pa-

1687 3691 1887 3745 lumbes
1950 3719 2013 3728 —
2065 3691 2129 3744 in
2178 3689 2391 3760 Apulo]
2440 3691 2644 3746 Vultur
2690 3698 2853 3764 Apu-

1688 3761 1797 3815 liae
1854 3779 2013 3816 mons
2087 3766 2211 3816 erat
2288 3779 2457 3832 supra
2514 3763 2849 3836 Venusiam3

1687 3839 1849 3901 part-e
1872 3837 2061 3886 tamen
2086 3833 2256 3887 etiam
2282 3833 2341 3886 in
2367 3833 2671 3889 Lucaniam
2717 3855 2849 3906 pro-

1689 3905 1963 3959 currebat.
2019 3904 2235 3958 Deinde
2274 3905 2559 3960 insolitum
2597 3907 2850 3978 quidem,

1686 3975 1783 4028 sed
1820 3975 2111 4030 ferendum
2156 3981 2259 4042 est,
2312 3976 2461 4044 quod
2507 3977 2695 4046 prima
2738 3981 2849 4050 syl-

1688 4047 1817 4101 laba
1862 4047 2116 4115 Apuliae,
2173 4065 2338 4116 quam
2395 4047 2661 4103 Horatius
2722 4053 2851 4106 aliis

1687 4118 1823 4172 locis
1876 4119 2161 4188 produxit,
2217 4138 2269 4172 v.
2316 4121 2380 4172 10
2428 4126 2691 4190 correpta
2742 4129 2848 4192 est,

1689 4207 1815 4244 cum
1870 4208 1921 4243 ν.
1965 4189 1998 4243 9
2045 4191 2238 4244 eadem
2291 4190 2509 4258 syllaba
2564 4193 2849 4260 producta

1688 4261 1777 4316 sit.
1835 4261 1981 4316 Nam
2016 4268 2411 4331 praeterquam
2463 4263 2615 4331 quod
2650 4265 2711 4318 in
2748 4285 2849 4322 no-

1686 4333 1931 4387 minibus
1968 4335 2216 4404 propriis
2248 4333 2469 4388 Latinis
2505 4336 2689 4404 poetis
2728 4356 2845 4393 ma—

1685 4422 1799 4474 gna
1856 4405 2158 4459 admodum
2217 4405 2451 4460 libertas
2507 4405 2636 4474 fuit,
2694 4409 2846 4480 apud

1686 4492 1859 4530 unum
1883 4476 2187 4531 Horatium
2222 4477 2432 4546 triplex
2468 4477 2633 4532 huius
2666 4481 2845 4537 nomi-

1684 4565 1771 4618 nis
1842 4570 2084 4620 metrum
2156 4571 2265 4621 est:
2339 4567 2562 4638 Apula-3
2633 4568 2697 4638 (-
2718 4599 2753 4617 υ
2779 4565 2842 4634 ν)
