3092 5059
466 215 588 280 110

1438 216 1899 289 CARMINUM

962 403 1289 501 Sperare
1339 406 1807 508 fortunaque
1858 408 2071 485 dulci

1057 529 1326 627 Ebria3
1381 530 1520 607 sed
1568 532 1843 609 minuit
1892 534 2239 609 furorem

863 678 1012 754 Vix
1062 705 1217 756 una
1266 706 1526 782 sospes
1577 684 1795 759 navis
1840 685 1940 759 ab
1992 683 2323 781 ignibus,

859 804 1354 906 Montemque
1405 806 1883 908 lymphatam
1940 810 2357 885 Mareotico

781 960 830 1001 ιε
961 929 1289 1028 Redegit
1336 931 1418 1005 in
1469 958 1693 1007 veros
1742 933 2057 1009 timores

1063 1054 1344 1133 Caesar
1398 1055 1497 1130 ab
1547 1054 1779 1131 Italia
1814 1056 2204 1133 volantem
2268 1120 2275 1125 .

861 1204 1116 1279 Remis
1166 1204 1575 1302 adurgens,
1632 1206 1999 1303 accipiter
2046 1207 2262 1283 velut

859 1328 1140 1404 MoUes
1193 1329 1591 1407 columbas
1638 1346 1773 1407 aut
1823 1331 2172 1429 leporem
2222 1331 2412 1406 citus

959 1453 1304 1531 Venator
1354 1457 1437 1533 in
1490 1458 1781 1555 campis
1832 1456 2109 1533 nivalis

776 1608 830 1649 ιο
1064 1579 1569 1679 Haemoniae,
1625 1581 1845 1658 daret
1898 1594 1982 1657 ut
2035 1580 2321 1658 catenis

862 1728 1132 1805 Fatale
1179 1742 1645 1827 monstrum3
1696 1756 1891 1831 quae
1938 1731 2387 1830 generosius

865 1854 1124 1930 Perire
1181 1880 1557 1955 quaerens
1610 1880 1751 1931 nec
1805 1856 2284 1932 muliebriter

961 1981 1296 2081 Expavit
1347 2006 1609 2055 ensem
1662 2006 1807 2055 nec
1855 1981 2177 2057 latentes

1063 2104 1327 2185 Classe
1379 2105 1532 2181 cita
1582 2107 1973 2202 reparavit
2016 2132 2224 2203 oras;

459 2350 805 2404 minatorum
857 2362 1030 2418 grege
1083 2345 1484 2415 denupsisset.“
1544 2376 1610 2386 —

460 2419 756 2491 impotens]
793 2421 1070 2489 impotens
1114 2423 1198 2472 est
1236 2418 1331 2485 qui
1376 2418 1615 2472 libidine

463 2496 521 2547 et
563 2491 874 2561 cupiditate
923 2496 1117 2560 captus
1157 2489 1266 2544 sibi
1311 2489 1432 2558 ipse
1473 2494 1613 2543 tem·

461 2580 664 2633 perare
686 2563 898 2631 nequit.
926 2592 992 2601 —-
1017 2563 1251 2629 fortuna
1273 2560 1444 2631 dulci]
1484 2560 1615 2615 vide

466 2634 538 2689 ad
576 2635 758 2689 Carm.
800 2634 846 2703 1,
891 2636 973 2699 16,
1009 2634 1094 2687 23.

537 2706 600 2761 V.
642 2706 726 2759 13.
799 2704 1062 2774 furorem]
1121 2702 1615 2773 intemperantiam

463 2783 522 2832 et
564 2777 964 2847 arrogantiam,
1013 2792 1124 2843 qua
1167 2774 1444 2843 quidlibet
1493 2792 1615 2843 spe-

462 2866 590 2904 rare
628 2865 763 2903 ansa
809 2853 948 2903 erat.
999 2875 1063 2886 —
1112 2847 1132 2900 Ζ
1171 2845 1450 2916 mphatam
1486 2846 1615 2901 Ma-

464 2919 690 2989 reotico]
747 2920 818 2973 cf.
876 2919 1086 2973 Lucan.
1183 2917 1330 2971 hars.
1389 2918 1431 2981 1,
1482 2920 1612 2971 495:

466 2991 670 3060 „turba
723 3008 825 3059 per
881 2991 1076 3045 urbem
1126 2988 1430 3058 Praecipiti
1476 2989 1614 3057 lym-

464 3064 641 3134 phata
677 3062 910 3146 graduf‘
978 3061 1119 3115 Stat.
1157 3060 1331 3115 Theb.
1373 3060 1442 3122 X,
1481 3064 1612 3114 δῦτε

465 3135 730 3203 „incertis
766 3133 1114 3203 lymphatam
1157 3132 1485 3187 horroribus
1523 3150 1613 3186 ur-

464 3206 644 3261 bem.“
707 3204 994 3260 Claudian.
1032 3205 1092 3259 in
1125 3204 1362 3273 Eutrop.
1402 3204 1475 3271 11,
1514 3206 1613 3257 45:

465 3277 648 3343 „Tum
701 3282 857 3332 vates
913 3278 1032 3331 sine
1075 3292 1232 3329 more
1278 3276 1420 3346 rapi,
1476 3276 1613 3343 lym-

463 3350 748 3419 phataque
803 3348 1011 3418 passim
1066 3346 1306 3401 Pectora
1378 3346 1613 3401 terrifici

465 3421 707 3475 stimulis
755 3419 1039 3490 ignescere
1091 3418 1359 3473 Phoebi.“
1435 3418 1615 3472 Tacit.

464 3494 612 3547 Ann.
633 3491 678 3559 1,
697 3491 788 3545 32:
831 3495 1096 3560 „repente
1115 3490 1387 3561 lymphati
1415 3489 1614 3544 destri-

465 3564 572 3617 ctis
590 3562 792 3632 gladiis
810 3563 872 3615 in
903 3562 1256 3617 centuriones
1286 3562 1615 3615 invadunt.“

467 3638 554 3689 Ac
591 3634 733 3688 bene
767 3633 1106 3689 Meinekius:
1159 3638 1417 3702 „tantum
1465 3633 1614 3687 enim

469 3706 645 3769 abest,
667 3705 868 3774 inquit,
889 3710 954 3760 ut
971 3704 1216 3760 ebrietas
1233 3721 1379 3759 vano
1411 3705 1615 3759 timore

466 3776 1615 3919 ῗῖΡέῗῗ,ιὲἓιῑὲΡῗῖηῗιῖῗθῖξωῗέἓωηῗί

467 3926 553 3977 est
593 3920 652 3975 in
689 3920 870 3990 Epist.
909 3920 952 3985 Ι,
994 3923 1077 3983 15,
1120 3921 1202 3973 17.
1239 3919 1436 3988 Itaque
1476 3919 1613 3986 lym·

465 3993 697 4063 phetam
733 3996 976 4047 mentem
1021 3991 1092 4045 de
1138 3990 1434 4059 impotenti
1468 3990 1613 4061 regi-

465 4082 572 4119 nae
625 4063 832 4118 fiducia
879 4062 1317 4133 intellegendam
1363 4065 1616 4130 apparet,

467 4136 557 4190 cni
603 4142 754 4190 recte
798 4138 1160 4203 opponuntur
1214 4133 1331 4188 veri
1383 4132 1617 4193 timores.

467 4208 904 4333 *sidetes
930 4203 1460 4331 &arrasa
1475 4202 1614 4328 fia·

501 4296 570 4333 ia.
816 4294 985 4333 eam
1078 4292 1207 4332 aci.
1307 4292 1476 4339 is.‚
1600 4296 1613 4328 ε

469 4349 1030 4475 (sm...
1092 4346 1617 4473 rames}

471 4460 736 4560 quatiunt
783 4438 1078 4561 lymphati·
1094 4460 1106 4474 ⁸
1119 4458 1402 4559 ὦσι-θεέ(
1488 4488 1614 4545 Μα-

468 4562 672 4619 notice
729 4563 886 4632 vino,
947 4562 1097 4631 quod
1161 4562 1322 4617 dulce
1387 4559 1500 4615 fuit
1560 4565 1618 4615 et

1716 2344 2077 2413 odoriferum,
2134 2346 2453 2400 luxuriosae
2506 2346 2747 2401 Antonii
2812 2352 2875 2401 et

1716 2417 2043 2486 Cleopatrae
2080 2418 2523 2484 compotationes
2549 2418 2597 2471 si
2638 2416 2871 2472 nifican-

1716 2492 1827 2541 tur.
1868 2518 1930 2528 -
1969 2489 2039 2543 ab
2076 2488 2251 2543 Italia
2286 2487 2577 2559 volantem]
2643 2489 2680 2543 d
2718 2490 2869 2544 enim

1716 2564 2042 2628 speraverat
2096 2560 2293 2613 insana
2344 2560 2562 2623 mulier,
2622 2560 2749 2615 fore
2806 2566 2871 2615 ut

1716 2648 1843 2685 cum
1888 2631 2137 2686 Antonio
2182 2631 2399 2685 victore
2441 2632 2651 2687 victam
2697 2633 2869 2687 etiam

1718 2703 1937 2757 ltaliam
1994 2720 2093 2757 suo
2148 2702 2388 2757 arbitrio
2440 2703 2741 2759 subiceret.
2800 2732 2868 2743 —

1716 2775 1979 2843 accipiter
2012 2775 2154 2829 velut
2214 2773 2378 2829 Hom.
2416 2774 2485 2828 Il.
2522 2774 2703 2842 XXII,
2746 2776 2870 2829 139.

1716 2874 1786 2886 —
1818 2846 2161 2901 Hemoniae
2222 2846 2292 2898 ab
2307 2844 2609 2909 Haemone,
2633 2848 2873 2915 antiquo

1718 2934 1865 2987 rege.
1914 2916 2164 2971 Thessali
2220 2922 2399 2985 patre,
2444 2916 2735 2973 Thessalia
2789 2919 2875 2973 sic

1716 2988 2016 3043 nominata.
2090 2988 2403 3043 Meinekius
2450 2989 2693 3044 coniecit
2733 2990 2872 3043 scri·

1716 3058 1961 3115 bendum
1988 3076 2105 3114 esse
2126 3060 2395 3114 Ραεοπίαο
2430 3060 2522 3113 vel
2542 3058 2869 3129 Emathiam

1716 3132 1925 3186 etenim
1962 3130 2329 3186 Haemoniam
2367 3130 2403 3185 i.
2434 3148 2482 3186 e.
2520 3131 2871 3187 Thessaliam

1714 3220 1829 3257 non
1866 3203 2125 3270 nivalem,
2170 3202 2268 3256 sed
2312 3202 2439 3257 miti
2482 3203 2639 3258 eaelo
2688 3204 2871 3257 subie-

1716 3280 1866 3328 ctam
1912 3292 2057 3343 esse;
2106 3280 2165 3329 et
2208 3279 2498 3343 comparat
2534 3274 2698 3330 Ovid.
2732 3274 2871 3329 Met.

1717 3344 1781 3412 V,
1818 3348 1949 3401 313:
2021 3344 2303 3415 „Paeonas
2357 3346 2637 3401 nivosos.“
2710 3345 2871 3401 Nihil

1716 3422 1803 3473 est
1868 3418 2217 3483 mutandum,
2284 3422 2350 3469 ut
2415 3417 2663 3473 ostendit
2726 3416 2869 3473 Stat.

1714 3488 1922 3543 Achill.
1942 3489 1985 3556 1,
2006 3492 2074 3541 47
2079 3490 2113 3541 6
2143 3489 2212 3542 de
2230 3488 2479 3543 Achille:
2517 3488 2689 3557 „Quis
2714 3490 2866 3543 enim

1717 3560 2046 3615 Haemoniis
2082 3559 2185 3613 sub
2222 3559 2463 3614 vallibus
2500 3561 2647 3615 alter
2668 3560 2869 3615 Creve—

1716 3631 1795 3685 rit
1832 3631 2031 3687 efl'ossa
2065 3635 2292 3700 reptans
2328 3630 2448 3685 nive
2458 3631 2519 3687 ⁴?“

1786 3702 1851 3757 V.
1872 3706 1958 3757 21.
1983 3702 2162 3770 fatale
2182 3708 2497 3771 monstrum,
2516 3702 2675 3773 quae]
2712 3703 2871 3759 Cleo-

1714 3778 1897 3843 patra,
1934 3779 1999 3829 ut
2036 3774 2185 3843 apud
2221 3773 2431 3829 Lucan.
2469 3774 2539 3842 X,
2577 3776 2675 3829 59:
2722 3774 2870 3843 „De-

1714 3846 1883 3901 decus
1940 3846 2203 3916 Aegypti,
2254 3844 2406 3899 Latii
2464 3845 2654 3901 feralis
2698 3846 2869 3901 Erin-

1715 3918 1869 4003 nysf‘
1945 3917 2299 3973 constructio
2356 3922 2544 3973 autem
2590 3921 2676 3971 est
2731 3916 2873 3987 πρὸς

1715 4008 1777 4043 το
1814 3984 2249 4060 σημαινόμενον,
2279 3993 2344 4043 ut
2382 3990 2495 4044 Cic.
2534 3989 2607 4044 ad
2642 3988 2804 4043 Fam.
2824 3990 2869 4057 1,

1716 4062 1853 4129 9,15
1892 4060 2027 4127 „illa
2061 4060 2212 4115 furia
2244 4061 2603 4115 muliebrium
2638 4060 2869 4131 religio-

1716 4150 1868 4198 num,
1906 4133 2001 4200 qui
2040 4133 2182 4187 oet.“
2226 4161 2291 4171 —
2330 4132 2527 4203 ensem]
2566 4132 2713 4187 Plut.
2752 4136 2869 4187 An·

1715 4208 1831 4257 ton.
1871 4204 1961 4258 79:
2016 4207 2379 4275 „Osoeooepae‘vn
2422 4202 2523 4259 τὸν
2556 4198 2873 4273 Προκλήϊον

1716 4271 1939 4344 ὥρμησε
1972 4276 2084 4347 μὲν
2118 4274 2289 4341 αὐτὴν
2312 4272 2569 4336 πατάξαι·
2598 4276 2876 4346 προςδρα·

1714 4346 1842 4417 μών
1878 4346 1939 4399 δὲ
1977 4344 2115 4417 ταχὺ
2149 4343 2317 4413 αὐτὴν
2352 4340 2673 4401 canianum!
2734 4345 2867 4401 Sen-

1716 4419 1895 4473 tentia
1922 4418 2045 4487 ipsa
2061 4420 2356 4489 perspicua
2376 4424 2487 4484 est3
2522 4436 2651 4473 nam
2673 4418 2865 4486 „Cleo-

1715 4494 1897 4558 patra‚
1960 4490 2163 4557 inquit,
2222 4506 2553 4561 generosam
2624 4494 2865 4545 mortem

1716 4561 1979 4615 servituti
2014 4578 2082 4617 ac
2116 4562 2375 4616 dedecori
2414 4560 2740 4631 praeferens
2776 4578 2867 4617 ne-
