3092 5059
401 230 484 295 42
1367 228 1827 297 CARMINUM

703 414 982 490 Tollat.
1083 413 1238 489 Hic
1287 439 1612 513 magnos
1660 414 1917 511 potius
1969 410 2419 510 triumphos,

615 572 666 613 ω
703 540 854 615 Hie
907 564 1116 615 ames
1170 537 1328 617 dici
1379 554 1603 637 pater
1648 552 1879 637 atque
1928 538 2312 636 princepe,

702 665 872 742 Neu
921 667 1124 741 sinas
1168 664 1442 743 Medos
1495 664 1839 765 equitare
1894 661 2191 738 inultos·

900 792 1010 868 Te
1063 791 1259 867 duee
1311 792 1615 870 Caesar.

1317 1107 1699 1195 OARMEN
1762 1109 1901 1194 III.

705 1276 832 1353 Sic
885 1292 960 1353 te
1013 1276 1196 1353 diva
1246 1288 1519 1374 potens
1576 1274 1839 1375 Cypri,

903 1400 1029 1477 Sic
1082 1402 1360 1476 fratres
1413 1399 1762 1477 Helenae
1810 1397 2069 1474 lueida
2120 1396 2374 1473 sidera

402 1584 507 1638 725
547 1602 595 1638 a.
622 1583 676 1637 d.
702 1583 852 1637 vm.
881 1584 1002 1637 VII.
1027 1583 1122 1636 VI.
1147 1583 1231 1637 Id.
1269 1582 1420 1637 Sext.
1458 1587 1551 1637 ter

400 1655 1123 1725 triumphavitOctavianus
1150 1655 1218 1709 de
1228 1654 1547 1715 Pannoniis,

399 1745 469 1782 ex
505 1726 835 1782 Macedonia
869 1732 926 1781 et
963 1727 1148 1795 Actio,
1186 1744 1256 1781 ex
1291 1729 1551 1797 Aegypto

400 1798 470 1853 de
528 1800 724 1871 regina
785 1799 1098 1868 Cleopatra.
1182 1798 1551 1853 Accusativus

398 1870 608 1941 pendet
644 1888 713 1925 ex
748 1872 920 1925 verbo
961 1886 1124 1939 ames,
1177 1886 1290 1924 non
1331 1870 1552 1924 elicien-

399 1944 535 1997 dum
576 1960 644 1997 ex
681 1943 943 1997 universa
987 1942 1268 1998 sententia
1303 1959 1357 1997 v.
1399 1956 1551 2011 aque.

399 2014 610 2069 Similis
645 2018 732 2069 est
768 2014 975 2083 duplex
1014 2013 1332 2069 coniunctio
1386 2012 1552 2067 unius

399 2086 560 2141 verbi
597 2085 778 2141 Carm.
817 2085 862 2153 1,
903 2088 952 2153 1,
993 2087 1074 2139 19.
1117 2116 1186 2125 —
1219 2083 1404 2154 pater]
1439 2084 1550 2139 No-

401 2159 552 2212 mine
587 2158 766 2227 patris
801 2158 1024 2227 patriae
1061 2160 1350 2229 Augustus
1387 2173 1553 2210 orna-

399 2235 492 2285 tus
529 2234 616 2283 est
652 2248 701 2283 a.
739 2246 792 2283 u.
820 2246 864 2283 c.
891 2230 996 2282 752
1023 2234 1154 2298 post
1176 2232 1414 2283 mortem
1438 2228 1553 2281 Ho—

401 2300 562 2368 ratii;
594 2301 858 2369 princeps
896 2301 1212 2370 appellatus
1239 2305 1325 2355 est
1350 2316 1398 2353 a.
1426 2302 1551 2354 726.

352 2382 358 2389 ‘
400 2402 470 2413 —
507 2370 724 2441 Medos]
777 2372 1038 2441 Parthos,
1098 2372 1195 2441 qui
1232 2371 1554 2440 frequentes

401 2444 753 2499 excursiones
803 2442 1058 2499 fecerunt
1093 2445 1153 2497 in
1190 2442 1434 2511 Syriam3
1493 2442 1555 2497 id

402 2516 552 2584 quod
589 2514 939 2586 significatur
975 2534 1028 2569 v.
1069 2515 1329 2583 equitare.

742 2628 1072 2683 Carmen
1119 2628 1215 2683 ΠΙ.

473 2725 729 2793 Horatio,
743 2743 872 2780 cum
891 2724 1286 2780 amicissimum
1295 2724 1406 2779 sibi
1419 2723 1553 2779 Ver-

400 2797 602 2867 gilium
639 2798 701 2852 in
725 2797 1018 2852 Graeciam
1055 2797 1200 2850 mari
1236 2794 1555 2865 profectum

400 2869 664 2937 audisset,
679 2869 870 2923 omnia
881 2884 1024 2937 quae
1037 2868 1438 2938 navigantibus
1452 2868 1553 2922 im-

399 2940 616 2995 minent
639 2940 892 3009 pericula
919 2939 1388 3005 obversabantur;
1424 2940 1551 2994 ideo

400 3016 458 3067 et
497 3011 830 3067 felicissimis
871 3012 1018 3066 votis
1060 3012 1420 3081 prosequitur
1456 3029 1552 3066 na-

400 3100 528 3137 vem
578 3101 689 3153 qua
736 3084 830 3137 ille
879 3082 1208 3145 vehebatur,
1268 3089 1326 3138 et
1373 3084 1552 3138 duris-

401 3155 544 3210 sima
605 3154 976 3225 castigatione
1037 3155 1400 3224 reprehendit
1459 3172 1555 3210 au·

402 3226 620 3281 daciam
655 3226 886 3281 humani
933 3225 1176 3297 generis,
1240 3245 1348 3296 qua
1401 3226 1553 3295 quic-

404 3297 541 3366 quid
593 3316 628 3353 a
664 3297 858 3352 divina
911 3297 1270 3367 providentia
1324 3302 1555 3355 cautum

401 3368 864 3439 prohibitumque
931 3374 1018 3423 est
1078 3374 1434 3425 contemnere
1497 3373 1557 3424 et

402 3442 608 3496 audere
645 3440 842 3495 solent.
884 3440 1026 3495 Nam
1067 3441 1338 3509 „nitimur
1373 3442 1434 3497 in
1460 3460 1553 3495 ve·

403 3514 575 3567 titum
619 3528 838 3581 semper
883 3513 1248 3581 cupimusque
1295 3512 1553 3584 negata.“

403 3584 547 3639 Sunt
598 3584 696 3652 qui
749 3600 972 3637 carmen
1026 3584 1298 3654 scriptum
1351 3590 1556 3655 putent

403 3674 454 3711 a.
471 3674 524 3709 u.
540 3656 669 3708 735:
693 3671 802 3724 quo
823 3672 970 3709 anno
982 3654 1295 3729 Vergilium
1303 3658 1555 3711 Athenas

401 3726 719 3796 profectum
759 3730 818 3781 et
849 3732 1212 3795 praematura
1251 3734 1436 3783 morte
1457 3728 1555 3785 ab·

403 3803 628 3867 ruptum
667 3814 786 3853 esse
831 3798 1058 3867 scripsit
1092 3800 1372 3855 Donatus.
1445 3798 1555 3854 Sed

404 3887 533 3924 cum
569 3874 683 3923 tres
719 3870 854 3923 libri
891 3887 1004 3925 non
1039 3876 1168 3941 post
1203 3888 1254 3925 a.
1282 3873 1384 3925 731
1415 3872 1554 3925 editi

404 3958 522 3995 esse
560 3941 880 4007 videantur,
941 3960 1044 3997 nec
1079 3961 1208 3997 cum
1243 3943 1555 4011 interprete

405 4012 594 4081 aliquo
613 4013 885 4083 suspicari
909 4014 1092 4083 liceat,
1120 4014 1432 4084 Vergilium
1451 4014 1554 4068 tri-

402 4085 508 4138 bus
545 4084 705 4139 annis
753 4088 1056 4154 antequam
1109 4090 1425 4141 moreretur
1483 4103 1555 4141 ex

405 4156 572 4211 ltalia
607 4156 666 4209 in
687 4154 976 4212 Graeciam
1011 4158 1328 4227 profectum
1364 4156 1557 4225 ibique

405 4232 520 4282 tres
557 4232 706 4281 totos
752 4246 926 4283 annos
976 4233 1381 4283 commoratum
1418 4244 1555 4295 esse,

403 4299 474 4353 iis
511 4299 882 4355 accedendum
919 4304 1006 4355 est
1047 4301 1144 4369 qui
1191 4299 1363 4367 aliud,
1424 4304 1555 4353 ante

407 4374 744 4439 susceptum,
804 4372 914 4425 iter
967 4370 1276 4441 significari
1329 4374 1555 4439 putant,

405 4442 584 4497 veluti
621 4442 839 4497 Miiller.
867 4443 928 4497 in
949 4442 1084 4497 Vita
1107 4442 1330 4497 Horatii
1367 4443 1554 4513 (1880)

405 4530 462 4583 p.
503 4516 605 4567 102
665 4518 725 4568 et
781 4514 989 4569 Keller.
1041 4514 1352 4584 Epilegom.
1391 4530 1446 4582 p.
1490 4515 1554 4565 19

409 4588 466 4639 et
504 4585 894 4641 Hirschfelder
931 4585 1217 4655 (Bursian.
1244 4587 1430 4652 Arm.)-
1467 4584 1567 4639 Di-

1658 1582 1873 1637 viditur
1910 1598 2135 1635 carmen
2173 1582 2233 1635 in
2282 1580 2421 1635 duas
2459 1585 2517 1635 et
2550 1581 2811 1649 aequales

1656 1658 1846 1723 partes
1884 1652 2101 1721 (1-20,
2131 1652 2392 1721 21—40);
2432 1653 2583 1723 ipsae
2620 1656 2811 1722 partes

1659 1724 2033 1794 aequabiliter
2056 1724 2379 1793 tripartitae
2402 1729 2533 1779 sunt
2554 1724 2630 1793 (v.
2652 1724 2811 1790 1-8,

1655 1797 1853 1861 9-16,
1908 1796 2142 1865 17-2Ο;
2197 1814 2253 1849 v.
2288 1797 2524 1865 21—28,
2577 1796 2809 1862 29-36,

1656 1866 1919 1937 37—40);
1932 1868 2231 1922 temeraria
2242 1866 2532 1921 hominum
2556 1866 2811 1931 audacia,

1658 1956 1801 2008 quae
1835 1956 1937 2009 per
1972 1939 2222 2007 priorem
2261 1943 2501 2008 partem,
2563 1938 2623 1992 id
2661 1938 2810 2007 quod

1655 2016 1857 2081 poetae
1894 2011 2189 2065 consilium
2224 2010 2296 2067 ab
2334 2010 2539 2065 itinere
2569 2008 2811 2077 Vergilii

1657 2083 1901 2152 petitum
1962 2081 2305 2151 postulabat,
2365 2084 2425 2137 in
2482 2080 2815 2150 superandis

1657 2154 2038 2225 navigationis
2074 2158 2134 2208 et
2182 2154 2352 2208 maris
2390 2153 2656 2223 periculis
2694 2170 2811 2207 eer-

1658 2226 1832 2293 nitur,
1878 2242 1980 2295 per
2016 2226 2253 2281 alteram
2288 2230 2511 2295 partem
2545 2224 2811 2293 pedeten-

1658 2298 1763 2353 tim
1812 2316 1846 2352 a
1891 2298 2036 2351 mari
2075 2297 2147 2351 ad
2195 2297 2384 2367 ignem
2434 2301 2492 2351 et
2538 2300 2671 2351 aera
2715 2314 2813 2349 au·

1658 2374 1841 2439 getur‚
1880 2369 1963 2423 ita
1986 2374 2053 2423 ut
2076 2368 2305 2423 tandem
2331 2368 2693 2435 exclametur,
2730 2368 2813 2421 ni·

1659 2441 1740 2495 hil
1780 2458 1914 2509 esse,
1952 2440 2103 2509 quod
2133 2440 2383 2495 homines
2421 2440 2671 2509 arripere
2698 2456 2813 2493 non

1660 2512 1920 2567 audeant.
1958 2512 2291 2567 Hominibus
2318 2512 2453 2566 data
2490 2515 2613 2566 erat
2638 2515 2813 2579 terra,

1662 2583 1758 2639 sed
1812 2588 2151 2653 arrogarunt
2208 2582 2314 2637 sibi
2370 2600 2545 2644 mare,
2606 2583 2815 2653 ignem,

1661 2659 1811 2710 aera.
1885 2655 2093 2710 Totum
2130 2672 2353 2711 carmen
2392 2660 2607 2709 tersum
2643 2658 2817 2723 atque

1663 2726 1969 2782 rotundum
2008 2731 2109 2781 est.

1732 2797 1796 2853 V.
1854 2802 1899 2851 1.
1942 2798 2043 2867 sic]
2096 2799 2313 2853 Dissen.
2360 2797 2447 2853 ad.
2497 2797 2707 2853 Tibull.
2746 2797 2814 2851 Τ.

1660 2870 1732 2925 11.
1770 2888 1825 2940 p.
1864 2872 1959 2924 88:
2009 2869 2249 2937 „Sensus
2290 2868 2569 2925 formulae
2604 2870 2817 2938 ubique

1660 2942 1755 2997 hic
1780 2945 1887 2997 est:
1928 2941 2025 3011 sic,
2062 2941 2168 2997 hac
2192 2940 2517 2997 condicione
2542 2946 2679 3010 opto
2704 2941 2815 2996 tibi

1660 3013 1767 3069 hoc
1803 3012 2032 3081 illudve,
2091 3018 2155 3069 ut
2202 3012 2372 3078 dieas,
2422 3011 2623 3081 facias;
2684 3030 2815 3067 con-

1660 3085 1968 3140 struet-ione
2008 3102 2142 3140 vero
2196 3084 2481 3139 omittitur
2532 3084 2819 3154 particula

1660 3162 1723 3210 ut
1768 3160 1825 3211 et
1866 3156 2141 3211 subicitur
2186 3156 2337 3224 quod
2384 3157 2669 3225 expetitur
2716 3156 2815 3211 ab·

1662 3228 1843 3283 solute
1870 3232 1928 3282 et
1960 3227 2077 3283 sine
2104 3246 2169 3283 ea
2194 3228 2301 3283 hoc
2326 3226 2519 3281 modo:
2558 3226 2651 3283 Sic
2677 3232 2816 3297 opto

1661 3300 1768 3354 tibi
1804 3298 1970 3366 illud,
2008 3298 2117 3363 fac,
2156 3299 2249 3353 dic
2282 3300 2425 3354 cet-‘⁶
2462 3298 2533 3353 of.
2562 3298 2744 3353 Germ.
2766 3298 2817 3366 1,

1660 3372 1749 3433 28,
1786 3372 1873 3425 25.
1908 3370 2089 3439 Epist.
2127 3370 2171 3437 Ι,
2210 3371 2261 3438 7,
2296 3371 2383 3425 69.
2422 3369 2711 3425 claudian.
2752 3370 2815 3424 in

1661 3442 1829 3497 Proh.
1856 3446 1914 3497 et
1938 3442 2133 3510 Olybr.
2158 3459 2308 3497 cons.
2343 3443 2467 3495 161:
2508 3442 2669 3505 „Non
2706 3442 2809 3496 im·

1659 3514 1840 3584 proba
1904 3531 2091 3582 posco,
2158 3514 2285 3569 Non
2340 3513 2563 3567 insueta
2620 3511 2809 3568 dabis:

1661 3586 1857 3641 domus
1878 3586 1983 3641 hoc
2002 3586 2073 3641 de
2096 3602 2249 3641 more
2266 3585 2533 3653 requirit3
2574 3584 2809 3639 Adnue:

1658 3656 1738 3711 sie
1784 3658 1945 3712 nobis
1991 3657 2281 3725 Scythicus
2324 3656 2627 3711 famuletur
2664 3658 2810 3711 Ara·

1659 3746 1775 3797 xes,
1810 3728 1903 3783 Sic
1928 3728 2157 3783 Rhenus
2194 3746 2296 3797 per
2322 3732 2625 3796 utrumque
2660 3728 2813 3783 latus

1660 3800 1951 3869 Medisque
2006 3800 2251 3855 subactis
2308 3799 2514 3855 Nost-ra
2576 3798 2817 3855 Semira-

1660 3871 1805 3925 miae
1858 3872 2095 3926 timeant
2142 3871 2387 3941 insignia
2434 3874 2649 3939 tux-reu
2720 3870 2819 3926 sic

1662 3942 1804 3997 fluat
1841 3943 2115 3997 attonitus
2154 3942 2411 3997 Romana
2454 3960 2558 4011 per
2605 3942 2819 4012 oppida

1662 4013 1934 4083 Ganges.“
1974 4014 2057 4069 Id.
2096 4014 2167 4069 de
2202 4020 2363 4083 nupt.
2392 4012 2537 4069 Hon.
2574 4020 2633 4068 et
2668 4013 2815 4069 Mar.

1664 4086 1793 4139 336:
1870 4086 2133 4153 „Vincire
2194 4103 2431 4153 corona3
2506 4084 2695 4141 Insere
2757 4091 2817 4140 te

1660 4157 1865 4211 nostris
1922 4162 2182 4213 contento
2242 4158 2363 4213 iure
2422 4157 2663 4219 choreisz
2724 4154 2817 4212 Sic

1660 4244 1800 4297 puer
1880 4228 2191 4283 Eucherius
2280 4234 2511 4298 superat
2600 4229 2817 4283 virtute

1658 4304 1971 4369 parentem,
2024 4303 2215 4355 Aurea
2262 4301 2343 4355 sic
2378 4300 2569 4355 videat
2604 4300 2817 4355 similes

1662 4370 2025 4427 Thermantia
2042 4371 2219 4433 tedas.
2239 4371 2331 4426 Sic
2352 4373 2492 4427 etc.“
2507 4401 2581 4411 —
2592 4370 2811 4441 potens]

1662 4460 1787 4497 cum
1861 4442 2101 4510 enetiw‚
2138 4442 2209 4497 cf.
2238 4442 2419 4497 Carm.
2457 4443 2502 4509 I,
2538 4446 2591 4513 5,
2630 4444 2713 4497 16.
2742 4472 2811 4483 —-

1662 4510 1839 4582 Cypri
1925 4514 2105 4568 Carm.
2155 4514 2199 4582 Ι,
2242 4515 2331 4582 30,
2383 4519 2429 4568 1.
2475 4516 2564 4581 26,
2601 4516 2651 4569 9.
2724 4514 2815 4569 In·

1672 4590 1907 4639 vocatur
1954 4584 2157 4655 Venus,
2218 4585 2351 4653 quia
2396 4592 2596 4641 noma
2638 4590 2723 4641 est
2758 4590 2817 4641 et
