3092 5059
1125 229 1286 296 LIB.
1331 231 1381 296 I.
1426 229 1613 298 SAT.
1653 230 1735 296 X.

2517 229 2641 295 413

349 413 658 492 Scilicet
707 414 992 494 oblitus
1040 415 1496 516 patriaeque
1550 415 1945 516 patrisque
1996 414 2273 510 Latini,

351 537 546 618 Cum
591 541 876 618 Pedius
929 566 1192 618 causas
1252 541 1573 619 exsudet
1622 539 2023 639 Puplicola
2074 553 2307 641 atque

347 663 752 760 Corvinus,
803 666 1073 763 patriis
1127 667 1658 743 intermiscere
1708 667 1953 766 petita

262 821 314 862 ao
349 789 612 866 Verba
663 791 854 866 foris
909 790 1158 889 malis,
1216 792 1587 872 Canusini
1635 816 1852 866 more
1906 791 2291 890 bilinguis.

349 915 608 1015 Atque
661 940 807 1014 ego
861 943 1034 992 cum
1089 915 1430 993 Graecos
1480 916 1814 994 facerem
1869 929 2089 992 natus
2132 943 2345 994 mare
2398 918 2588 994 citra

347 1037 814 1133 Versiculos,
869 1043 1110 1119 vetuit
1161 1069 1284 1118 me
1336 1042 1472 1118 tali
1523 1067 1715 1119 voce
1765 1041 2153 1139 Quirinus,

347 1163 530 1240 Post
577 1165 917 1243 mediam
961 1179 1266 1242 noctem
1319 1167 1550 1263 visus,
1608 1193 1781 1244 cum
1836 1167 2131 1250 somnia
2189 1193 2409 1245 vera:

349 1289 490 1384 „In
543 1291 814 1367 silvam
863 1318 1021 1367 non
1071 1293 1290 1390 ligna
1337 1293 1542 1370 feras
1594 1293 1936 1384 insanius
1986 1318 2077 1368 ac
2128 1293 2195 1366 si

263 1445 316 1486 as
347 1417 668 1514 Magnas
721 1415 1198 1494 Graecorum
1255 1418 1478 1494 malis
1529 1417 1856 1518 implere
1904 1413 2324 1494 catervas.“

350 1540 734 1640 Turgidus
787 1541 1120 1638 Alpinus
1170 1541 1472 1640 iugulat
1517 1542 1701 1617 dum
1754 1541 2173 1618 Memnona
2222 1541 2559 1641 dumque

350 1666 688 1764 Defingit
731 1666 983 1742 Rheni
1031 1666 1324 1744 luteum
1379 1681 1629 1764 caput,
1684 1667 1871 1743 haec
1926 1691 2073 1764 ego
2124 1667 2335 1764 lude,

249 1947 416 1986 mone
463 1947 595 1986 vera
641 1932 726 1986 vis
770 1932 942 2001 inest3
995 1952 1170 2005 quare
1215 1939 1407 1990 orator

252 2008 320 2057 ut
353 2002 623 2072 populum
662 2003 942 2060 iudicesve
989 2011 1212 2061 moveat
1250 2023 1405 2075 pere-

250 2075 416 2145 grino
451 2091 566 2128 non
604 2075 800 2130 utitur.
828 2106 894 2116 —
922 2077 1150 2147 Latini]
1183 2079 1407 2132 Aeneae

249 2162 424 2211 socer,
475 2151 674 2200 auctor
733 2149 976 2204 nominis
1032 2149 1244 2204 Latini.
1317 2149 1409 2204 Sic

255 2216 456 2286 scripsi
495 2234 621 2272 cnm
655 2218 899 2287 plurima
934 2226 1097 2290 parte
1134 2221 1407 2289 codicum,

252 2288 454 2343 relicta
509 2288 688 2344 altera
740 2290 980 2347 lectione
1027 2293 1254 2359 Latine3
1310 2291 1408 2346 sed

253 2357 476 2415 servavi
513 2359 684 2414 etiam
709 2362 957 2418 omnium
982 2364 1236 2420 codicum
1273 2363 1407 2418 scri-

250 2436 479 2502 pturam
534 2431 752 2501 oblitus,
807 2451 1127 2504 quanquam
1177 2435 1407 2504 Haupt„

249 2501 512 2571 Meinek.,
565 2501 812 2575 Linker„
858 2505 1082 2568 Ritter..
1131 2506 1408 2574 Mueller„

250 2573 448 2629 Lehrs.
505 2575 882 2632 coniecturam
931 2578 1152 2634 Bentlei
1213 2578 1408 2634 oblitos

251 2646 349 2716 (sc.
387 2645 622 2700 Pedium
657 2652 716 2703 et
758 2647 1082 2718 Corvinum)
1129 2650 1406 2720 praetule-

251 2721 404 2772 runt.
453 2715 608 2772 Dicit
643 2724 833 2776 autem
869 2721 1001 2777 hoc:
1041 2722 1291 2791 „scilicet
1325 2725 1408 2789 tu,

253 2788 514 2842 defensor
567 2789 792 2860 Lucilii,
855 2794 1066 2848 oblitus
1126 2793 1409 2849 Romanae

251 2859 580 2930 maiestatis,
617 2867 868 2919 oratores
916 2883 1159 2920 summos
1207 2865 1408 2935 patriis

249 2931 440 2987 verbis
477 2932 788 2989 immiscere
825 2937 1005 2991 mavis
1041 2937 1215 2992 verba
1250 2936 1408 3004 foris,

253 3003 328 3059 ab
365 3005 611 3058 externis
649 3007 879 3074 petita.“
938 3007 1030 3064 Ad
1067 3007 1409 3064 infinitivum

252 3075 624 3130 intermiscere
667 3075 834 3133 facile
877 3080 1105 3134 additur
1153 3096 1245 3135 eos
1279 3079 1317 3133 i.
1359 3097 1407 3134 e.

252 3145 488 3200 Pedium
513 3150 571 3200 et
591 3147 908 3204 Corvinum.
941 3151 1132 3206 Etiam
1157 3151 1409 3219 Kirchn.,

253 3216 547 3288 Krueger„
565 3219 812 3290 Holder.‚
826 3221 872 3276 F
874 3223 1084 3290 rituali„
1102 3223 1405 3287 Eckstein„

253 3288 464 3344 Keller.
491 3291 838 3359 approbante
860 3293 1154 3349 Gerlachio
1192 3295 1408 3349 codices

253 3360 434 3414 secuti
477 3367 623 3416 sunt.
663 3391 729 3401 —-
781 3365 1007 3437 Pedius]
1053 3365 1256 3420 Pedius
1300 3365 1406 3421 Pn-

255 3431 464 3501 plicola
499 3437 558 3486 et
577 3431 654 3488 M.
673 3433 930 3490 Valerius
956 3437 1244 3507 Puplicola
1265 3437 1408 3492 Mes-

253 3503 398 3558 salla
436 3501 724 3562 Corvinus.
799 3506 861 3575 Q.
897 3507 1116 3577 Pedius,
1153 3509 1302 3564 filius
1340 3525 1408 3564 ex

257 3591 450 3628 sorore
489 3575 546 3630 C.
573 3575 704 3631 Iulii
743 3577 1008 3649 Caesaris,
1045 3599 1278 3636 uxorem
1312 3581 1408 3634 ha-

253 3645 384 3700 buit
420 3645 701 3704 Valeriam
747 3655 918 3720 atque
967 3669 996 3708 e
1043 3651 1162 3707 filio
1201 3651 1408 3720 Quinto

255 3721 521 3801 nepotem
545 3725 750 3777 natura
772 3728 1006 3778 mutum.
1044 3724 1244 3793 Itaque
1281 3723 1408 3778 ado·

255 3793 442 3860 ptavit
477 3789 654 3846 filium
690 3792 932 3848 alterum
965 3795 1262 3851 Messallae
1295 3811 1408 3848 ma-

255 3861 564 3988 εἷεῖ
805 3865 1010 3993 ἷξε
1281 3871 1410 4006 εἷ

1064 3957 1132 3994 ra
1191 3957 1222 3994 r
1308 3957 1368 3992 ιιι

257 4007 497 4073 uterque
533 4004 840 4077 Puplicola.
877 4039 942 4050 —-
991 4011 1124 4066 bain
1197 4010 1275 4079 ie]
1313 4011 1412 4066 Ca·

255 4075 426 4203 εἷξ
449 4078 704 4206 :ingr
738 4080 988 4208 ἷῖεε
1010 4089 1068 4138 ..
1153 4099 1315 4208 ...3
1354 4085 1414 4136 ..

255 4217 395 4346 ἷξε
417 4217 936 4348 ³...m1132
961 4171 1153 4352 εἶξε
1169 4169 1416 4351 st:

259 4361 333 4417 ad
370 4331 596 4418 Lucre't.
633 4382 688 4435 p.
727 4311 854 4418 168q:
905 4335 1100 4437 :atqui
1148 4315 1300 4422 ante(²
1317 4333 1414 4422 ro:

260 4433 408 4490 cales
456 4441 765 4504 posuerunt
811 4435 1044 4493 Plautus
1099 4457 1166 4494 ac
1209 4437 1412 4494 Teren·

263 4505 396 4576 tius,
450 4523 564 4560 non
599 4507 869 4564 Horatius
916 4509 976 4563 in
1021 4509 1194 4566 Serm.
1241 4511 1288 4578 1,
1331 4513 1416 4575 10,

261 4577 388 4633 313⁸
448 4577 634 4646 Atque
669 4579 724 4635 h.
762 4579 800 4634 l.
837 4579 986 4636 idem
1022 4587 1108 4636 est
1143 4583 1294 4650 quod
1330 4587 1414 4638 at-

1499 1948 1601 2002 que
1634 1947 1785 1986 sane.
1857 1931 2039 1986 Addit·
2072 1935 2240 2001 poeta
2275 1948 2435 1986 suum
2472 1949 2651 1986 exem·

1497 2002 2491 2129 Eiunss155¹lss³3¹222imi¹easimffi⁶ss
2505 2003 2649 2129 ”⁶531

1498 2146 1595 2214 IV,
1615 2149 1737 2202 841.
1764 2175 1825 2184 —
1854 2091 2115 2214 Alpinas]
2153 2144 2515 2230 significatur
2547 2145 2655 2201 hoc

1499 2216 1687 2287 lepido
1730 2218 1955 2272 nomine
1991 2217 2067 2271 M.
2105 2217 2151 2272 F
2153 2235 2309 2272 unns
2351 2218 2654 2273 Bibaculus

1502 2288 1902 2350 Cremonensis.
1940 2293 2107 2343 natus
2143 2307 2193 2343 a.
2232 2307 2285 2342 u.
2316 2307 2362 2344 c.
2397 2290 2519 2355 661,
2555 2289 2653 2358 qui

1499 2378 1627 2417 cum
1657 2361 1717 2414 in
1735 2360 2075 2430 Aethiopide
2097 2359 2494 2430 descripsisset,
2518 2377 2653 2428 quo-

1498 2433 1669 2487 modo
1704 2432 1985 2496 Memnon,
2020 2431 2252 2487 Tithoni
2297 2437 2356 2486 et
2398 2433 2655 2486 Aurorae

1498 2503 1669 2572 filius,
1705 2523 1740 2558 a
1761 2503 1985 2559 Priamo
2013 2503 2069 2558 in
2098 2503 2369 2558 auxilium
2402 2506 2657 2571 vocatus,

1501 2577 1575 2630 ab
1592 2575 1813 2630 Achille
1837 2575 2164 2631 interfectus
2189 2580 2349 2632 esset.
2377 2575 2451 2630 ab
2474 2575 2655 2630 Hora-

1497 2648 1583 2702 tio
1617 2647 1797 2702 facete
1834 2648 2043 2702 dicitur
2078 2647 2197 2717 ipse
2230 2647 2511 2718 iugula-se
2537 2647 2655 2702 Me-

1501 2736 1785 2782 mnonem;
1824 2720 2033 2789 quippe
2064 2720 2214 2773 mala
2242 2719 2425 2774 caedis
2451 2719 2655 2774 descri-

1500 2791 1623 2860 ptio
1660 2790 1840 2846 altera
1880 2790 2041 2860 quasi
2065 2790 2341 2860 quaedam
2378 2790 2655 2862 iugulatio

1501 2867 1599 2917 est.
1638 2863 1933 2917 Praeterea
1960 2861 2165 2916 Furius
2192 2863 2497 2931 scripserat
2520 2880 2657 2930 πρα·

1499 2939 1773 3005 γματείαν
1799 2934 1935 2989 belli
1949 2933 2150 2988 Gallici
2174 2952 2209 2988 a
2235 2933 2469 2988 Caesare
2492 2934 2657 3003 gesti,

1502 3024 1670 3075 quam
1708 3023 1937 3061 exorsus
1975 3010 2097 3060 erat
2132 3005 2241 3060 hoc
2264 3022 2453 3060 versu:
2491 3005 2655 3074 „Iup-

1500 3078 1653 3146 piter
1676 3077 1941 3132 hibernas
1965 3093 2106 3132 cana
2128 3077 2259 3132 nive
2284 3077 2543 3146 conspuit
2560 3077 2655 3131 Al-

1504 3166 1603 3217 pes
1615 3150 1665 3217 ;“
1688 3154 1938 3274 gropter
1974 3165 2141 3218 quem
2178 3165 2397 3202 versum
2433 3148 2505 3202 ab
2542 3148 2657 3203 Ho-

1502 3221 1652 3274 ratio
1728 3224 1805 3274 at.
1842 3221 1915 3286 Π,
1952 3221 2004 3286 ὗ,
2041 3223 2109 3274 41
2158 3219 2413 3288 παρῳδίᾳ
2450 3220 2655 3288 repeti·

1503 3295 1627 3346 tum
1664 3291 1717 3346 h.
1747 3292 1783 3345 1.
1823 3292 2067 3360 Alpinus
2100 3289 2285 3346 iocose
2320 3291 2659 3360 appellatur.

1501 3362 1661 3417 Idem
1704 3380 1897 3418 versus
1942 3363 2112 3416 etiam
2160 3379 2193 3416 a
2228 3361 2466 3430 Quintil.
2504 3361 2657 3422 Vm.

1503 3438 1555 3498 6,
1597 3437 1664 3488 17
1719 3439 1953 3505 propter
2000 3449 2215 3502 puram,
2268 3451 2303 3486 a
2348 3433 2660 3504 longinqua

1501 3506 1873 3561 similitudine
1942 3505 2171 3562 ductam
2229 3505 2658 3560 translationem

1500 3577 2073 3704 ...mm
2094 3577 2657 3703 εἷεῖ

1502 3725 1619 3775 tem
1642 3720 1825 3775 Rheni
1861 3719 2020 3775 fluvii
2038 3719 2215 3776 Rama·
2249 3720 2451 3775 luteum
2488 3723 2658 3788 caput

1503 3793 1851 3934 &5333
1884 3791 2427 3932 ..Zssefiifissssaiffl
2462 3791 2659 3917 4433:

1503 3935 1629 3990 fieri
1666 3936 1857 4005 potuit
1930 3905 2223 3990 uo'minus
2248 3939 2371 3988 tum
2390 3933 2659 3988 Romanis

1505 4013 1672 4062 notus
1727 4013 1851 4064 erat
1993 4007 2085 4062 eni
2139 4006 2288 4072 fons3
2344 4005 2455 4060 nisi
2508 4004 2659 4060 forte

1506 4084 1659 4134 recte
1698 4079 1976 4144 viderunt,
2022 4080 2119 4148 qui
2166 4083 2331 4147 caput
2378 4094 2493 4132 non
2536 4075 2657 4130 fon-

1507 4155 1623 4206 tem
1686 4151 1783 4206 sed
1842 4151 2050 4206 ostium
2101 4148 2284 4205 Rheni
2343 4147 2659 4220 significare

1505 4227 1799 4293 putarunt,
1830 4227 1893 4276 ut
1918 4221 2069 4291 apud
2098 4221 2249 4275 Caes.
2274 4220 2338 4276 B.
2365 4219 2429 4276 G.
2453 4219 2549 4284 IV,
2574 4221 2661 4273 10.

1507 4293 1731 4348 Scilicet
1760 4295 1969 4348 ostium
2000 4293 2331 4348 harenosum
2358 4297 2445 4348 est
2474 4296 2533 4346 et
2558 4307 2658 4361 po-

1505 4367 1621 4420 tuit
1644 4364 1915 4436 appellari
1942 4363 2311 4431 luteum,.f0ns
2339 4363 2523 4420 Rheni
2546 4380 2661 4418 non

1582 4441 1708 4492 test.
1786 4436 1859 4492 cf.
1902 4440 1973 4490 A.
2021 4434 2083 4490 P.
2138 4434 2220 4488 18.
2280 4463 2346 4476 -·
2408 4434 2634 4504 defimit

1562 4508 1879 4562 arissimnm
1934 4508 2043 4563 hoc
2097 4506 2445 4576 vocabulum,
2508 4523 2583 4576 qu

1507 4581 1659 4635 haud
1719 4579 1889 4634 dubie
1955 4578 2443 4648 reprehensionem
2512 4578 2567 4633 h.
2622 4578 2661 4638 1.
