3092 5059
1130 216 1291 283 LIB.
1333 217 1384 283 Ι.
1429 214 1614 282 SAT.
1646 209 1776 281 111.

2536 215 2661 282 363

357 405 702 483 Balbutit
753 430 1104 481 scaurum
1158 403 1416 501 pravis
1463 400 1744 477 fultum
1797 402 1999 479 male
2048 402 2245 477 talis.

358 531 673 608 Parcius
717 530 847 607 hic
899 529 1129 604 vivit:
1183 528 1394 625 frugi
1448 527 1769 605 dicatur.

1872 526 2193 628 Ineptus

282 692 334 733 so
366 658 466 733 Et
507 656 916 734 iactantior
967 654 1093 729 hic
1139 654 1370 754 paulo
1427 665 1578 729 est:
1634 654 2051 729 concinnus
2096 652 2357 729 amicis

359 780 711 858 Postulat
759 792 844 855 ut
894 778 1266 857 videatur.

1373 778 1484 854 At
1529 790 1643 855 est
1690 779 2199 855 truculentior
2250 792 2485 879 atque

363 906 546 983 Plus
598 930 846 1005 aequo
897 904 1136 980 liber:
1193 902 1522 1003 simplex
1577 903 1956 1003 fortisque
2004 904 2397 980 habeatur.

367 1029 688 1111 Caldior
740 1042 894 1106 est:
947 1056 1163 1107 acres
1217 1029 1415 1105 inter
1465 1041 1929 1105 numeretur.

2034 1029 2355 1129 Opinor,

364 1156 586 1233 Haec
636 1181 758 1231 res
812 1168 886 1231 et
929 1154 1206 1253 iungit,
1259 1154 1561 1231 iunctos
1612 1166 1687 1229 et
1732 1165 1987 1229 servat
2036 1155 2349 1231 amicos.

281 1314 333 1355 ω
372 1278 477 1355 Αι
525 1304 664 1355 nos
720 1280 1034 1357 virtutes
1084 1282 1292 1380 ipsas
1346 1279 1795 1355 invertimus
1848 1292 2079 1379 atque

366 1402 764 1481 Sincerum
817 1407 1168 1505 cupimus
1221 1432 1350 1481 vas
1397 1406 1841 1481 incrustare.

1944 1403 2241 1480 Probus
2295 1404 2465 1503 quis

365 1528 785 1607 Nobiscum
838 1531 1054 1626 vivit,
1109 1530 1436 1605 multum
1487 1528 1861 1605 demissus
1912 1528 2149 1603 homo
2200 1528 2373 1605 ille:

367 1653 624 1729 Tarde
681 1680 1134 1751 cognomen,
1189 1655 1462 1755 pingui
1515 1654 1805 1730 damus.

1912 1654 2064 1729 Hic
2118 1656 2319 1749 fugit
2364 1680 2629 1732 omnes

369 1776 698 1855 Insidias
754 1777 1107 1878 nullique
1157 1780 1360 1855 malo
1414 1779 1610 1855 latus
1665 1779 1886 1855 obdit
1933 1790 2309 1875 apertum,

286 1938 338 1978 oo
375 1900 569 1979 Cum
627 1928 866 2001 genus
920 1902 1071 1979 hoc
1121 1903 1320 1979 inter
1367 1905 1570 1979 vitae
1622 1916 1995 1999 versetur,
2048 1904 2185 1979 ubi
2236 1904 2435 1979 acris

369 2027 674 2104 Invidia
724 2041 957 2128 atque
1011 2031 1273 2126 vigent
1325 2028 1458 2105 ubi
1512 2027 1865 2103 crimina:
1920 2054 2063 2129 pro
2118 2029 2313 2107 bene
2364 2054 2548 2105 sano

368 2150 490 2229 Ac
537 2179 694 2231 non
739 2157 1048 2231 incauto
1099 2154 1358 2231 fictum
1411 2166 1899 2254 astutumque
1953 2179 2334 2230 vocamus.

267 2452 342 2463 —
385 2421 676 2494 Sisyphus]
723 2424 800 2479 M.
849 2425 1088 2481 Antonii
1135 2426 1422 2481 triumviri

268 2496 504 2565 pumilio
541 2496 714 2551 fuisse
761 2496 988 2565 dicitur,
1026 2498 1099 2552 ob
1147 2497 1422 2553 callidita-

268 2572 386 2623 tem
424 2566 532 2622 hoc
567 2568 792 2623 nomine
821 2573 1064 2624 ornatus.
1085 2598 1150 2609 —
1173 2570 1450 2640 balbutit]

269 2638 514 2694 infantes
561 2639 806 2695 imitans.
892 2639 1074 2695 Varus
1121 2647 1206 2695 est
1266 2642 1420 2695 cuius

269 2710 438 2780 pedes
483 2710 790 2765 introrsum
830 2712 1033 2767 retorti
1079 2718 1228 2781 sunt,
1263 2730 1422 2768 scau-

270 2799 368 2836 rus
403 2782 502 2851 qui
535 2782 680 2837 talos
711 2782 884 2838 habet
910 2788 1191 2838 exstantes
1223 2785 1357 2840 vel
1341 2802 1421 2839 m·

270 2870 463 2909 versos
499 2858 558 2908 et
600 2858 882 2909 tortuosos
922 2856 1310 2925 (Klumpfuss).
1351 2886 1424 2897 —

271 2923 518 2995 ineptus]
557 2924 669 2980 Cic.
695 2926 768 2981 de
799 2926 956 2981 Orat.
977 2927 1050 2995 11,
1070 2929 1122 2995 4,
1153 2930 1239 2981 17·
1281 2925 1424 2995 „Qui

272 3001 371 3051 aut
405 3000 626 3065 tempus
665 2998 804 3066 quid
837 2999 1086 3068 postulet
1111 3016 1225 3053 non
1250 2968 1426 3067 v’idet,

271 3071 375 3123 aut
407 3068 574 3137 plura
610 3069 882 3139 loquitur,
921 3074 1020 3125 aut
1065 3086 1124 3125 se
1159 3075 1424 3139 ostentat,

273 3144 375 3194 aut
411 3156 604 3195 eorum
635 3141 965 3209 quibuscum
996 3146 1081 3196 est
1116 3142 1206 3195 vel
1243 3142 1426 3213 digni·

272 3211 410 3266 tatis
445 3212 536 3266 vel
571 3213 849 3267 commodi
877 3213 1156 3269 rationem
1183 3230 1296 3269 non
1327 3214 1424 3268 ha·

270 3283 372 3338 bet
397 3287 497 3336 aut
525 3282 810 3353 denique
792 3302 852 3339 ιιι
882 3284 1070 3353 aliquo
1097 3302 1300 3355 genere
1327 3290 1426 3339 aut

271 3354 636 3409 inconcinnus
689 3360 790 3410 aut
835 3356 1044 3411 multus
1095 3362 1198 3422 est,
1240 3357 1287 3411 is
1343 3357 1424 3410 in-

271 3430 436 3496 eptus
491 3426 752 3481 diciturf‘
811 3454 882 3467 —
936 3428 1255 3498 concinnus]
1331 3427 1426 3497 „Si

269 3498 496 3567 ineptus
540 3502 626 3552 est
671 3502 730 3553 et
781 3500 950 3568 paulo
999 3500 1316 3562 iactantior,
1331 3468 1425 3554 ”tu

271 3586 400 3625 eum
458 3578 660 3623 excusa
709 3570 922 3625 dicens.
969 3570 1222 3625 officiosa
1269 3571 1426 3625 sedu-

271 3641 436 3695 litate
489 3640 680 3696 amicis
740 3658 858 3696 sese
915 3642 1104 3697 studet
1153 3659 1424 3697 commen-

271 3711 462 3766 dare-‘⁶
523 3740 585 3751 -—
647 3712 902 3783 simplex]
957 3713 1280 3769 Contrarius
1341 3718 1427 3768 est

273 3782 492 3853 duplex,
538 3788 603 3837 ut
653 3783 835 3838 Carm.
871 3784 914 3849 1,
951 3786 1002 3848 6,
1040 3788 1094 3839 7.
1179 3784 1426 3854 Simplex

271 3860 340 3908 ut
375 3854 549 3909 sentit
585 3856 668 3909 ita
701 3855 1058 3924 loquiturn-
993 3857 1248 3927 -intorJ
1295 3856 1426 3911 vide

274 3926 350 3983 ad
379 3925 878 3993 earm.111,3,1.1.
916 3927 1422 3983 cf.infrav.60.—

273 3996 1108 4137 fflffilff‘isstqifffffffiui
1113 4000 1348 4138 ,¹25¹2131‘
1335 3998 1426 4125 1¹:ss

273 4140 320 4208 1,
369 4141 452 4205 16,
491 4087 772 4206 78.11812,
814 4142 906 4211 17,
951 4142 1160 4211 ubique
1194 4088 1426 4197 vergum

275 4180 506 4277 claud'it,
550 4211 818 4267 nimirum
852 4230 918 4268 eo
965 4212 1198 4268 consilio
1243 4218 1308 4268 ut
1343 4215 1425 4268 in·

275 4283 424 4354 signi
480 4252 602 4337 foco
669 4284 883 4339 ironica
945 4286 1064 4340 eius
1115 4284 1276 4339 verbi
1340 4286 1426 4340 vis

275 4358 564 4437 augeatur.
602 4382 669 4393 —-
707 4356 1090 4426 immrd,
1091 4357 1266 4425 ,Adeo
1303 4374 1428 4426 per-

275 4426 423 4481 versi
459 4443 666 4493 sumus,
699 4432 766 4481 ut
810 4434 868 4481 et
917 4444 1122 4496 purum
1157 4446 1254 4483 vas
1305 4446 1424 4483 eor·

275 4497 695 4627 ἱᾟῗιῗὲἓοᾭ
723 4498 1426 4641 Ῑὲἓὲἰῖηῗῗφὸιέιῖῗὲἷ

1515 2424 1783 2481 Homines
1829 2424 2007 2497 igitur
2044 2425 2284 2481 aliorum
2332 2442 2515 2481 mores
2552 2443 2665 2480 non

1515 2498 1657 2552 tales
1712 2497 1959 2552 iudicare
2014 2498 2224 2566 solent,
2274 2498 2465 2567 quales
2518 2502 2666 2566 sunt,

1515 2570 1613 2624 sed
1648 2570 1708 2624 in
1743 2570 2062 2639 praviorem
2108 2569 2345 2639 speciem
2384 2588 2417 2624 a
2452 2586 2511 2623 se
2550 2586 2665 2623 ma·

1515 2642 1669 2711 ligne
1714 2658 2036 2710 conversos;
2084 2641 2239 2696 cuius
2284 2641 2397 2695 iam
2440 2641 2527 2695 rei
2570 2658 2665 2695 ex-

1517 2714 1701 2783 empla
1736 2712 2037 2767 adduntur.

1589 2783 1654 2838 V.
1694 2786 1778 2838 57.
1834 2783 1947 2854 ille]
2017 2782 2265 2861 Restitui
2328 2784 2667 2853 scripturam

1517 2856 1726 2910 codicis
1764 2856 1961 2939 Bland.
2001 2856 2252 2910 omnium
2285 2856 2667 2939 vetustissimi,

1517 2926 2671 3067 {zttfsxdffitu13³53a0⁰⁰23203032333

1517 3070 1641 3139 ptio
1679 3074 1737 3124 et
1771 3070 2097 3125 Ecksteinio
2131 3068 2293 3125 tardo
2332 3074 2405 3137 σὴ
2452 3074 2669 3125 senten·

1519 3142 1603 3197 tia
1646 3141 1797 3195 enim
1850 3142 1931 3195 sic
1990 3142 2203 3211 optime
2252 3141 2510 3211 procedit
2566 3158 2670 3211 per

1519 3213 1853 3281 asyndeton,
1910 3230 2053 3282 quae
2116 3213 2323 3267 additis
2376 3212 2669 3283 particulis

1517 3285 1659 3339 haec
1701 3290 1809 3338 est:
1870 3285 1917 3338 si
1964 3284 2087 3354 quis
2132 3286 2339 3353 probus
2384 3284 2669 3355 (simplex)

1518 3356 1809 3411 nobiscum
1862 3356 2024 3423 vivit,
2067 3356 2115 3409 si
2157 3356 2256 3411 ille
2300 3360 2387 3411 est
2428 3356 2667 3410 multum

1518 3428 1789 3482 demissus
1827 3427 2157 3497 (modestus)
2182 3428 2367 3491 homo,
2406 3427 2571 3481 tardo
2598 3428 2668 3495 ei,

1516 3500 1718 3570 pingui
1762 3515 2071 3569 cognomen
2120 3499 2253 3553 ilico
2297 3499 2508 3554 damus.
2590 3499 2669 3554 Ut

1518 3571 1779 3639 protasis,
1816 3571 1899 3625 ita
1952 3570 2207 3639 spodosis
2245 3570 2520 3640 bipartita
2554 3574 2668 3640 est3

1519 3643 1773 3697 neutrius
1814 3648 2004 3696 tamen
2038 3646 2227 3711 partes
2264 3642 2667 3697 coniunctioni·

1516 3714 1625 3767 bus
1660 3714 1812 3767 inter
1848 3731 1905 3768 se
1954 3714 2247 3783 copulatae
2292 3719 2437 3768 sunt.
2510 3714 2668 3768 Idem

1517 3786 1732 3855 placuit
1750 3784 2006 3839 Miillero.
2032 3786 2097 3839 cf.
2124 3784 2233 3840 Cic.
2255 3785 2399 3840 Mur.
2420 3786 2515 3839 40·
2546 3785 2667 3854 „Sit

1520 3856 1669 3941 apud
1704 3874 1803 3911 vos
1839 3854 2129 3911 modestiae
2162 3858 2331 3925 locus,
2368 3857 2444 3911 sit
2472 3857 2667 3913 demis·

1517 3929 1598 3983 sis
1618 3928 1929 3983 hominibus
1948 3928 2288 3999 perfugium,
2304 3929 2379 3983 sit
2396 3930 2668 3983 auxilium

1512 3998 1767 4069 pudori!
1796 3999 1870 4053 id.
1891 3999 1962 4053 de
1982 3998 2077 4053 Or.
2096 4000 2169 4067 II,
2189 4002 2283 4053 43:
2326 4001 2445 4070 „Ea
2462 4001 2667 4069 omnia,

1519 4088 1662 4139 quae
1674 4072 1997 4140 proborum,
2018 4040 2385 4136 demissorum,
2400 4090 2514 4126 non
2528 4073 2667 4127 acri·

1519 4160 1631 4204 um.
1671 4160 1783 4197 non
1818 4143 2209 4213 pertinacium,
2248 4160 2361 4198 non
2395 4144 2669 4213 litigioso·

1518 4232 1663 4277 rum,
1700 4231 1813 4267 non
1860 4215 2189 4269 acerborum
2238 4220 2384 4280 sunt,
2429 4215 2668 4270 benevo-

1519 4286 1755 4341 lentiam
1782 4286 2137 4341 conciliant.“
2164 4316 2231 4326 —
2253 4285 2501 4356 multum]
2538 4286 2670 4341 vide

1520 4356 1591 4411 ad
1638 4357 1818 4411 Carm.
1857 4357 1901 4423 I,
1938 4359 2024 4425 25,
2063 4359 2113 4411 5.
2164 4384 2230 4396 --
2265 4356 2528 4426 versetur]
2575 4356 2667 4411 Sic

1519 4428 1813 4483 Kirchner.
1840 4429 2068 4483 Holder.
2096 4428 2336 4482 Fritsch.
2378 4428 2661 4483 Eckstein.

1520 4500 1759 4570 Kriiger.
1800 4517 1869 4555 ex
1904 4500 2151 4569 plurima
2192 4506 2355 4568 parte
2398 4500 2557 4555 codd.
2598 4530 2665 4540 —

1515 4570 1722 4641 fictum]
1768 4572 1817 4626 is
1864 4576 1951 4627 est
1984 4570 2149 4627 fictus
2184 4572 2283 4641 qui
2316 4590 2377 4629 se
2411 4573 2531 4643 ipse
2565 4570 2665 4627 fin-
