3092 5059
442 228 565 292 268
1410 224 1868 292 CARMINUM

845 414 1277 490 Mercedem
1330 414 1617 489 tuleris.

1724 413 1928 505 Quid
1985 416 2190 491 foret
2235 416 2426 493 Iliae

842 540 1367 637 Mavortisque
1418 564 1632 638 puer,
1681 540 1746 613 si
1793 540 2268 616 taciturnitas

846 664 1204 740 Obstaret
1250 664 1546 739 meritis
1599 664 1862 739 invida
1913 665 2276 741 Romuli?

761 824 811 865 ιε
846 792 1212 887 Ereptum
1268 787 1554 887 Stygiis
1605 788 1964 864 fluctibus
2025 789 2367 865 Aeacum

841 915 1107 990 Virtus
1164 928 1238 990 et
1284 914 1509 989 favor
1561 926 1636 989 et
1685 913 1954 1011 lingua
2009 916 2435 1014 potentium

842 1040 1119 1115 Vatum
1175 1038 1545 1113 divitibus
1603 1051 1997 1114 consecrat
2039 1039 2329 1114 insulis.

847 1165 1181 1263 Dignum
1235 1163 1466 1239 laude
1517 1164 1766 1239 virum
1817 1163 2043 1240 Musa
2094 1178 2301 1241 vetat
2359 1169 2599 1263 mori3

850 1288 1084 1368 Caelo
1138 1288 1362 1365 Musa
1420 1288 1617 1363 beat.

1721 1289 1850 1365 Sic
1895 1288 2104 1365 Iovis
2157 1292 2474 1367 interest

761 1452 812 1493 no
850 1414 1151 1514 Optatis
1204 1414 1449 1510 epulis
1503 1416 1836 1514 impiger
1885 1416 2301 1493 Hercules:

848 1540 1165 1619 Clarum
1215 1540 1708 1639 Tyndaridae
1763 1541 1972 1617 sidus
2019 1542 2116 1617 ab
2167 1542 2446 1618 infimis

850 1666 1180 1758 Quassus
1236 1665 1572 1763 eripiunt
1625 1668 2088 1766 aequoribus
2141 1680 2381 1765 rates3

852 1788 1185 1867 Ornatus
1238 1791 1471 1866 viridi
1516 1804 1868 1887 tempora
1917 1793 2286 1891 pampino

849 1918 1087 1993 Liber
1138 1932 1320 1993 vota
1368 1918 1616 1993 bonos
1671 1918 1883 1993 ducit
1932 1918 2034 1995 ad
2085 1921 2360 1995 exitus.

1360 2302 1738 2389 OARMEN
1803 2306 1945 2387 IX.

846 2466 963 2542 Ne
1016 2469 1218 2543 forte
1272 2468 1539 2544 credas
1591 2468 2022 2566 interitura,
2076 2494 2275 2569 quae

854 2593 1124 2691 Longe
1177 2607 1573 2671 sonantem
1628 2608 1849 2670 natus
1903 2593 2002 2670 ad
2057 2592 2428 2669 Aufidum

456 2867 754 2922 nobilitate
808 2874 866 2922 et
918 2886 1121 2939 genere
1173 2868 1473 2923 Romulum
1528 2869 1601 2924 ab

458 2939 737 2993 oblivione
772 2958 887 2995 non
924 2941 1172 3009 potuisse
1208 2940 1455 2995 liberari.
1494 2941 1602 2995 Ro·

458 3011 671 3064 mulum
708 3016 896 3065 autem
930 3012 1078 3066 idem
1099 3010 1314 3065 Ennius
1351 3013 1606 3067 laudavit
1689 3005 1693 3009 ’

459 3082 520 3135 in
590 3082 772 3151 primo
833 3084 1139 3137 Annalium
1200 3083 1363 3137 libro.
1462 3084 1604 3139 Vide

460 3172 531 3222 ap
596 3153 706 3208 cic.
760 3153 830 3208 de
892 3154 1031 3223 Rep-
1082 3154 1271 3222 1‚:41
1353 3155 1603 3224 „-0R0

458 3225 627 3293 mule,
680 3224 916 3279 Romule
971 3172 1079 3287 die,
1126 3197 1368 3292 Qualem
1406 3233 1464 3282 te
1507 3246 1604 3298 pa·

458 3298 603 3350 triae
662 3297 949 3351 custodem
1017 3297 1077 3351 di
1139 3303 1480 3367 genuerunt!
1556 3299 1601 3354 Ο

458 3372 644 3437 pater,
706 3386 738 3422 o
803 3370 1051 3438 genitor,
1121 3387 1154 3423 o
1214 3388 1459 3439 sanguen
1519 3372 1606 3425 dis

458 3439 783 3494 oriundum!
840 3440 925 3493 Tu
960 3441 1281 3509 produxisti
1316 3459 1417 3495 nos
1452 3443 1607 3497 intra

459 3511 685 3565 luminis
734 3513 895 3565 oras!
962 3540 1026 3551 —-
1078 3512 1338 3567 divitibus
1384 3514 1604 3583 insulis]

458 3601 726 3651 αακαοων
776 3578 973 3647 νήσοις.
1048 3583 1119 3638 cf.
1166 3584 1345 3653 Epod.
1398 3587 1478 3651 16,
1516 3588 1605 3640 41.

458 3634 767 3722 'Tibull.1‚
816 3657 867 3721 4,
920 3658 1013 3709 61.
1079 3655 1381 3725 „Pieridas,
1428 3658 1609 3726 pueri,

460 3725 655 3780 doctos
692 3730 751 3780 et
798 3732 982 3780 amate
1026 3736 1238 3795 poetas,
1276 3696 1463 3782 Ani-ea
1506 3744 1610 3783 nec

462 3802 727 3866 superent
770 3815 1007 3853 munera
1042 3798 1311 3867 Pieridas,
1350 3799 1609 3854 Carmine

461 3886 745 3939 purpurea
804 3874 891 3924 est
939 3870 1059 3924 Nisi
1114 3888 1298 3927 coma:
1361 3872 1612 3926 carmina

462 3942 523 3995 ni
566 3942 697 4008 sint,
740 3940 831 3995 Ex
874 3958 1067 3996 umero
1115 3942 1336 4013 Pelopis
1376 3960 1487 3997 non
1526 3946 1609 3998 ni-

462 4014 661 4067 tuisset
714 4013 905 4067 ebur.“
954 4040 1018 4052 -
1070 4014 1171 4083 sic]
1217 4015 1322 4069 hac
1365 4016 1608 4083 ratione;

460 4090 750 4154 poetarum
798 4084 1155 4139 carminibus
1228 4085 1381 4153 Quae
1426 4104 1609 4141 exem·

460 4157 559 4225 pla
618 4155 710 4209 hic
761 4155 1146 4223 proferuntur,
1203 4158 1271 4210 iis
1320 4163 1449 4213 ante
1494 4158 1609 4214 iam

462 4244 592 4281 usus
630 4231 753 4281 erat
782 4231 950 4295 poeta
976 4227 1157 4283 Carm.
1178 4228 1276 4283 111.
1296 4231 1344 4281 3.
1376 4258 1435 4269 —·
1468 4230 1608 4299 Tyn-

462 4297 719 4368 dar-idae]
769 4298 897 4352 vide
943 4298 1015 4352 ad
1060 4300 1242 4354 Carm.
1280 4300 1323 4365 I,
1364 4304 1411 4368 3,
1448 4304 1501 4354 2.
1540 4330 1605 4342 -

456 4386 588 4439 pam
644 4369 751 4439 no]
799 4370 869 4423 cf.
916 4369 1097 4424 Carm.
1148 4370 1244 4437 111,
1283 4340 1371 4432 2'5‚
1412 4376 1498 4426 20.

460 4446 585 4495 vota
665 4440 787 4495 Hoc
832 4458 1053 4510 quoque
1098 4410 1413 4497 divinitatis
1466 4446 1609 4499 indi-

462 4512 613 4565 cium
666 4518 776 4579 est;
830 4514 891 4565 in
938 4528 1049 4580 qua
1102 4511 1465 4569 describenda
1510 4516 1607 4571 ob-

464 4600 625 4638 serva
658 4590 859 4653 poetae
894 4582 1225 4639 ubertatem.

2068 2914 2352 2969 Carmen
2389 2912 2487 2967 IX.

1779 3010 2100 3064 Sententiae
2160 3010 2424 3065 carminis
2495 3010 2604 3063 hoc
2667 3009 2858 3063 ordine

1707 3082 2036 3151 procedunt.
2109 3082 2250 3144 Mea,
2291 3084 2476 3152 inquit
2519 3086 2710 3151 poeta,
2747 3097 2858 3134 ear·

1707 3154 1860 3207 mina
1919 3170 2206 3222 nunquam
2272 3155 2618 3220 interibunt,
2695 3168 2860 3221 quan·

1708 3243 1878 3293 quam
1927 3242 2058 3291 nou,
2112 3230 2178 3279 ut
2223 3226 2367 3281 alter
2403 3226 2706 3292 Homerus,
2753 3241 2861 3277 ma-

1707 3314 1949 3367 gnorum
1993 3297 2284 3350 hominum
2329 3315 2421 3351 res
2467 3300 2656 3367 gestas
2709 3296 2859 3364 epico

1711 3369 1957 3423 carmine
2021 3367 2304 3423 celebrare
2369 3386 2558 3423 eonor.
2658 3366 2858 3421 Verum

1711 3440 1882 3494 etiam
1937 3440 2100 3507 lyrici
2161 3445 2358 3509 poetae
2420 3440 2602 3495 adhue
2667 3440 2860 3493 vivunt

1711 3511 2030 3578 (Pindarus,
2071 3510 2404 3577 Simonides,
2444 3510 2706 3577 Alcaeus,
2747 3509 2859 3563 Ste-

1710 3583 1980 3645 sichorus,
2043 3585 2354 3642 Anacreon,
2417 3582 2664 3652 Sappho,
2731 3598 2856 3649 quo-

1711 3672 1838 3708 rum
1873 3655 2100 3709 nomina
2119 3654 2390 3709 Horatius
2425 3672 2490 3708 eo
2515 3653 2718 3707 ordine
2741 3670 2858 3707 eon-

1712 3726 1914 3788 iunxit‚
1939 3731 2006 3779 ut
2031 3744 2066 3779 a
2093 3744 2312 3781 summo
2335 3726 2678 3795 hymnorum
2701 3728 2860 3792 poeta

1711 3796 1956 3852 Pindaro
2005 3798 2075 3851 ad
2124 3799 2336 3852 leviora
2370 3814 2580 3868 genera
2617 3796 2858 3865 Sappho·

1711 3872 1799 3923 nis
1854 3869 2258 3938 descenderet):
2315 3874 2608 3938 poetarum
2671 3872 2859 3921 cantus

1712 3942 1980 4010 temporis
2036 3941 2253 3995 invidia
2310 3958 2424 3995 non
2467 3940 2738 3994 obruitur
2791 3938 2858 4005 (v.

1720 4014 1930 4081 1-12).
1969 4012 2157 4065 Factis
2194 4012 2486 4066 hominum
2521 4028 2636 4065 non
2673 4011 2860 4065 eadem

1713 4102 1832 4138 sors
1869 4090 1982 4151 est3
2019 4100 2200 4153 neque
2237 4084 2381 4137 enim
2418 4084 2460 4136 ii
2503 4083 2601 4151 qui
2637 4083 2700 4136 in
2731 4082 2859 4136 Tro·

1711 4156 1854 4211 ianis
1892 4156 2104 4225 campis
2141 4159 2483 4225 pugnarunt,
2521 4154 2628 4209 soli
2651 4170 2860 4209 merue-

1711 4232 1848 4281 runt
1881 4228 2104 4281 laudem
2139 4234 2432 4309 poetarum
2465 4224 2856 4295 (Troianorum

1712 4306 1772 4353 et
1807 4298 2148 4353 Graecorum
2190 4298 2442 4352 virorum
2479 4302 2678 4366 aptum
2719 4296 2858 4350 huuc

1712 4370 1966 4424 ordinem
2004 4369 2316 4435 constituit,
2355 4374 2418 4423 ut
2455 4368 2528 4423 ad
2550 4368 2857 4437 sapphonis

1713 4443 1961 4497 carmina
1997 4442 2272 4497 amatoria
2313 4442 2454 4495 bene
2491 4440 2722 4495 adnexis
2755 4439 2853 4493 He-

1711 4515 1870 4568 lenae
1926 4512 2212 4567 amoribus
2267 4528 2487 4566 sursum
2543 4511 2856 4567 ascenderet

1710 4585 1783 4640 ad
1828 4586 2134 4639 maximum
2185 4584 2436 4640 omnium
2481 4600 2676 4655 regem
2713 4586 2852 4654 Agu-
