3092 5059
482 237 607 302 558

1378 233 1992 304 EPISTULARUM

582 425 830 502 Dante
882 424 1153 520 minor,
1209 425 1559 524 quamvis
1607 425 1767 500 fers
1821 437 1898 500 te
1949 424 2234 500 nullius
2295 417 2734 522 egentem.“

586 552 860 628 Omnis
906 551 1392 647 Aristippum
1446 549 1706 626 decuit
1758 549 1972 625 color
2028 563 2104 626 et
2155 563 2389 626 status
2435 564 2518 627 et
2565 575 2708 644 res,

583 679 1037 752 Tentantem
1083 675 1396 769 maiora,
1454 675 1621 750 fere
1667 675 2201 776 praesentibus
2253 701 2626 776 aequum3

501 835 553 876 π
590 803 899 894 Contra,
958 824 1187 899 quem
1234 798 1531 900 duplici
1582 827 1842 898 panno
1895 803 2266 899 patientia
2314 801 2543 896 velat,

584 926 952 1015 Mirabor,
1008 927 1213 1000 vitae
1265 925 1392 1000 via
1442 924 1505 999 si
1559 949 1930 1001 conversa
1983 925 2311 1002 decebit.

582 1049 808 1126 Alter
844 1074 1316 1149 purpureum
1362 1074 1518 1124 non
1573 1049 2044 1150 exspectabit
2088 1051 2471 1146 amictum,

588 1173 987 1267 Quidlibet
1030 1172 1343 1249 indutus
1398 1173 1903 1250 celeberrima
1953 1199 2094 1270 per
2144 1173 2320 1250 loca
2367 1173 2614 1268 vadet,

587 1297 1157 1398 Personamque
1208 1299 1410 1374 seret
1460 1324 1616 1374 non
1669 1300 2171 1376 inconcinnus
2229 1312 2664 1398 utramqu03

504 1455 555 1496 ao
594 1421 815 1499 Alter
862 1423 1110 1499 Mileti
1160 1437 1451 1500 textam
1505 1450 1698 1500 cane
1744 1423 1962 1522 peius
2015 1439 2094 1500 et
2145 1425 2384 1523 angui

588 1549 881 1624 Vitabit
933 1548 1442 1645 chlamydem,
1494 1549 1868 1624 morietur
1919 1549 2237 1647 frigore,
2288 1549 2352 1623 si
2405 1573 2553 1624 non

584 1674 993 1750 Rettuleris
1044 1698 1425 1774 pannum:
1484 1676 1696 1750 refer
1748 1687 1825 1750 et
1874 1675 2036 1750 sine
2087 1675 2298 1750 vivat
2343 1674 2667 1772 ineptae.

584 1801 731 1874 Res
785 1825 1056 1897 gerere
1107 1812 1181 1876 et
1234 1812 1499 1898 captos
1546 1799 1950 1875 ostendere
2003 1800 2300 1876 civibus
2352 1799 2600 1875 hostes

584 1925 923 2023 Attingit
972 1925 1252 2000 solium
1301 1925 1509 2000 Iovis
1567 1938 1646 2001 et
1695 1925 2051 2002 caelestia
2093 1938 2372 2021 tentat3

502 2084 552 2124 εις
592 2050 1078 2150 Principibus
1132 2049 1513 2147 placuisse
1570 2051 1760 2126 viris
1807 2077 1962 2126 non
2013 2048 2285 2126 ultima
2333 2049 2500 2126 laus
2553 2061 2687 2126 est.

585 2175 759 2250 Non
816 2177 1055 2251 cuivis
1108 2175 1403 2250 homini
1459 2175 1839 2274 contingit
1888 2175 2105 2251 adire
2157 2173 2632 2255 Corinthum.

482 2440 661 2494 minor
694 2440 785 2494 vel
816 2440 989 2494 etism
1014 2455 1195 2495 rorum
1232 2455 1285 2495 es
1312 2439 1501 2494 Dante
1532 2439 1636 2493 mi-

482 2527 600 2566 nor.
669 2511 807 2565 Inde
844 2511 1053 2566 Keller.
1092 2517 1150 2565 et
1189 2512 1286 2581 qui
1318 2527 1446 2565 eum
1482 2527 1636 2564 secu-

482 2587 575 2636 tus
611 2587 697 2637 est
722 2583 1006 2637 Eckstein.
1044 2583 1317 2637 ven-amsi.
1354 2599 1401 2636 e.
1439 2599 1636 2636 verum

482 2671 556 2708 es.
650 2653 947 2724 Corruptio
1002 2659 1191 2708 autem
1246 2653 1638 2723 antiquissima

484 2730 588 2793 est,
634 2742 767 2779 nam
810 2741 993 2780 venem
1037 2724 1149 2778 ism
1194 2725 1635 2794 Porphyrionem

483 2797 839 2850 scholiastam
884 2795 1098 2866 legisse,
1146 2813 1214 2850 ex
1260 2796 1381 2865 ipso
1418 2795 1632 2850 scholio

483 2869 839 2937 perspicuum
874 2871 975 2921 est.
1016 2895 1083 2906 —
1121 2868 1331 2922 vitellius
1378 2867 1633 2937 eqentem]

484 2939 693 2994 fluuius
706 2939 1072 2993 masculinum
1094 2943 1197 3005 est,
1216 2956 1329 2992 non
1342 2943 1635 3004 neutrum3

485 3011 568 3064 ita
585 3009 783 3064 suadet
804 3011 1123 3079 oppositum
1147 3010 1312 3064 dante
1330 3010 1508 3063 minor
1528 3011 1565 3062 i.
1588 3025 1634 3063 e.

487 3083 537 3135 ei
556 3083 654 3150 qui
678 3082 777 3135 dat
794 3082 1073 3136 subiectus
1092 3101 1161 3136 ex
1182 3097 1359 3150 eoque
1368 3081 1635 3150 pendens.

558 3153 620 3208 V.
649 3155 734 3206 23.
776 3154 946 3222 color]
987 3153 1057 3206 cf.
1096 3152 1211 3206 Sat.
1248 3153 1321 3220 II,
1363 3156 1409 3212 1,
1449 3155 1537 3206 60.
1569 3181 1632 3191 ——

482 3224 618 3294 fere]
656 3225 910 3292 omnin03
958 3224 1141 3293 Epist.
1178 3225 1222 3291 Ι,
1260 3227 1312 3291 6,
1350 3225 1403 3276 9.
1474 3223 1636 3278 Mad-

484 3296 693 3366 vigius,
756 3296 1051 3364 Miillerus,
1096 3295 1451 3350 Ecksteiuius
1510 3313 1636 3350 cum

485 3367 804 3422 Doederlin.
872 3369 1281 3422 coniunxerunt
1341 3372 1635 3421 tentantem

484 3440 701 3494 maiora
734 3439 864 3506 fere.
907 3467 971 3478 —
1015 3437 1326 3510 patientia]
1364 3443 1634 3506 καρτερία,

482 3506 809 3581 τλημοσύνῃ.
847 3511 955 3564 Cio.
996 3511 1065 3564 de
1102 3509 1193 3564 Or.
1231 3510 1331 3572 III,
1375 3512 1467 3562 17:
1510 3510 1634 3578 „Ab

485 3583 834 3649 Antisthene,
874 3582 968 3650 qui
1014 3583 1345 3649 patientiam
1384 3586 1445 3635 et
1482 3581 1634 3635 duri-

484 3654 625 3708 tiam
678 3653 738 3706 in
776 3653 1061 3708 Socratico
1104 3668 1359 3706 sermone
1394 3653 1635 3706 maxime

486 3726 791 3786 adamaret,
854 3723 1098 3794 Cynici.“
1192 3724 1380 3792 Cynici
1444 3729 1632 3778 autem

484 3813 597 3850 non
630 3797 821 3850 tunica
859 3801 917 3850 et
959 3795 1133 3865 pallio
1180 3797 1501 3862 utebantur,
1538 3795 1635 3848 sed

484 3885 597 3922 una
634 3868 817 3922 abolla
854 3885 923 3922 ex
960 3868 1058 3921 vili
1088 3883 1272 3938 panno
1298 3867 1554 3921 confecta.
1579 3870 1636 3920 et

483 3944 603 3993 tam
638 3939 843 4024 ampla,
878 3943 944 3992 ut
972 3939 1273 4008 dupliciter
1304 3943 1489 3992 totum
1514 3954 1633 3991 cor-

484 4027 589 4081 pus
628 4011 905 4078 amiciret3
942 4010 1072 4064 inde
1106 4010 1247 4064 dicti
1272 4015 1403 4063 sunt
1438 4005 1632 4078 ἀχίτω-

482 4100 573 4141 νες
620 4087 677 4136 et
722 4084 773 4134 δι
758 4085 1117 4152 ιπλοείματοι.
1178 4109 1244 4120 --
1296 4078 1456 4149 alter]
1506 4079 1633 4134 Ari-

482 4155 719 4238 stippus,
756 4153 825 4207 de
862 4171 971 4235 quo
1010 4153 1175 4224 Diog.
1214 4152 1399 4206 Laert.
1436 4151 1507 4219 II,
1532 4135 1632 4204 66;

487 4221 628 4310 ,,Διό
667 4242 798 4312 apte
817 4220 1131 4293 Στράτωνα,
1168 4226 1221 4276 οἱ
1256 4223 1321 4275 δὲ
1344 4192 1635 4290 Πλάτωνα,

483 4266 1203 4451 {3521‘5;235²;55}32.{2²2
1227 4289 1409 4435 5333.
1414 4294 1633 4420 2253}

491 4437 563 4490 de
604 4437 735 4492 fort.
783 4442 843 4493 et
875 4438 1006 4492 virt.
1046 4439 1207 4492 Alex.
1247 4438 1289 4504 1,
1326 4440 1383 4491 8:
1448 4433 1635 4508 ,,Ἀρί-

488 4521 734 4560 στιππον
767 4505 1109 4578 θαυμάζουσι
1140 4507 1241 4562 τὸν
1264 4505 1635 4578 Σωκράτικον,

488 4570 578 4629 ὅτι
636 4581 727 4630 καὶ
777 4583 997 4648 τρίβωνι
1057 4580 1186 4648 λιτῷ
1234 4584 1328 4632 καὶ
1384 4583 1638 4650 Μιλησίᾳ

1723 2431 2285 2540 χλαμύδιΰχρώμενος
2318 2440 2390 2493 δι’
2415 2435 2760 2510 ἀμφοτέρων
2783 2433 2896 2504 ἔτή-

1728 2527 1827 2636 pate
1844 2509 2376 2652 ffissss‘i'glssssgptg
2385 2508 2670 2653 egrgzgdlm
2697 2539 2892 2636 lanum

1721 2655 2164 2724 »pretiosissimae
2219 2658 2398 2708 erant.
2467 2653 2633 2723 Vei-g.
2683 2653 2894 2723 Georg-

1727 2725 1830 2793 ΙΙΙ,
1869 2727 1991 2780 306.
2042 2755 2108 2766 -
2152 2725 2330 2795 peius]
2369 2724 2438 2779 ef.
2479 2724 2664 2778 Car-m.
2703 2724 2808 2792 IV,
2843 2729 2894 2792 9,

1730 2797 1816 2850 50.
1853 2825 1926 2835 -
1959 2795 2158 2866 angui]
2207 2795 2378 2851 Codd.
2425 2795 2708 2850 fluctuant
2737 2795 2897 2850 inter

1729 2868 1904 2936 anyui
1931 2875 1988 2923 et
2009 2884 2218 2938 anque3
2254 2868 2352 2922 sed
2375 2867 2646 2921 Priscian.
2671 2883 2728 2935 p.
2754 2868 2893 2920 ⁷66:

1731 2941 2000 3008 „Anguis,
2040 2940 2112 2993 ab
2146 2943 2348 3010 Angue
2383 2939 2474 2994 vel
2507 2938 2721 3008 Angm'.
2779 2938 2896 2992 Ho-

1729 3015 1836 3064 rat.
1873 3011 1934 3064 in
1967 3011 1995 3064 1
2031 3010 2213 3080 Epist.
2246 3011 2412 3064 Alter
2416 3009 2635 3112 ⁰¹Mileti
2674 3015 2894 3064 textam

1729 3082 2694 3236 ffiiert’ffissnessbssffissssrgvff-
2703 3087 2898 3222 ῗέἑῖ

1731 3224 1948 3291 „Aiunt
1980 3225 2336 3294 Aristippum
2372 3225 2614 3278 invitato
2637 3223 2898 3294 Diogene

1729 3296 1801 3349 ad
1835 3296 2060 3350 balneas
2098 3296 2314 3350 dedisse
2337 3311 2588 3365 operam,
2607 3299 2680 3348 ut
2699 3313 2895 3349 omnes

1731 3367 1888 3436 prius
1935 3367 2353 3439 egrederentur,
2391 3368 2579 3436 ipsum
2615 3366 2896 3438 Diogenis

1729 3438 1964 3506 pallium
2031 3439 2279 3493 induisse
2355 3439 2518 3508 eique
2591 3439 2898 3507 reliquisse

1729 3526 2096 3648 Ξὲἓῖἓῖῗῖὲ,
2085 3509 2898 3651 ’.ἒέἑᾱι-ξὲῗῇῗῗῃῗέΐὲ

1731 3653 1950 3722 stippus
2017 3623 2300 3722 increpuit
2363 3652 2636 3721 Cynicum
2706 3651 2894 3706 funins

1729 3725 2083 3793 servientem,
2122 3726 2220 3793 qui
2257 3725 2446 3794 algere
2481 3724 2686 3777 mallet
2723 3741 2896 3792 quam

1731 3795 1976 3864 conspici
2014 3796 2074 3848 in
2098 3801 2254 3850 veste
2290 3795 2636 3865 purpuresf‘
2679 3795 2894 3849 Comm.

1731 3866 1897 3935 Cruq.
1941 3895 2008 3906 -
2045 3883 2132 3921 ros
2166 3866 2367 3937 yerere]
2406 3865 2477 3921 cf.
2513 3865 2682 3920 νει-ι·-
2721 3866 2791 3920 L.
2829 3865 2892 3919 L.

1729 3937 1798 4006 V,
1823 3956 1879 4007 p.
1901 3940 2000 3991 72.
2041 3937 2390 4007 „Imperator
2423 3938 2524 4006 qui
2560 3937 2778 3992 dicitur
2813 3953 2896 3992 res

1726 4026 1925 4080 ρει-ινα,
1962 4011 2022 4063 in
2047 4027 2113 4063 eo
2141 4027 2322 4079 neque
2355 4011 2478 4080 agit
2511 4025 2700 4078 neque
2735 4007 2892 4074 facit,

1729 4081 1828 4135 sed
1868 4083 2035 4151 gerit,
2086 4082 2124 4135 i.
2160 4099 2208 4135 e.
2255 4081 2549 4135 sustinetfl
2603 4107 2682 4119 —
2737 4080 2896 4135 edire

1731 4150 2078 4239 Corinthum}
2145 4153 2418 4208 Graecum
2493 4151 2890 4234 proverbium:

1731 4219 1846 4291 ,,οὗ
1910 4241 2120 4282 nastros*
2183 4220 2390 4294 ἀνδρὸς
2459 4227 2537 4283 εἰς
2603 4217 2896 4292 Κόρινθον

1731 4294 1856 4348 ἔσθ’
1891 4292 1922 4347 ὁ
1963 4295 2146 4354 πλοῦς
2149 4295 2186 4324 “
2269 4295 2398 4350 Non
2435 4295 2640 4363 cuique
2679 4295 2896 4349 contin·

1730 4366 1820 4450 git
1871 4383 2087 4421 summu.
2137 4383 2391 4436 quaeque
2439 4365 2748 4436 attingere,
2799 4364 2892 4420 sed

1734 4437 2060 4492 enitendum
2097 4447 2199 4505 est,
2235 4437 2556 4520 audendum
2577 4443 2685 4504 est,
2717 4436 2892 4490 virili·

1731 4511 1822 4562 ter
1858 4509 2138 4579 agendum
2185 4515 2288 4577 est,
2337 4527 2470 4564 nam
2517 4509 2581 4563 in
2625 4508 2742 4563 hoc
2773 4509 2890 4576 ipso

1731 4579 2040 4635 videndum
2073 4581 2218 4635 illud
2253 4584 2340 4635 est
2375 4579 2532 4650 quod
2553 4581 2894 4649 quaerimus.
