3092 5059
495 227 621 294 546

1379 225 1997 295 EPISTULARUM

517 447 570 489 ει
604 417 822 510 Quae
871 417 1114 514 possit
1161 416 1326 512 tibi,
1377 441 1522 492 nec
1566 417 1932 492 meretrix
1984 413 2326 508 tibicina,
2372 411 2593 487 cuius

599 541 729 618 Ad
783 543 1185 639 strepitum
1237 543 1463 618 salias
1513 555 1767 618 terrae
1816 541 2107 640 gravis:
2164 552 2243 614 et
2287 549 2547 614 tamen
2598 561 2829 634 urges

603 666 1078 765 Iampridem
1125 694 1280 743 non
1331 680 1535 744 tacta
1584 666 1976 765 ligonibus
2028 690 2213 739 arva
2264 663 2715 760 bovemque

599 792 1088 868 Disiunctum
1137 818 1356 868 curas
1409 805 1486 868 et
1527 791 1811 868 strictis
1862 788 2269 865 frondibus
2316 787 2627 883 exples3

603 916 856 993 Addit
906 943 1099 1015 opus
1149 919 1378 1018 pigro
1431 918 1662 1013 rivus,
1718 917 1783 991 si
1837 914 2123 992 decidit
2162 914 2436 1008 imber,

522 1077 573 1118 ω
609 1042 858 1118 Multa
906 1041 1110 1119 mole
1163 1042 1557 1118 docendus
1608 1041 1868 1139 aprico
1910 1064 2229 1136 parcere
2275 1051 2521 1136 prato.

601 1167 829 1243 Nunc
882 1191 1050 1266 age,
1105 1166 1295 1266 quid
1345 1180 1693 1242 nostrum
1742 1177 2196 1242 concentum
2243 1162 2562 1256 dividat,
2624 1159 2833 1236 audi.

607 1290 858 1383 Quem
909 1305 1178 1368 tenues
1229 1291 1557 1368 decuere
1609 1305 1835 1389 togae
1886 1289 2269 1388 nitidique
2316 1285 2607 1384 capilli,

608 1417 858 1510 Quem
911 1419 1058 1494 scis
1109 1418 1532 1494 immunem
1586 1415 1913 1492 Cinarae
1964 1414 2343 1510 placuisse
2390 1412 2691 1513 rapaci,

609 1543 856 1636 Quem
911 1541 1254 1618 bibulum
1310 1540 1591 1640 liquidi
1642 1540 1901 1616 media
1950 1539 2049 1615 de
2094 1539 2267 1615 luce
2324 1537 2669 1634 Falerni,

521 1701 571 1741 ω
608 1666 821 1744 Cena
873 1667 1122 1743 brevis
1177 1668 1390 1742 iuvat
1431 1679 1508 1742 et
1554 1691 1801 1767 prope
1850 1666 2101 1740 rivum
2152 1689 2465 1739 somnus
2508 1662 2593 1736 in
2630 1661 2897 1745 herba;

604 1794 769 1870 Nec
815 1793 1086 1868 lusisse
1137 1791 1396 1893 pudet,
1451 1791 1588 1868 sed
1640 1816 1791 1866 non
1842 1790 2185 1867 incidere
2235 1789 2529 1864 ludum.

605 1921 776 1996 Non
811 1921 1000 2026 ,istic
1051 1921 1368 2020 obliquo
1424 1920 1649 1997 oculo
1703 1945 1876 1996 mea
1924 1916 2331 1994 commoda
2382 1917 2799 2015 quisquam

611 2045 886 2143 Limat,
939 2073 1096 2122 non
1153 2047 1334 2122 odio
1388 2048 1719 2123 obscuro
1767 2069 2185 2143 morsuque
2238 2054 2603 2136 venenat3

605 2171 889 2247 Rident
936 2173 1168 2248 vicini
1219 2173 1535 2270 glaebas
1588 2185 1663 2250 et
1714 2199 1894 2250 saxa
1942 2189 2401 2251 moventem.

525 2333 575 2372 ιο
611 2295 810 2373 Cum
863 2298 1100 2373 servis
1151 2300 1449 2375 urbana
1506 2299 1752 2375 diaria
1802 2299 2080 2376 rodere
2128 2299 2407 2396 mavis3

609 2421 908 2498 Horum
963 2437 1046 2498 tu
1098 2425 1178 2500 in
1229 2451 1635 2502 numerum
1691 2439 1869 2501 voto
1921 2426 2121 2520 ruis3
2171 2424 2467 2501 invidet
2514 2449 2753 2498 usum

609 2545 1033 2644 Lignorum
1089 2563 1166 2624 et
1215 2551 1512 2649 pecoris
1570 2551 1713 2626 tibi
1764 2549 1929 2626 calo
1986 2562 2301 2648 argutus
2356 2562 2431 2625 et
2480 2547 2712 2623 horti.

508 2785 720 2850 vinum,
771 2790 838 2840 ut
875 2785 1072 2842 vilicus
1115 2787 1178 2841 id
1213 2803 1278 2841 eo
1313 2787 1539 2843 nomine
1577 2788 1660 2842 in·

509 2859 743 2927 dignum
801 2859 1051 2913 haberet.
1133 2858 1324 2913 Ablat.
1383 2876 1492 2914 uva
1556 2877 1659 2929 pro

511 2945 673 2998 quam
711 2945 886 2998 uvam,
919 2935 984 2983 ut
1020 2929 1133 2984 Sat.
1171 2929 1216 2991 1,
1255 2934 1300 3000 1,
1337 2931 1424 2984 97.
1449 2960 1521 2969 -
1556 2937 1661 2986 ter·

508 3017 606 3125 ffie
641 3001 852 3126 ςῖιέαυὶεδ]
887 3001 976 3128 {ev
993 3001 1264 3127 trlipgteiim
1338 3003 1440 3057 cfr.
1479 3002 1660 3056 Carm.

597 3111 1206 3140 222222

583 3142 649 3197 V.
687 3145 776 3197 26.
833 3149 885 3198 σι
929 3143 1130 3214 tamen]
1184 3144 1398 3199 Ponere
1445 3145 1664 3199 solebat

510 3215 710 3270 vilicus
769 3214 1120 3270 incommoda
1163 3232 1264 3270 sua
1319 3221 1377 3271 et
1429 3233 1661 3287 magnos

511 3287 748 3350 labores,
773 3287 976 3356 quibus
997 3287 1412 3356 opprimeretur
1431 3289 1489 3342 in
1509 3287 1663 3357 villa,

509 3363 710 3413 contra
753 3359 879 3413 illas
917 3359 1144 3414 delicias
1192 3359 1394 3427 quibus
1433 3361 1569 3414 olim
1604 3362 1664 3414 ιιι

509 3430 651 3484 urbe
697 3430 916 3484 fructus
962 3436 1124 3498 esset,
1168 3435 1306 3486 tunc
1341 3449 1534 3487 carere
1570 3432 1662 3488 de-

509 3501 687 3556 beret.
745 3529 811 3541 -
857 3503 1038 3572 myos]
1084 3508 1148 3557 ιιι
1184 3502 1392 3557 Tibull.
1431 3504 1474 3572 I,
1512 3505 1564 3566 9,
1603 3507 1662 3558 8.

514 3573 624 3643 ,,Ει
684 3571 888 3628 durum
943 3577 1126 3628 terras
1183 3576 1428 3629 rusticus
1496 3593 1567 3630 ur
1606 3580 1664 3630 et

511 3645 702 3714 opusst‘
744 3675 810 3686 —
848 3645 1200 3715 disiunctum]
1237 3645 1309 3702 cf.
1349 3645 1526 3700 Germ.
1626 3647 1663 3710 Ι,

510 3719 564 3785 6,
601 3719 687 3772 42.
748 3747 814 3757 —
863 3717 1054 3786 piyro]
1102 3718 1286 3774 iocose
1321 3719 1566 3788 dictum3
1616 3719 1665 3773 si

511 3805 616 3858 per
669 3789 866 3844 solitos
923 3789 1139 3844 labores
1191 3791 1368 3858 quieti
1413 3795 1472 3845 te
1527 3760 1665 3845 dare

513 3878 716 3930 posses,
757 3859 963 3916 decidit
1001 3861 1184 3916 imber
1205 3879 1523 3930 novumque
1556 3863 1665 3917 tibi

511 3931 675 3987 addit
697 3950 770 4001 op
773 3949 852 3987 us.
885 3960 948 3970 -
985 3931 1162 4002 rivus]
1190 3933 1322 3987 vide
1345 3950 1517 4003 supra
1539 3952 1594 4004 p.
1614 3936 1665 3988 9.
1716 3991 1723 3996 ,

515 4033 581 4043 -
603 4003 896 4070 docendus]
926 4003 996 4058 cf.
1021 4007 1090 4058 A.
1117 4005 1178 4058 P.
1201 4006 1286 4060 68.
1312 4035 1376 4046 -
1406 4005 1664 4076 Cinarae]

513 4074 646 4130 vide
703 4075 774 4129 ad
827 4075 1010 4130 Germ.
1047 4075 1142 4142 IV,
1181 4079 1266 4140 13,
1304 4078 1388 4132 21.
1464 4077 1667 4132 Cinara

513 4145 813 4201 Horatium
835 4162 968 4201 vere
997 4148 1226 4216 amavit,
1251 4165 1364 4204 non
1401 4155 1468 4204 ιιι
1501 4154 1667 4204 antea

513 4219 654 4273 alios
690 4235 984 4272 munerum
1025 4221 1238 4290 gratia3
1287 4225 1454 4304 poeta
1489 4221 1667 4292 igitur

511 4289 770 4344 immunis
806 4290 1022 4361 placuit
1044 4291 1269 4346 mulieri
1303 4293 1363 4346 in
1399 4291 1540 4347 alios
1579 4310 1666 4346 ra-

513 4363 658 4431 paci.
711 4391 778 4402 --
830 4361 1094 4432 incidere]
1141 4363 1492 4434 abrumpere,
1539 4380 1667 4418 cum

514 4437 733 4502 tempus
769 4437 966 4494 est-
991 4433 1165 4490 media
1190 4433 1257 4489 de
1278 4435 1416 4560 luce}
1451 4433 1565 4490 Sat.
1592 4435 1667 4502 11,

517 4505 570 4571 8,
591 4507 640 4559 3.
665 4505 1059 4574 —morsuqueJ
1095 4505 1364 4560 oficarm.
1419 4505 1486 4574 V,
1505 4505 1559 4575 3,
1584 4509 1667 4560 16.

517 4543 602 4630 D’e
641 4575 858 4644 obliquo
895 4575 1042 4631 oculo
1079 4577 1152 4632 cf.
1193 4577 1356 4648 Verg.
1399 4578 1538 4632 Aen.
1574 4577 1670 4646 XI,

1757 2787 1879 2842 33⁷.
1925 2786 2267 2842 Lachmann.
2306 2788 2378 2843 ad
2416 2787 2651 2842 Lueret-
2688 2805 2747 2870 p.
2785 2785 2890 2839 143:

1757 2859 2029 2928 „Horatio
2087 2857 2279 2914 ltidere
2337 2859 2519 2928 licuit,
2572 2859 2742 2928 quasi
2792 2853 2895 2911 lini

1754 2931 1902 2985 oculi
1940 2950 1974 2985 a
2006 2931 2141 2985 lima
2167 2931 2525 2998 ducerentur,
2550 2929 2893 2999 quemadmo-

1754 3001 1889 3056 dum
1924 3007 1982 3056 et
2007 3001 2239 3056 Plautus
2278 3002 2425 3057 ludit
2456 3019 2585 3056 cum
2608 3001 2795 3058 dolum
2816 2997 2892 3052 do-

1754 3075 1867 3128 lari
1902 3073 2093 3128 ιιιιιιι.ιι
2134 3103 2197 3112 —-
2236 3073 2439 3142 rident]
2476 3091 2591 3128 ιιοιι
2628 3073 2707 3128 ob
2742 3074 2891 3139 impe-

1754 3145 1948 3200 ritiam
1996 3148 2217 3214 poetae,
2260 3145 2357 3200 sed
2404 3145 2558 3214 quod
2602 3143 2891 3221 elegendo:

1755 3235 1874 3271 rem
1910 3217 2193 3271 hominem
2232 3217 2321 3271 his
2346 3215 2637 3272 laboribus
2664 3229 2893 3271 exemrl

1757 3289 1953 3344 vident
1976 3292 2035 3343 et
2057 3289 2353 3343 mirantur.
2378 3317 2447 3329 —
2468 3289 2611 3359 calo]
2638 3287 2891 3345 universe

1756 3359 2039 3432 significat
2089 3359 2260 3415 vilem
2304 3377 2527 3415 servum
2572 3378 2643 3414 ex
2698 3357 2893 3414 familis

1756 3433 2001 3500 urbana,
2056 3431 2153 3500 qui
2210 3449 2339 3486 cum
2392 3433 2535 3487 bene
2586 3430 2890 3508 perspiciat.

1758 3509 1969 3574 quanto
2006 3502 2203 3558 melius
2238 3504 2315 3558 sit
2336 3504 2505 3560 vilico
2530 3504 2654 3558 ruri
2680 3499 2890 3562 viventi,

1758 3577 2051 3646 (aryutus),
2100 3575 2233 3629 huic
2276 3577 2459 3630 multa
2504 3575 2793 3630 commode
2826 3570 2893 3624 in·

1756 3647 1931 3711 videt,
1970 3647 2191 3717 largum
2216 3664 2375 3701 usum
2410 3647 2718 3717 lignorum,
2750 3657 2891 3715 peco-

1754 3719 1854 3788 ris,
1902 3718 2155 3775 holerum
2205 3717 2528 3788 (horti).·--
2562 3733 2685 3772 cum
2703 3688 2887 3778 servis]

1758 3790 2005 3861 Madvig.
2042 3793 2171 3860 post
2202 3789 2373 3845 semis
2395 3793 2671 3860 punctum
2705 3799 2888 3858 ponem

1759 3862 1978 3929 maluit,
2014 3861 2237 3916 sublato
2283 3867 2492 3931 puncto
2538 3866 2671 3930 post
2708 3871 2887 3914 moen·

1926 3933 2113 3988 Secuti
2167 3939 2297 3987 sunt
2352 3933 2575 3988 Miiller.
2626 3928 2885 3988 Eclmeiu-

1760 4033 1829 4046 -·
1782 3949 2069 4075 ”nv-odere]
2107 4004 2179 4060 de
2212 4005 2469 4060 muribus
2504 4009 2789 4074 sumptum
2818 4001 2887 4052 est

1760 4083 1819 4133 et
1854 4076 2165 4132 exilitatem
2202 4077 2475 4145 ciborum,
2512 4093 2653 4145 quos
2692 4075 2883 4151 dispen-

1760 4154 1975 4204 satores
2051 4147 2226 4203 servis
2294 4165 2399 4217 per
2472 4147 2725 4232 singulos
2788 4141 2885 4196 dieu

1760 4219 1997 4290 (diaria)
2044 4219 2439 4304 metiebantur,
2492 4237 2521 4272 s
2522 4217 2787 4290 igniflcat.
2830 4238 2881 4250 -

1760 4291 1853 4346 bos
1886 4291 2065 4362 piyer]
2102 4295 2340 4360 uterque
2375 4309 2413 4362 p
2522 4236 2680 4352 ignat,
2714 4293 2771 4344 et
2800 4285 2881 4338 bot

1760 4367 1821 4418 et
1856 4380 2047 4432 equus,
2082 4363 2384 4432 laudatque
2416 4381 2451 4418 a
2470 4362 2653 4418 terius
2687 4363 2879 4417 nortun,

1760 4451 1890 4490 cum
1948 4433 2300 4490 incommoda
2352 4436 2471 4490 eius
2527 4451 2644 4488 non
2690 4428 2878 4486 sentiat

1756 4506 1956 4576 Itaque
2020 4523 2145 4562 cum
2208 4505 2353 4561 bove
2412 4505 2559 4560 illud
2620 4503 2877 4577 epitheton

1760 4578 2053 4634 coniunxit
2106 4575 2373 4633 Horatius
2432 4577 2725 4633 vicinitate
2778 4566 2877 4629 1οά,
