3092 5059
1449 246 1528 310 13

285 431 564 499 fortasse
629 431 994 497 adversarii
1057 449 1390 497 renovare.
1478 429 1579 494 En
1644 428 1841 497 habes
1897 430 2323 496 constantiam
2374 428 2519 510 viri,
2578 427 2692 495 sed

280 541 614 625 sapientia
651 540 1109 625 temperatam!

477 650 726 715 Romae
769 649 1089 732 quomodo
1137 650 1443 717 Horatius
1496 649 1752 727 vixerit,
1798 649 1881 715 ab
1927 649 2223 715 omnibus
2273 648 2444 714 curis
2487 652 2551 713 et
2594 646 2683 711 of-

279 759 448 825 ficiis
491 758 662 825 liber
703 766 770 824 et
811 760 1082 840 alienus,
1128 758 1404 825 iucunde
1451 760 1595 842 ipse
1637 758 1985 843 descripsit
2026 757 2162 823 Sat.
2194 758 2246 839 I,
2278 758 2337 840 6,
2372 757 2492 821 110
2521 774 2691 839 sqq.;

283 868 399 935 sed
441 867 608 933 villa
651 874 926 951 accepta
969 868 1210 933 Romae
1255 888 1383 933 non
1439 888 1695 953 semper
1736 867 1989 949 mansit,
2034 864 2264 949 effugit
2306 865 2691 949 saepissime

285 978 632 1060 strepitum
695 983 760 1042 et
821 977 1163 1044 clamorem
1217 977 1433 1058 Urbis,
1505 979 1571 1043 in
1620 998 1699 1043 ea
1759 997 1831 1042 re
1884 996 2011 1041 non
2078 983 2381 1041 constans
2444 974 2563 1041 sed
2619 979 2688 1039 ut

280 1088 540 1152 animus
598 1085 912 1152 suadebat
955 1106 1156 1171 agens
1183 1087 1284 1166 ⁴⁵).
1373 1086 1639 1152 Solebat
1690 1086 1905 1161 etiam,
1970 1084 2323 1169 praecipue
2382 1102 2525 1148 cum
2588 1102 2689 1147 ur-

282 1202 477 1278 gente
537 1195 754 1261 calore
805 1196 962 1262 solis
1005 1195 1222 1261 febres
1275 1195 1520 1262 Urbem
1575 1196 1953 1261 invaderent
2008 1194 2407 1276 infirmisque
2452 1193 2693 1258 Romae

283 1324 548 1370 manere
613 1305 1048 1388 periculosum
1114 1312 1315 1388 esset,
1383 1304 1468 1369 ad
1533 1325 1713 1372 mare
1772 1304 2165 1371 descendere
2190 1304 2270 1383 ⁴⁸)
2323 1310 2389 1368 et
2438 1299 2692 1367 balneis

285 1414 402 1477 uti.
481 1412 672 1479 Unde
716 1414 945 1497 elucet,
989 1420 1234 1479 tantam
1275 1433 1420 1479 eum
1463 1434 1599 1481 rem
1644 1412 1969 1495 habuisse,
2012 1418 2255 1496 quanta
2298 1410 2384 1477 ad
2426 1410 2695 1477 honeste

285 1522 638 1589 vivendum
687 1523 1028 1605 sufficeret,
1090 1524 1388 1588 nimirum
1441 1521 1691 1589 homini
1745 1523 1969 1606 paucis
2024 1527 2343 1603 contento,
2388 1521 2694 1604 opiparas

284 1629 494 1715 dapes
538 1640 606 1697 et
647 1631 990 1716 magnifica
1030 1630 1330 1698 aedificia
1371 1633 1563 1698 unice
1606 1633 2038 1697 contemnenti
2061 1633 2156 1711 ⁴⁷).

491 1740 598 1805 Ad
659 1759 850 1822 quam
905 1741 1231 1807 excelsam
1284 1740 1366 1807 de
1429 1760 1641 1806 rerum
1694 1741 1983 1807 vanitate
2040 1741 2426 1807 sententiam
2484 1740 2694 1806 elatus

287 1857 386 1915 est
446 1848 756 1915 Horatius
810 1849 1264 1933 philosophiae
1323 1850 1557 1932 studi0‚
1610 1850 1677 1915 in
1722 1872 1915 1933 quam
1963 1852 2055 1915 ita
2097 1850 2409 1932 incubuit,
2452 1856 2525 1915 ut
2566 1870 2693 1914 non

287 1960 402 2024 uni
459 1959 730 2026 alterive
789 1958 1182 2043 disciplinae
1241 1980 1310 2025 se
1363 1959 1715 2037 addiceret,
1771 1960 1887 2027 sed
1930 1960 2228 2027 omnibus
2273 1958 2545 2025 eandem
2589 1978 2693 2025 cu-

287 2090 429 2134 ram
484 2075 751 2135 navaret
795 2089 878 2135 ex
918 2069 1346 2153 omnibusque
1405 2088 1573 2151 quae
1638 2070 1987 2135 utilissima
2047 2068 2420 2135 viderentur
2480 2075 2543 2134 et
2593 2088 2696 2133 re-

286 2180 589 2245 ctissima
641 2180 711 2243 in
757 2179 931 2244 vitae
983 2198 1171 2244 usum
1229 2186 1645 2245 converteret.
1733 2178 1961 2245 Merito
2016 2198 2159 2244 eam
2213 2178 2525 2262 optimam
2581 2178 2693 2243 ha-

288 2288 438 2354 buit
488 2286 986 2371 philosophiam,
1043 2308 1210 2371 quae
1263 2287 1349 2353 ad
1403 2288 1567 2354 bene
1621 2294 1686 2353 et
1736 2288 2067 2371 sapienter
2109 2287 2455 2353 vivendum
2496 2287 2695 2372 pluri-

287 2417 468 2463 mum
521 2396 856 2480 conferret,
910 2416 1169 2480 quaque
1227 2396 1519 2464 homines
1579 2398 1891 2463 facillime
1943 2397 2028 2461 ad
2084 2416 2400 2463 summum
2459 2396 2697 2463 bonum

287 2504 813 2585 perducerentur.
901 2502 1091 2583 Quod
1135 2504 1397 2587 quidem
1441 2505 1711 2570 Horatio
1757 2503 1968 2569 visum
2008 2512 2108 2570 est
2151 2506 2327 2569 cerni
2381 2505 2449 2571 in
2493 2504 2697 2570 animi

287 2615 696 2681 continentia
756 2622 822 2680 et
873 2614 1368 2697 tranquillitate3
1435 2634 1567 2697 qua
1630 2614 1924 2696 efficitur,
1983 2621 2053 2680 ut
2111 2635 2323 2699 neque
2393 2616 2697 2681 inanibus

288 2725 468 2790 curis
533 2731 646 2789 aut
719 2722 1170 2789 formidinibus
1236 2729 1591 2789 terreamur
1656 2742 1865 2806 neque
1928 2724 2212 2790 externis
2276 2723 2461 2791 bonis
2527 2725 2696 2789 iusto

290 2818 504 2899 maius
561 2831 918 2899 tribuamus
973 2834 1266 2915 pretium,
1323 2830 1409 2897 ad
1449 2851 1674 2898 omnes
1718 2851 1907 2899 casus
1950 2852 2153 2915 aeque
2184 2832 2417 2917 parati.
2506 2832 2696 2899 Prae-

289 2944 472 3008 clare
525 2940 606 3007 de
670 2940 793 3007 hac
858 2962 926 3007 re
985 2941 1422 3025 disputantem
1476 2943 1775 3010 invenies
1828 2942 1895 3007 in
1956 2943 2162 3027 Epist.
2206 2942 2265 3024 1,
2308 2944 2349 3006 6
2380 2943 2480 3023 ⁴⁸).
2580 2940 2697 3007 Ca-

289 3048 575 3117 vendum
647 3070 790 3117 esse
858 3050 1076 3133 docet,
1142 3071 1224 3117 ne
1293 3050 1543 3117 animus
1611 3052 2201 3134 perturbationibus
2269 3050 2695 3131 distrahatur3

292 3159 400 3226 his
467 3160 722 3243 culpam
783 3160 1082 3226 comitem
1147 3180 1320 3240 esse3
1385 3160 1487 3226 his
1552 3160 1731 3243 abigi
1787 3161 1985 3226 otium
2042 3180 2207 3243 „non
2267 3161 2536 3243 gemmis
2589 3180 2700 3225 ne-

293 3288 424 3351 que
476 3286 764 3351 purpura
816 3270 1047 3334 venale
1101 3289 1219 3335 nec
1276 3268 1472 3335 auro“
1504 3271 1606 3349 ⁴⁹).
1696 3268 2109 3335 Communem
2170 3288 2314 3336 esse
2362 3269 2535 3334 omni
2588 3288 2697 3352 ge·

296 3379 440 3444 neri
500 3376 777 3443 humano
831 3384 1131 3461 mortem3
1189 3398 1386 3461 quare
1441 3380 1656 3445 insani
1714 3397 1857 3445 esse
1906 3378 2193 3461 undique
2245 3377 2579 3444 corradere
2635 3384 2701 3444 et

294 3505 686 3553 coacervare
739 3505 905 3569 quac
959 3493 1106 3571 post
1158 3494 1427 3553 mortem
1487 3486 1833 3555 heredibus
1904 3507 2101 3572 saepe
2166 3488 2439 3571 ingratis
2506 3486 2698 3551 relin-

293 3602 578 3681 quantur
603 3596 703 3675 ⁸⁰),
761 3596 1079 3679 sapientis
1141 3596 1224 3661 iis
1279 3597 1605 3681 sapienter
1647 3599 1742 3662 uti
1790 3617 1957 3680 quae
2000 3604 2231 3682 parata
2292 3598 2440 3663 sint.
2535 3594 2699 3661 Deo-

291 3726 440 3771 rum
505 3704 862 3788 potentiam
931 3724 1075 3772 esse
1139 3705 1504 3783 colendam3
1578 3728 1619 3773 a
1682 3706 1811 3772 diis
1884 3726 2072 3773 omne
2145 3705 2491 3791 petendum
2557 3724 2700 3771 esse

363 3874 460 3939 45)
497 3872 654 3943 Lege
689 3871 932 3943 lepidam
969 3872 1039 3927 de
1082 3874 1188 3929 hac
1225 3892 1286 3929 re
1320 3892 1450 3929 nar·
1550 3876 1665 3930 tius
1720 3875 1953 3930 senserit
2009 3875 2419 3945 credideritque
2468 3876 2537 3929 de
2593 3876 2701 3930 diis

289 3945 578 4000 rationem
598 3944 713 3999 Sat.
735 3944 807 4012 ΙΙ,
827 3946 878 4013 7,
896 3946 965 3998 28
985 3963 1103 4014 sqq.
1132 3946 1313 4015 Epist.
1332 3947 1378 4013 1,
1398 3949 1446 4000 8.
1552 3946 1731 4015 deque
1773 3947 1938 4003 rebus
1966 3948 2343 4017 philosophis,-
2370 3964 2587 4016 quaque
2612 3965 2698 4001 ra-

291 4017 482 4087 Epist.
522 4016 568 4083 1,
609 4019 693 4083 10,
730 4020 764 4070 6
787 4034 905 4084 sqq.
1553 4020 1704 4073 tione
1740 4034 1866 4072 cum
1910 4019 2175 4073 Lucretio
2224 4018 2397 4073 fuerit
2442 4020 2699 4074 coniunc-

365 4088 462 4157 46)
499 4086 686 4156 Epist.
718 4088 762 4151 1,
802 4090 854 4153 7,
895 4090 975 4140 11.
1016 4086 1058 4143 Ι.
1103 4086 1182 4156 15,
1227 4092 1307 4143 18.
1552 4099 1659 4149 tus.
1704 4090 1773 4144 de
1820 4108 1887 4145 ea
1930 4108 1991 4145 re
2037 4092 2159 4161 lege
2206 4092 2465 4145 eximiam
2514 4091 2699 4159 dispu-

367 4160 461 4226 47)
503 4158 685 4213 Garm.
724 4158 770 4225 1,
809 4160 893 4213 38.
959 4157 1056 4224 ΙΙΙ,
1100 4160 1181 4228 16,
1223 4162 1450 4215 17—44.
1552 4162 1823 4216 tationem
1872 4162 2186 4217 Reisackeri
2225 4162 2443 4231 „Horaz
2491 4163 2549 4216 in
2599 4164 2700 4217 sei-

292 4229 368 4298 11,
411 4232 496 4285 15.
557 4230 604 4299 Ι,
641 4232 730 4291 31,
774 4232 836 4283 15
870 4247 990 4298 sqq.
1063 4228 1244 4300 Epist.
1284 4233 1328 4300 1,
1369 4235 1451 4297 10,
1554 4251 1680 4287 nem
1728 4233 2051 4287 Verhiiltnis
2106 4251 2173 4287 zu
2218 4233 2430 4288 Lucrez
2476 4234 2593 4287 und
2643 4235 2701 4287 in

289 4304 366 4357 39
384 4320 508 4371 sqq.
550 4300 594 4369 1,
637 4300 718 4367 12,
757 4303 790 4355 5
809 4319 928 4371 sqq.
970 4302 1013 4370 Ι,
1041 4301 1124 4369 18,
1154 4305 1450 4359 104-112.
1556 4304 1736 4359 seiner
1788 4304 2447 4375 culturgeschichtlichen
2488 4305 2699 4361 Beden-

290 4374 410 4428 Set.
451 4372 498 4436 1,
542 4374 590 4440 1,
628 4374 701 4425 44
723 4390 844 4442 sqq.
1556 4376 1749 4447 tung“.
1788 4376 2111 4431 wratislav.
2153 4378 2288 4431 1873
2336 4376 2700 4448 (progr-amm.

366 4446 460 4511 48)
497 4443 580 4498 Cf.
613 4442 872 4513 Epist.31,
906 4447 990 4512 11,
1028 4446 1096 4497 22
1110 4463 1230 4515 sqq.
1271 4446 1451 4500 Carm.
1556 4465 1743 4518 gymn.
1780 4447 1852 4502 ad
1890 4447 1968 4502 St.
2006 4448 2246 4511 Matth.).

289 4516 368 4584 11,
405 4518 458 4570 3.
495 4514 570 4585 11,
613 4517 697 4570 10.
1630 4520 1719 4588 50)
1758 4519 1935 4574 Carm.
1974 4519 2047 4588 11,
2084 4521 2137 4588 3,
2178 4521 2260 4573 17.
2297 4518 2370 4587 11,
2411 4520 2496 4587 14,
2534 4520 2621 4574 2⁴1.

366 4588 462 4656 49)
503 4586 688 4642 Carm-
729 4584 805 4655 II,
846 4586 928 4657 16,
968 4590 1016 4640 7.
1089 4587 1236 4657 Quid
1276 4588 1451 4643 Hora-
