3092 5059
500 227 627 294 540

1374 225 1988 294 EPISTULARUM

1336 447 1794 532 Emswm
1857 445 2039 530 XII.

598 613 1005 689 Fructibus
1060 614 1460 714 Agrippae
1514 613 1812 708 Siculis,
1871 639 2063 714 quos
2107 612 2433 710 colligis,
2488 609 2670 704 Ioci,

604 738 688 814 Si
737 753 947 815 recte
998 742 1301 832 frueris,
1355 765 1509 814 non
1565 753 1679 816 est
1729 755 1814 815 ut
1858 741 2082 840 copia
2124 739 2374 814 maior

601 864 729 940 Ab
783 864 971 940 Iove
1031 865 1301 940 donari
1344 865 1589 965 possit
1639 865 1804 940 tibi.
1897 863 2116 940 Tolle
2171 861 2556 962 querelas:

602 991 906 1088 Pauper
959 991 1163 1068 enim
1216 1016 1371 1064 non
1426 1002 1560 1086 est,
1621 989 1744 1064 cui
1793 1015 2052 1066 rerum
2107 987 2446 1087 suppetit
2495 1011 2698 1060 usus.

542 1151 568 1191 ιε
606 1115 688 1191 Si
741 1117 991 1191 ventri
1035 1114 1253 1212 bene,
1308 1116 1369 1192 si
1424 1115 1651 1191 lateri
1702 1128 1816 1192 est
1865 1113 2350 1215 pedibusque
2400 1111 2572 1207 tuis,
2621 1109 2732 1186 nil

600 1240 927 1316 Divitiae
978 1253 1341 1340 poterunt
1390 1223 1690 1338 regales
1744 1239 2032 1315 addere
2085 1238 2355 1314 maius.

602 1364 684 1441 Si
737 1367 941 1442 forte
994 1368 1071 1442 in
1128 1366 1384 1442 medio
1438 1367 1864 1466 positorum
1918 1365 2333 1440 abstemius
2387 1363 2652 1439 herbis

598 1490 812 1565 Vivis
867 1504 941 1565 et
991 1493 1259 1584 urtica,
1312 1491 1419 1566 sic
1468 1491 1677 1566 vives
1732 1490 2104 1589 protinus,
2160 1503 2244 1564 ut
2294 1503 2368 1564 te

603 1615 1031 1694 Confestim
1084 1615 1424 1716 liquidus
1479 1615 1835 1689 fortunae
1888 1614 2095 1687 rivus
2148 1615 2468 1706 inauret,

517 1776 566 1812 ιο
603 1742 752 1816 Vel
808 1744 991 1841 quia
1044 1756 1393 1816 naturam
1440 1753 1739 1816 mutare
1791 1741 2121 1840 pecunia
2169 1740 2434 1836 nescit,

830 2039 1159 2109 Epistula
1194 2039 1317 2094 XII.

572 2154 767 2222 Iccius,
804 2153 875 2208 de
911 2171 1022 2223 quo
1054 2154 1183 2209 vide
1208 2155 1279 2208 ad
1300 2153 1543 2212 Carm.1‚
1563 2155 1650 2220 29,

501 2228 619 2282 sive
654 2243 787 2280 vere
824 2243 949 2280 cum
986 2226 1148 2281 Aelio
1172 2226 1333 2280 Gallo
1370 2225 1652 2279 infelicem

497 2298 653 2352 illam
681 2298 741 2350 in
762 2296 1033 2352 Arabiam
1068 2296 1481 2367 expeditionem
1516 2297 1654 2351 fecit

498 2370 615 2424 sive
648 2373 870 2424 mutato
908 2371 1141 2424 consilio
1178 2369 1390 2424 Romae
1426 2369 1651 2430 mansit,

602 2446 629 2495 t
676 2459 723 2494 a.
762 2443 869 2498 ⁷30
914 2446 1248 2510 procurator
1293 2440 1650 2511 praediorum

499 2458 817 2568 {igulorum
844 2512 921 2566 Μ.
946 2513 1235 2583 Agrippae
1259 2512 1440 2566 factus
1472 2511 1650 2566 Hora-

500 2585 581 2638 tio
640 2584 817 2638 amico
862 2585 997 2638 olim
1053 2585 1261 2638 litteris
1319 2590 1652 2654 conquestus

500 2673 618 2710 esse
664 2656 887 2710 videtur
932 2655 1002 2710 de
1045 2656 1233 2710 nimiis
1280 2655 1539 2726 negotiis,
1583 2655 1652 2710 de

500 2728 727 2797 ingrata
751 2727 1030 2781 rationum
1062 2745 1127 2782 ac
1148 2727 1472 2782 tabularum
1500 2744 1651 2791 cura,

502 2799 682 2866 deque
706 2798 897 2867 inopia
924 2816 1041 2867 sua,
1080 2817 1189 2868 qua
1226 2799 1422 2853 alienis
1448 2799 1650 2852 labori·

501 2870 607 2923 bus
662 2874 729 2923 ut
784 2875 967 2924 totum
1022 2889 1079 2924 se
1139 2871 1368 2925 dederet
1429 2876 1652 2925 coactus

502 2941 647 2994 nihil
683 2959 857 3011 prope
894 2943 997 2995 otii
1034 2949 1283 2997 servaret
1312 2943 1382 2996 ad
1421 2942 1654 2996 colenda

504 3029 571 3066 ea
608 3013 811 3079 studia,
852 3014 1053 3082 quibus
1084 3015 1325 3068 maxime
1351 3014 1653 3068 delectare-

502 3088 625 3136 tur:
679 3083 956 3139 feliciores
1008 3103 1123 3140 esse
1170 3087 1267 3154 qui
1324 3087 1436 3140 suis
1492 3085 1653 3139 bonis

504 3155 659 3209 beati
690 3172 845 3209 suam
884 3173 1106 3226 quoque
1142 3158 1493 3213 voluntatem
1530 3173 1652 3210 sua-

506 3244 615 3294 que
660 3227 892 3281 consilia
929 3229 1085 3297 sequi
1129 3233 1369 3297 possent.
1450 3228 1654 3282 Dehis

503 3298 671 3351 rebus
726 3299 965 3354 amicum
1021 3301 1341 3355 consolatur
1384 3299 1654 3354 Horatius

506 3369 668 3438 eique
717 3369 1041 3440 Pompeium
1091 3371 1408 3440 Grosphum
1448 3372 1654 3440 (Carni.

505 3441 576 3508 ll,
618 3440 726 3512 16),
765 3459 926 3510 quem
966 3442 1166 3498 officiis
1202 3442 1307 3497 sibi
1356 3444 1656 3498 conciliare

505 3512 745 3578 studeat,
779 3515 1144 3569 commendat.
1217 3514 1478 3583 Epistula
1523 3515 1653 3568 scri-

411 3661 421 3674 ·
506 3588 606 3654 pta
641 3585 869 3639 videtur
906 3604 954 3640 a.
994 3587 1116 3640 785.

577 3655 641 3708 V.
694 3661 741 3710 1.
799 3655 1097 3726 fructibus]
1150 3657 1365 3727 Fruges
1425 3657 1656 3725 proprie

505 3727 771 3781 dicuntur
828 3727 1175 3782 frumentum
1237 3734 1294 3782 et
1348 3728 1655 3798 legumina3

506 3797 725 3852 fmctus
761 3801 935 3853 totius
971 3800 1191 3871 generis
1229 3805 1312 3854 est
1336 3799 1657 3869 appellati0,

506 3869 637 3922 inde
682 3871 897 3924 reditus
982 3872 1304 3925 raediorum
1354 3876 1410 3925 et
1448 3888 1658 3939 posses·

505 3941 725 3995 sionum
788 3943 835 3995 si
914 3943 933 3996 i
976 3948 1085 3997 cat.
1156 3943 1281 3996 Liv.
1340 3943 1510 4009 XLV,
1572 3947 1658 3996 40.

508 4012 660 4070 xxl.
703 4015 753 4066 7.
879 4015 981 4067 icit
1026 4015 1203 4082 igitur
1248 4013 1532 4077 Horatius,
1589 4033 1656 4069 ex

508 4083 787 4138 fructibus
850 4087 1141 4155 Agrippae
1202 4091 1423 4139 tantum
1486 4086 1653 4140 etiam

509 4155 655 4208 Iccio
699 4155 1013 4211 redundare
1068 4156 1332 4218 fructum.
1386 4163 1656 4226 quantum

509 4243 639 4278 usus
692 4228 965 4295 postulet;
1024 4227 1189 4298 plura
1245 4235 1431 4282 autem
1489 4247 1654 4298 quam

510 4313 655 4362 quae
702 4298 816 4351 sint
858 4298 1170 4353 necessaria
1204 4317 1275 4352 ne
1311 4299 1499 4354 Iovem
1537 4302 1656 4369 qui-

511 4367 639 4420 dem
663 4367 981 4424 hominibus
1007 4370 1141 4424 dare
1167 4387 1344 4438 posse.
1384 4371 1453 4424 cf.
1476 4372 1657 4440 Epist.

512 4437 585 4500 11,
606 4439 657 4502 2,
683 4439 785 4492 160
804 4457 921 4508 sqq.
960 4441 1113 4495 Haec
1142 4442 1291 4494 ratio
1322 4442 1521 4508 quibus
1559 4444 1660 4497 mi·

514 4523 619 4558 nus
654 4508 944 4576 placuerit,
986 4511 1219 4564 credant
1262 4511 1412 4579 licet,
1454 4515 1660 4584 Agrip·

514 4593 647 4643 pam
688 4582 856 4645 atque
891 4580 1097 4636 Iccium
1138 4581 1245 4636 hoc
1284 4583 1433 4636 inter
1468 4601 1525 4638 se
1563 4601 1659 4654 pa·

1747 2014 1868 2065 ctos
1905 2027 2041 2079 esse,
2087 2015 2154 2064 ut
2199 2009 2457 2067 dominus
2505 2013 2726 2064 certum
2759 2008 2882 2064 redi·

1746 2087 1908 2136 tuum
1943 2082 2173 2136 modum
2208 2081 2318 2135 sibi
2355 2087 2619 2140 sumeret.
2655 2099 2793 2150 quae
2813 2097 2880 2134 re-

1747 2154 1902 2222 liqua
1939 2159 2123 2208 essent
2153 2153 2510 2222 procuratori
2539 2153 2880 2222 relinqueret

1747 2225 1900 2279 Nihil
1953 2226 2102 2280 enim
2147 2225 2207 2277 in
2251 2223 2360 2278 hac
2396 2242 2460 2279 re
2503 2230 2740 2286 certum.
2794 2224 2880 2276 nisi

1747 2297 1953 2351 Iccium
1990 2297 2050 2350 in
2077 2295 2271 2351 Sicilia
2307 2295 2586 2365 habuisse,
2627 2296 2773 2350 unde
2803 2295 2881 2348 ho-

1747 2373 1903 2422 neste
1954 2369 2187 2424 viveret.
2262 2367 2564 2422 Horkeliu·
2617 2387 2689 2422 ex
2727 2367 2881 2422 conie-

1749 2445 1908 2496 ctura
1933 2439 2289 2494 scribendum
2313 2440 2541 2508 putavit
2564 2457 2674 2510 pro
2701 2439 2882 2508 Agrip-

1745 2529 1879 2581 pae:
1937 2511 2195 2574 Aer-alae,
2250 2511 2400 2580 quod
2443 2529 2651 2565 nomen
2691 2518 2774 2566 est
2803 2527 2882 2577 op·

1788 2583 1926 2637 iduli
1981 2600 2093 2637 non
2150 2584 2317 2653 longe
2367 2600 2400 2637 a
2447 2582 2736 2651 Syracusis
2788 2581 2880 2634 siti.

1747 2601 1856 2709 §ed
1894 2656 2067 2709 sensit
2115 2656 2248 2724 ipse,
2294 2655 2488 2723 oppidi
2539 2657 2755 2709 nomini
2790 2669 2882 2706 non

1747 2727 1888 2780 bene
1945 2726 2206 2781 accedere
2265 2731 2454 2780 terrae
2510 2727 2755 2796 (Siculis)
2805 2741 2880 2777 no·

1747 2815 1903 2866 men3
1948 2815 2076 2853 nam
2113 2798 2412 2852 Horatium
2453 2799 2542 2852 vel
2583 2797 2882 2868 aequalium

1749 2869 1838 2924 vel
1873 2875 2226 2938 posterorum
2263 2869 2527 2924 inscitiae
2558 2886 2752 2924 rerum
2775 2883 2884 2938 geo-

1748 2941 2146 3012 graphicarum
2169 2941 2498 3012 prospicere
2517 2941 2776 3007 voluisse,

1749 3029 1884 3067 vero
1933 3031 2046 3066 non
2094 3013 2333 3068 credam.
2398 3043 2462 3052 —·
2525 3019 2606 3067 est
2651 3013 2736 3082 ut]
2779 3011 2828 3064 vi
2861 3027 2884 3062 e

1751 3085 1821 3138 ad
1873 3084 2055 3139 Carm.
2103 3085 2207 3150 ΙΙΙ,
2251 3089 2299 3155 1,
2333 3085 2385 3137 9.
2451 3115 2518 3124 -
2577 3085 2782 3153 venta-2]
2827 3079 2884 3135 cf.

1751 3155 1935 3210 Solon.
1984 3174 2075 3225 ap.
2112 3155 2260 3210 Plut.
2319 3155 2430 3209 Sol.
2467 3159 2528 3210 2:
2587 3147 2774 3224 »Ἶσόν
2819 3172 2882 3204 roe

1751 3229 2095 3296 πλουτοῦσιν,
2130 3225 2237 3296 ὅτῳ
2281 3223 2452 3285 πολὺς
2485 3223 2727 3299 ἄργυρός
2760 3228 2886 3280 ἐστιν

1752 3303 1862 3352 Καὶ
1887 3299 2114 3390 ι’χρυσὸς
2158 3304 2248 3352 καὶ
2295 3300 2396 3368 γῆς
2443 3297 2788 3382 πυροφόρουέ
2803 3313 2876 3378 ne:

1751 3372 1861 3438 eta,
1905 3377 2076 3425 Ιπποι
2130 3371 2187 3422 θ’
2235 3369 2466 3442 ἡμίονοί
2505 3389 2581 3440 τε,
2621 3377 2716 3423 καὶ
2749 3390 2789 3439 ῳ
2831 3385 2882 3420 τα

1753 3447 1949 3496 δέοντα
1991 3437 2252 3512 πάρεστιν
2285 3447 2498 3511 Γασνρί
2531 3461 2586 3496 τε
2625 3447 2717 3496 καὶ
2751 3443 2882 3494 πλευ-

1751 3521 1870 3583 ραῖς
1905 3519 1991 3568 καὶ
2031 3519 2200 3568 ποσὶν
2234 3511 2378 3583 ἁβρὰ
2415 3515 2680 3567 παθεῖν.“
2717 3543 2778 3552 -
2809 3527 2882 3580 pe·

1751 3586 1933 3658 dibus]
1972 3588 2225 3657 podagra
2247 3604 2361 3640 non
2397 3586 2804 3640 laborantibus.
2829 3609 2880 3621 -

1751 3657 1811 3711 in
1847 3657 2017 3714 medio
2049 3659 2376 3727 positorum]
2409 3656 2521 3712 Sat.
2544 3657 2588 3726 1,
2608 3658 2662 3719 2,
2683 3657 2798 3712 108.
2829 3653 2882 3707 In

1751 3730 1934 3784 medio
1983 3730 2168 3800 posita
2214 3735 2346 3784 sunt
2383 3730 2572 3782 omnia
2619 3745 2762 3798 quae
2803 3743 2880 3796 pa·

1752 3805 1878 3854 rata
1915 3802 2099 3856 iacent
2138 3802 2206 3855 ad
2243 3818 2420 3854 usum.
2460 3800 2616 3868 Quae
2643 3817 2766 3855 cum
2789 3799 2834 3851 h.
2849 3797 2879 3847 1.

1752 3877 1949 3926 contra
1988 3873 2188 3927 herbas
2226 3879 2283 3926 et
2309 3871 2571 3940 urticam,
2595 3873 2736 3925 vilia
2757 3869 2878 3924 cibo-

1753 3961 1906 4068 2333.
1929 3943 2578 4086 gssffisscaffhssffiffi’
2617 3942 2879 4086 1ξὲξέ

2283 4057 2298 4082 1

1751 4087 2106 4156 procuratori
2143 4087 2376 4142 cottidie
2410 4087 2560 4140 vesci
2601 4086 2770 4141 licuit.
2806 4079 2876 4135 Ad

1749 4157 1960 4211 Iccium
1988 4159 2135 4214 enim
2172 4158 2594 4213 accommodata
2629 4154 2878 4211 sententia

1751 4234 1851 4296 est,
1898 4230 2122 4283 etiamsi
2171 4247 2342 4284 unum
2393 4230 2544 4283 hunc
2580 4247 2692 4282 non
2728 4225 2877 4294 magis

1749 4301 1938 4371 tangit
1974 4318 2140 4370 quam
2167 4301 2322 4354 mille
2346 4302 2504 4355 alios.
2534 4331 2596 4340 —
2627 4306 2678 4354 et
2699 4293 2874 4362 urtica]

1752 4371 1822 4425 de
1857 4377 2004 4441 part.
2042 4377 2094 4426 et
2127 4371 2256 4427 vide
2296 4373 2365 4426 ad
2388 4371 2630 4430 Carm.I.
2651 4373 2699 4437 3,
2725 4370 2798 4422 19.
2825 4393 2872 4404 --

1747 4443 2022 4514 protinus]
2069 4461 2242 4514 perge
2292 4443 2372 4498 sic
2418 4444 2612 4498 vivere
2656 4443 2714 4495 in
2751 4440 2872 4494 futu·

1753 4531 1874 4567 rum
1913 4520 2154 4585 tempus.
2179 4543 2252 4554 —
2285 4521 2348 4568 ut
2383 4515 2456 4586 tc]
2496 4513 2734 4580 etiamsi,
2767 4510 2872 4564 lieet

1753 4590 1826 4640 te.
1869 4585 2048 4655 Epod.
2080 4589 2129 4654 1,
2149 4587 2238 4639 21.
2267 4615 2332 4628 -—
2373 4591 2636 4641 naturam
2669 4577 2870 4646 amre]
