<?xml version="1.0" encoding="UTF-8"?>
<!DOCTYPE html PUBLIC "-//W3C//DTD XHTML 1.0 Transitional//EN"
    "http://www.w3.org/TR/xhtml1/DTD/xhtml1-transitional.dtd">
<html xmlns="http://www.w3.org/1999/xhtml" xml:lang="en" lang="en">
 <head>
  <title>
</title>
<meta http-equiv="Content-Type" content="text/html;charset=utf-8" />
  <meta name='ocr-system' content='tesseract 3.04.00' />
  <meta name='ocr-capabilities' content='ocr_page ocr_carea ocr_par ocr_line ocrx_word'/>
</head>
<body>
  <div class='ocr_page' id='page_1' title='image "./qhoratiiflaccio05unkngoog/qhoratiiflaccio05unkngoog_0371.png"; bbox 0 0 3092 5059; ppageno 0'>
   <div class='ocr_carea' id='block_1_1' title="bbox 703 901 2273 1179">
    <p class='ocr_par' dir='ltr' id='par_1_1' title="bbox 703 901 2273 1179">
     <span class='ocr_line' id='line_1_1' title="bbox 996 901 2027 1009; baseline -0.002 -19"><span class='ocrx_word' id='word_1_1' title='bbox 996 904 1082 1009; x_wconf 78' lang='lat' dir='ltr'><strong>Q.</strong></span> <span class='ocrx_word' id='word_1_2' title='bbox 1141 902 1585 996; x_wconf 75' lang='lat' dir='ltr'><strong>HoRATn</strong></span> <span class='ocrx_word' id='word_1_3' title='bbox 1646 901 2027 988; x_wconf 80' lang='lat' dir='ltr'><strong>FLAOGI</strong></span> 
     </span>
     <span class='ocr_line' id='line_1_2' title="bbox 703 1065 2273 1179; baseline -0.001 0"><span class='ocrx_word' id='word_1_4' title='bbox 703 1068 834 1179; x_wconf 84' lang='lat' dir='ltr'><strong>-S</strong></span> <span class='ocrx_word' id='word_1_5' title='bbox 908 1068 1021 1176; x_wconf 83' lang='lat' dir='ltr'>A</span> <span class='ocrx_word' id='word_1_6' title='bbox 1095 1065 1190 1175; x_wconf 89' lang='lat' dir='ltr'>T</span> <span class='ocrx_word' id='word_1_7' title='bbox 1265 1067 1330 1174; x_wconf 95' lang='lat' dir='ltr'>I</span> <span class='ocrx_word' id='word_1_8' title='bbox 1399 1065 1512 1174; x_wconf 87' lang='lat' dir='ltr'><strong>R</strong></span> <span class='ocrx_word' id='word_1_9' title='bbox 1584 1066 1697 1174; x_wconf 85' lang='lat' dir='ltr'>A</span> <span class='ocrx_word' id='word_1_10' title='bbox 1764 1067 1877 1176; x_wconf 83' lang='lat' dir='ltr'><strong>R</strong></span> <span class='ocrx_word' id='word_1_11' title='bbox 1951 1067 2062 1176; x_wconf 88' lang='lat' dir='ltr'>U</span> <span class='ocrx_word' id='word_1_12' title='bbox 2137 1068 2273 1178; x_wconf 90' lang='lat' dir='ltr'>M</span> 
     </span>
    </p>
   </div>
   <div class='ocr_carea' id='block_1_2' title="bbox 1182 1259 1845 1328">
    <p class='ocr_par' dir='ltr' id='par_1_2' title="bbox 1182 1259 1845 1328">
     <span class='ocr_line' id='line_1_3' title="bbox 1182 1259 1845 1328; baseline 0.002 -3"><span class='ocrx_word' id='word_1_13' title='bbox 1182 1259 1442 1326; x_wconf 87' lang='lat' dir='ltr'><strong>LIBER</strong></span> <span class='ocrx_word' id='word_1_14' title='bbox 1482 1259 1845 1328; x_wconf 81' lang='lat' dir='ltr'><strong>PRIMUS.·</strong></span> 
     </span>
    </p>
   </div>
   <div class='ocr_carea' id='block_1_3' title="bbox 1286 1568 1743 1660">
    <p class='ocr_par' dir='ltr' id='par_1_3' title="bbox 1286 1568 1743 1660">
     <span class='ocr_line' id='line_1_4' title="bbox 1286 1568 1743 1660; baseline -0.009 -1"><span class='ocrx_word' id='word_1_15' title='bbox 1286 1568 1618 1660; x_wconf 77' lang='lat' dir='ltr'>SATIRA</span> <span class='ocrx_word' id='word_1_16' title='bbox 1682 1571 1743 1655; x_wconf 92' lang='lat' dir='ltr'><strong>I.</strong></span> 
     </span>
    </p>
   </div>
   <div class='ocr_carea' id='block_1_4' title="bbox 404 1737 2455 1960">
    <p class='ocr_par' dir='ltr' id='par_1_4' title="bbox 404 1737 2455 1960">
     <span class='ocr_line' id='line_1_5' title="bbox 407 1737 2455 1838; baseline 0.001 -24"><span class='ocrx_word' id='word_1_17' title='bbox 407 1740 562 1833; x_wconf 86' lang='lat' dir='ltr'><strong>Qui</strong></span> <span class='ocrx_word' id='word_1_18' title='bbox 610 1739 718 1838; x_wconf 88' lang='lat' dir='ltr'><strong>fit,</strong></span> <span class='ocrx_word' id='word_1_19' title='bbox 771 1738 1200 1834; x_wconf 77' lang='lat' dir='ltr'>Maecenas,</span> <span class='ocrx_word' id='word_1_20' title='bbox 1253 1750 1338 1813; x_wconf 89' lang='lat' dir='ltr'><strong>ut</strong></span> <span class='ocrx_word' id='word_1_21' title='bbox 1385 1763 1639 1834; x_wconf 91' lang='lat' dir='ltr'><strong>nem0,</strong></span> <span class='ocrx_word' id='word_1_22' title='bbox 1692 1762 1921 1837; x_wconf 84' lang='lat' dir='ltr'><strong>quam</strong></span> <span class='ocrx_word' id='word_1_23' title='bbox 1972 1737 2121 1815; x_wconf 92' lang='lat' dir='ltr'><strong>sibi</strong></span> <span class='ocrx_word' id='word_1_24' title='bbox 2172 1753 2455 1817; x_wconf 81' lang='lat' dir='ltr'><strong>sortem</strong></span> 
     </span>
     <span class='ocr_line' id='line_1_6' title="bbox 404 1863 2192 1960; baseline -0.002 -16"><span class='ocrx_word' id='word_1_25' title='bbox 404 1865 556 1944; x_wconf 82' lang='lat' dir='ltr'><strong>Seu</strong></span> <span class='ocrx_word' id='word_1_26' title='bbox 605 1864 802 1941; x_wconf 87' lang='lat' dir='ltr'><strong>ratio</strong></span> <span class='ocrx_word' id='word_1_27' title='bbox 858 1863 1159 1942; x_wconf 79' lang='lat' dir='ltr'><strong>dederit</strong></span> <span class='ocrx_word' id='word_1_28' title='bbox 1208 1889 1343 1941; x_wconf 92' lang='lat' dir='ltr'><strong>seu</strong></span> <span class='ocrx_word' id='word_1_29' title='bbox 1392 1864 1555 1940; x_wconf 84' lang='lat' dir='ltr'><strong>fors</strong></span> <span class='ocrx_word' id='word_1_30' title='bbox 1608 1863 1999 1960; x_wconf 85' lang='lat' dir='ltr'><strong>obiecerit,</strong></span> <span class='ocrx_word' id='word_1_31' title='bbox 2054 1863 2192 1940; x_wconf 86' lang='lat' dir='ltr'><strong>illa</strong></span> 
     </span>
    </p>
   </div>
   <div class='ocr_carea' id='block_1_5' title="bbox 305 2123 1454 2266">
    <p class='ocr_par' dir='ltr' id='par_1_5' title="bbox 305 2123 1454 2266">
     <span class='ocr_line' id='line_1_7' title="bbox 305 2123 1454 2208; baseline -0.003 -28"><span class='ocrx_word' id='word_1_32' title='bbox 305 2125 400 2180; x_wconf 91' lang='lat' dir='ltr'><strong>De</strong></span> <span class='ocrx_word' id='word_1_33' title='bbox 435 2123 823 2180; x_wconf 71' lang='lat' dir='ltr'><strong>Satirarum</strong></span> <span class='ocrx_word' id='word_1_34' title='bbox 857 2123 1130 2208; x_wconf 87' lang='lat' dir='ltr'><strong>origine</strong></span> <span class='ocrx_word' id='word_1_35' title='bbox 1177 2123 1454 2206; x_wconf 41' lang='lat' dir='ltr'><strong>scri-pto·</strong></span> 
     </span>
     <span class='ocr_line' id='line_1_8' title="bbox 365 2193 1380 2266; baseline -0.004 -14"><span class='ocrx_word' id='word_1_36' title='bbox 365 2196 702 2266; x_wconf 88' lang='lat' dir='ltr'><strong>ribusque</strong></span> <span class='ocrx_word' id='word_1_37' title='bbox 735 2195 973 2252; x_wconf 83' lang='lat' dir='ltr'><strong>brevis</strong></span> <span class='ocrx_word' id='word_1_38' title='bbox 1015 2193 1380 2265; x_wconf 75' lang='lat' dir='ltr'><strong>expositio,</strong></span> 
     </span>
    </p>
   </div>
   <div class='ocr_carea' id='block_1_6' title="bbox 301 2290 1458 4657">
    <p class='ocr_par' dir='ltr' id='par_1_6' title="bbox 301 2290 1458 4657">
     <span class='ocr_line' id='line_1_9' title="bbox 374 2290 1456 2374; baseline -0.003 -27"><span class='ocrx_word' id='word_1_39' title='bbox 374 2292 460 2348; x_wconf 86' lang='lat' dir='ltr'><strong>De</strong></span> <span class='ocrx_word' id='word_1_40' title='bbox 504 2293 727 2364; x_wconf 78' lang='lat' dir='ltr'><strong>origine</strong></span> <span class='ocrx_word' id='word_1_41' title='bbox 773 2292 1076 2348; x_wconf 85' lang='lat' dir='ltr'><strong>satirarum</strong></span> <span class='ocrx_word' id='word_1_42' title='bbox 1121 2290 1456 2374; x_wconf 85' lang='lat' dir='ltr'><strong>praecipuus</strong></span> 
     </span>
     <span class='ocr_line' id='line_1_10' title="bbox 303 2362 1456 2433; baseline -0.004 -13"><span class='ocrx_word' id='word_1_43' title='bbox 303 2366 458 2420; x_wconf 81' lang='lat' dir='ltr'><strong>locus</strong></span> <span class='ocrx_word' id='word_1_44' title='bbox 495 2369 580 2420; x_wconf 81' lang='lat' dir='ltr'><strong>est</strong></span> <span class='ocrx_word' id='word_1_45' title='bbox 615 2365 768 2420; x_wconf 81' lang='lat' dir='ltr'><strong>Livii</strong></span> <span class='ocrx_word' id='word_1_46' title='bbox 793 2364 1071 2433; x_wconf 76' lang='lat' dir='ltr'><strong>V11‚2,a</strong></span> <span class='ocrx_word' id='word_1_47' title='bbox 1107 2379 1217 2432; x_wconf 89' lang='lat' dir='ltr'><strong>quo</strong></span> <span class='ocrx_word' id='word_1_48' title='bbox 1254 2362 1456 2416; x_wconf 85' lang='lat' dir='ltr'><strong>satiras</strong></span> 
     </span>
     <span class='ocr_line' id='line_1_11' title="bbox 303 2404 1455 2506; baseline -0.002 -16"><span class='ocrx_word' id='word_1_49' title='bbox 303 2437 486 2506; x_wconf 88' lang='lat' dir='ltr'><strong>primo</strong></span> <span class='ocrx_word' id='word_1_50' title='bbox 514 2436 656 2492; x_wconf 88' lang='lat' dir='ltr'><strong>rude</strong></span> <span class='ocrx_word' id='word_1_51' title='bbox 679 2404 916 2506; x_wconf 80' lang='lat' dir='ltr'><strong>aliquod</strong></span> <span class='ocrx_word' id='word_1_52' title='bbox 933 2435 1254 2491; x_wconf 85' lang='lat' dir='ltr'><strong>fabularum</strong></span> <span class='ocrx_word' id='word_1_53' title='bbox 1279 2451 1455 2504; x_wconf 88' lang='lat' dir='ltr'><strong>genus</strong></span> 
     </span>
     <span class='ocr_line' id='line_1_12' title="bbox 304 2505 1455 2578; baseline -0.003 -15"><span class='ocrx_word' id='word_1_54' title='bbox 304 2508 476 2564; x_wconf 87' lang='lat' dir='ltr'><strong>fuisse</strong></span> <span class='ocrx_word' id='word_1_55' title='bbox 525 2508 807 2578; x_wconf 85' lang='lat' dir='ltr'><strong>docemur,</strong></span> <span class='ocrx_word' id='word_1_56' title='bbox 855 2507 1006 2578; x_wconf 87' lang='lat' dir='ltr'><strong>quod</strong></span> <span class='ocrx_word' id='word_1_57' title='bbox 1057 2506 1336 2576; x_wconf 87' lang='lat' dir='ltr'><strong>descripto</strong></span> <span class='ocrx_word' id='word_1_58' title='bbox 1384 2505 1455 2561; x_wconf 85' lang='lat' dir='ltr'><strong>ad</strong></span> 
     </span>
     <span class='ocr_line' id='line_1_13' title="bbox 305 2579 1454 2650; baseline -0.003 -16"><span class='ocrx_word' id='word_1_59' title='bbox 305 2580 593 2636; x_wconf 79' lang='lat' dir='ltr'><strong>tibicinem</strong></span> <span class='ocrx_word' id='word_1_60' title='bbox 663 2585 836 2636; x_wconf 84' lang='lat' dir='ltr'><strong>cantu</strong></span> <span class='ocrx_word' id='word_1_61' title='bbox 895 2579 1230 2650; x_wconf 71' lang='lat' dir='ltr'><strong>congruenti</strong></span> <span class='ocrx_word' id='word_1_62' title='bbox 1296 2580 1454 2633; x_wconf 84' lang='lat' dir='ltr'><strong>motu</strong></span> 
     </span>
     <span class='ocr_line' id='line_1_14' title="bbox 301 2654 1455 2723; baseline -0.003 -16"><span class='ocrx_word' id='word_1_63' title='bbox 301 2655 686 2723; x_wconf 72' lang='lat' dir='ltr'><strong>peu-ageretur,</strong></span> <span class='ocrx_word' id='word_1_64' title='bbox 709 2657 864 2708; x_wconf 77' lang='lat' dir='ltr'><strong>certo</strong></span> <span class='ocrx_word' id='word_1_65' title='bbox 897 2655 1092 2706; x_wconf 86' lang='lat' dir='ltr'><strong>tamen</strong></span> <span class='ocrx_word' id='word_1_66' title='bbox 1125 2654 1455 2722; x_wconf 84' lang='lat' dir='ltr'><strong>argumento</strong></span> 
     </span>
     <span class='ocr_line' id='line_1_15' title="bbox 302 2723 1456 2794; baseline -0.004 -15"><span class='ocrx_word' id='word_1_67' title='bbox 302 2727 536 2779; x_wconf 88' lang='lat' dir='ltr'><strong>careret.</strong></span> <span class='ocrx_word' id='word_1_68' title='bbox 605 2723 696 2778; x_wconf 83' lang='lat' dir='ltr'><strong>Ex</strong></span> <span class='ocrx_word' id='word_1_69' title='bbox 741 2741 855 2794; x_wconf 90' lang='lat' dir='ltr'><strong>qua</strong></span> <span class='ocrx_word' id='word_1_70' title='bbox 887 2723 973 2779; x_wconf 91' lang='lat' dir='ltr'><strong>rei</strong></span> <span class='ocrx_word' id='word_1_71' title='bbox 1011 2727 1218 2777; x_wconf 84' lang='lat' dir='ltr'><strong>nature</strong></span> <span class='ocrx_word' id='word_1_72' title='bbox 1254 2738 1456 2776; x_wconf 89' lang='lat' dir='ltr'><strong>nomen</strong></span> 
     </span>
     <span class='ocr_line' id='line_1_16' title="bbox 302 2793 1458 2948; baseline -0.003 -26"><span class='ocrx_word' id='word_1_73' title='bbox 302 2799 600 2922; x_wconf 60' lang='lat' dir='ltr'><strong>fflffi</strong></span> <span class='ocrx_word' id='word_1_74' title='bbox 633 2799 734 2938; x_wconf 66' lang='grc' dir='ltr'><strong>(ἆξῖ</strong></span> <span class='ocrx_word' id='word_1_75' title='bbox 768 2813 934 2922; x_wconf 69' lang='grc' dir='ltr'><strong>ἑέἑῖ(</strong></span> <span class='ocrx_word' id='word_1_76' title='bbox 927 2866 972 2920; x_wconf 89' lang='lat' dir='ltr'>P</span> <span class='ocrx_word' id='word_1_77' title='bbox 978 2793 1288 2948; x_wconf 63' lang='grc' dir='ltr'>.)’,8“ὲὲἒὲ;</span> <span class='ocrx_word' id='word_1_78' title='bbox 1270 2793 1458 2920; x_wconf 50' lang='grc' dir='ltr'>(ἑᾳὲἑῗ</span> 
     </span>
     <span class='ocr_line' id='line_1_17' title="bbox 305 2935 1454 3008; baseline -0.004 -15"><span class='ocrx_word' id='word_1_79' title='bbox 305 2944 436 2993; x_wconf 75' lang='lat' dir='ltr'><strong>tura</strong></span> <span class='ocrx_word' id='word_1_80' title='bbox 471 2938 640 3008; x_wconf 76' lang='lat' dir='ltr'><strong>lance,</strong></span> <span class='ocrx_word' id='word_1_81' title='bbox 678 2955 822 3008; x_wconf 88' lang='lat' dir='ltr'><strong>quae</strong></span> <span class='ocrx_word' id='word_1_82' title='bbox 856 2937 1069 2994; x_wconf 85' lang='lat' dir='ltr'><strong>referta</strong></span> <span class='ocrx_word' id='word_1_83' title='bbox 1110 2936 1288 2992; x_wconf 78' lang='lat' dir='ltr'><strong>variis</strong></span> <span class='ocrx_word' id='word_1_84' title='bbox 1320 2935 1454 2989; x_wconf 76' lang='lat' dir='ltr'><strong>mul-</strong></span> 
     </span>
     <span class='ocr_line' id='line_1_18' title="bbox 303 3007 1456 3079; baseline -0.003 -15"><span class='ocrx_word' id='word_1_85' title='bbox 303 3009 481 3079; x_wconf 68' lang='lat' dir='ltr'><strong>tisque</strong></span> <span class='ocrx_word' id='word_1_86' title='bbox 514 3009 786 3079; x_wconf 57' lang='lat' dir='ltr'><strong>primiciis</strong></span> <span class='ocrx_word' id='word_1_87' title='bbox 833 3009 893 3063; x_wconf 89' lang='lat' dir='ltr'><strong>in</strong></span> <span class='ocrx_word' id='word_1_88' title='bbox 938 3026 1096 3065; x_wconf 82' lang='lat' dir='ltr'><strong>sacro</strong></span> <span class='ocrx_word' id='word_1_89' title='bbox 1141 3008 1296 3078; x_wconf 85' lang='lat' dir='ltr'><strong>apud</strong></span> <span class='ocrx_word' id='word_1_90' title='bbox 1341 3007 1456 3077; x_wconf 88' lang='lat' dir='ltr'><strong>pri-</strong></span> 
     </span>
     <span class='ocr_line' id='line_1_19' title="bbox 305 3081 1454 3148; baseline -0.003 -12"><span class='ocrx_word' id='word_1_91' title='bbox 305 3098 424 3136; x_wconf 89' lang='lat' dir='ltr'><strong>scos</strong></span> <span class='ocrx_word' id='word_1_92' title='bbox 462 3081 570 3135; x_wconf 88' lang='lat' dir='ltr'><strong>diis</strong></span> <span class='ocrx_word' id='word_1_93' title='bbox 606 3081 998 3137; x_wconf 83' lang='lat' dir='ltr'><strong>inferebatur.</strong></span> <span class='ocrx_word' id='word_1_94' title='bbox 1069 3081 1226 3134; x_wconf 87' lang='lat' dir='ltr'><strong>.sive</strong></span> <span class='ocrx_word' id='word_1_95' title='bbox 1262 3098 1296 3134; x_wconf 91' lang='lat' dir='ltr'><strong>a</strong></span> <span class='ocrx_word' id='word_1_96' title='bbox 1320 3096 1454 3148; x_wconf 88' lang='lat' dir='ltr'><strong>quo-</strong></span> 
     </span>
     <span class='ocr_line' id='line_1_20' title="bbox 304 3151 1456 3224; baseline -0.003 -16"><span class='ocrx_word' id='word_1_97' title='bbox 304 3153 435 3208; x_wconf 87' lang='lat' dir='ltr'><strong>dam</strong></span> <span class='ocrx_word' id='word_1_98' title='bbox 470 3169 678 3224; x_wconf 82' lang='lat' dir='ltr'><strong>genere</strong></span> <span class='ocrx_word' id='word_1_99' title='bbox 713 3152 1040 3216; x_wconf 83' lang='lat' dir='ltr'><strong>farciminis,</strong></span> <span class='ocrx_word' id='word_1_100' title='bbox 1077 3151 1227 3222; x_wconf 88' lang='lat' dir='ltr'><strong>quod</strong></span> <span class='ocrx_word' id='word_1_101' title='bbox 1265 3151 1456 3205; x_wconf 88' lang='lat' dir='ltr'><strong>multis</strong></span> 
     </span>
     <span class='ocr_line' id='line_1_21' title="bbox 303 3222 1456 3280; baseline -0.003 -1"><span class='ocrx_word' id='word_1_102' title='bbox 303 3225 470 3279; x_wconf 86' lang='lat' dir='ltr'><strong>rebus</strong></span> <span class='ocrx_word' id='word_1_103' title='bbox 504 3224 780 3280; x_wconf 86' lang='lat' dir='ltr'><strong>refertum</strong></span> <span class='ocrx_word' id='word_1_104' title='bbox 816 3230 1064 3280; x_wconf 87' lang='lat' dir='ltr'><strong>saturam</strong></span> <span class='ocrx_word' id='word_1_105' title='bbox 1100 3224 1242 3278; x_wconf 87' lang='lat' dir='ltr'><strong>dicit</strong></span> <span class='ocrx_word' id='word_1_106' title='bbox 1275 3222 1456 3277; x_wconf 88' lang='lat' dir='ltr'><strong>Varro</strong></span> 
     </span>
     <span class='ocr_line' id='line_1_22' title="bbox 302 3293 1458 3364; baseline -0.003 -13"><span class='ocrx_word' id='word_1_107' title='bbox 302 3297 650 3351; x_wconf 61' lang='lat' dir='ltr'><strong>vocitatum!</strong></span> <span class='ocrx_word' id='word_1_108' title='bbox 635 3297 668 3326; x_wconf 76' lang='lat'><strong>‘⁴</strong></span> <span class='ocrx_word' id='word_1_109' title='bbox 762 3295 900 3350; x_wconf 86' lang='lat' dir='ltr'><strong>Inde</strong></span> <span class='ocrx_word' id='word_1_110' title='bbox 957 3295 1116 3352; x_wconf 82' lang='lat' dir='ltr'><strong>vides</strong></span> <span class='ocrx_word' id='word_1_111' title='bbox 1183 3294 1320 3364; x_wconf 90' lang='lat' dir='ltr'><strong>quid</strong></span> <span class='ocrx_word' id='word_1_112' title='bbox 1381 3293 1458 3348; x_wconf 88' lang='lat' dir='ltr'><strong>sit</strong></span> 
     </span>
     <span class='ocr_line' id='line_1_23' title="bbox 303 3365 1458 3438; baseline -0.002 -16"><span class='ocrx_word' id='word_1_113' title='bbox 303 3366 622 3423; x_wconf 86' lang='lat' dir='ltr'><strong>habendum</strong></span> <span class='ocrx_word' id='word_1_114' title='bbox 679 3370 751 3424; x_wconf 92' lang='lat' dir='ltr'><strong>de</strong></span> <span class='ocrx_word' id='word_1_115' title='bbox 797 3385 970 3438; x_wconf 86' lang='lat' dir='ltr'><strong>prava</strong></span> <span class='ocrx_word' id='word_1_116' title='bbox 1021 3368 1124 3422; x_wconf 86' lang='lat' dir='ltr'><strong>illa</strong></span> <span class='ocrx_word' id='word_1_117' title='bbox 1177 3365 1458 3422; x_wconf 88' lang='lat' dir='ltr'><strong>scribendi</strong></span> 
     </span>
     <span class='ocr_line' id='line_1_24' title="bbox 301 3439 1458 3510; baseline -0.003 -16"><span class='ocrx_word' id='word_1_118' title='bbox 301 3439 546 3494; x_wconf 90' lang='lat' dir='ltr'><strong>nominis</strong></span> <span class='ocrx_word' id='word_1_119' title='bbox 581 3441 820 3509; x_wconf 86' lang='lat' dir='ltr'><strong>ratione,</strong></span> <span class='ocrx_word' id='word_1_120' title='bbox 858 3457 970 3510; x_wconf 86' lang='lat' dir='ltr'><strong>qua</strong></span> <span class='ocrx_word' id='word_1_121' title='bbox 992 3439 1099 3494; x_wconf 86' lang='lat' dir='ltr'><strong>hoc</strong></span> <span class='ocrx_word' id='word_1_122' title='bbox 1124 3454 1300 3510; x_wconf 89' lang='lat' dir='ltr'><strong>genus</strong></span> <span class='ocrx_word' id='word_1_123' title='bbox 1325 3455 1458 3492; x_wconf 82' lang='lat' dir='ltr'><strong>vere</strong></span> 
     </span>
     <span class='ocr_line' id='line_1_25' title="bbox 303 3511 1457 3581; baseline -0.003 -15"><span class='ocrx_word' id='word_1_124' title='bbox 303 3511 635 3580; x_wconf 84' lang='lat' dir='ltr'><strong>Romanum,</strong></span> <span class='ocrx_word' id='word_1_125' title='bbox 697 3512 859 3581; x_wconf 82' lang='lat' dir='ltr'><strong>quasi</strong></span> <span class='ocrx_word' id='word_1_126' title='bbox 915 3511 1158 3581; x_wconf 89' lang='lat' dir='ltr'><strong>petitum</strong></span> <span class='ocrx_word' id='word_1_127' title='bbox 1219 3515 1364 3565; x_wconf 88' lang='lat' dir='ltr'><strong>esset</strong></span> <span class='ocrx_word' id='word_1_128' title='bbox 1422 3527 1457 3563; x_wconf 91' lang='lat' dir='ltr'><strong>a</strong></span> 
     </span>
     <span class='ocr_line' id='line_1_26' title="bbox 304 3582 1457 3651; baseline -0.004 -12"><span class='ocrx_word' id='word_1_129' title='bbox 304 3583 550 3651; x_wconf 77' lang='lat' dir='ltr'><strong>satyrica</strong></span> <span class='ocrx_word' id='word_1_130' title='bbox 585 3583 924 3639; x_wconf 85' lang='lat' dir='ltr'><strong>Graecorum</strong></span> <span class='ocrx_word' id='word_1_131' title='bbox 958 3582 1170 3650; x_wconf 81' lang='lat' dir='ltr'><strong>fabula,</strong></span> <span class='ocrx_word' id='word_1_132' title='bbox 1208 3585 1457 3650; x_wconf 77' lang='lat' dir='ltr'><strong>satyram</strong></span> 
     </span>
     <span class='ocr_line' id='line_1_27' title="bbox 305 3651 1455 3739; baseline -0.004 -29"><span class='ocrx_word' id='word_1_133' title='bbox 305 3655 590 3739; x_wconf 83' lang='lat' dir='ltr'><strong>appellare</strong></span> <span class='ocrx_word' id='word_1_134' title='bbox 625 3656 898 3710; x_wconf 88' lang='lat' dir='ltr'><strong>solebant.</strong></span> <span class='ocrx_word' id='word_1_135' title='bbox 953 3653 1172 3709; x_wconf 85' lang='lat' dir='ltr'><strong>Deinde</strong></span> <span class='ocrx_word' id='word_1_136' title='bbox 1208 3669 1333 3708; x_wconf 89' lang='lat' dir='ltr'><strong>cum</strong></span> <span class='ocrx_word' id='word_1_137' title='bbox 1362 3651 1455 3706; x_wconf 85' lang='lat' dir='ltr'><strong>Li-</strong></span> 
     </span>
     <span class='ocr_line' id='line_1_28' title="bbox 301 3726 1453 3808; baseline -0.002 -28"><span class='ocrx_word' id='word_1_138' title='bbox 301 3727 426 3780; x_wconf 83' lang='lat' dir='ltr'><strong>vius</strong></span> <span class='ocrx_word' id='word_1_139' title='bbox 465 3726 825 3783; x_wconf 73' lang='lat' dir='ltr'><strong>Andronicus</strong></span> <span class='ocrx_word' id='word_1_140' title='bbox 862 3726 1082 3781; x_wconf 86' lang='lat' dir='ltr'><strong>fabulas</strong></span> <span class='ocrx_word' id='word_1_141' title='bbox 1123 3729 1453 3808; x_wconf 82' lang='lat' dir='ltr'><strong>argumento</strong></span> 
     </span>
     <span class='ocr_line' id='line_1_29' title="bbox 303 3798 1456 3867; baseline -0.002 -15"><span class='ocrx_word' id='word_1_142' title='bbox 303 3814 489 3853; x_wconf 89' lang='lat' dir='ltr'><strong>serere</strong></span> <span class='ocrx_word' id='word_1_143' title='bbox 532 3798 747 3867; x_wconf 85' lang='lat' dir='ltr'><strong>primus</strong></span> <span class='ocrx_word' id='word_1_144' title='bbox 785 3802 931 3853; x_wconf 87' lang='lat' dir='ltr'><strong>esset</strong></span> <span class='ocrx_word' id='word_1_145' title='bbox 975 3815 1158 3860; x_wconf 87' lang='lat' dir='ltr'><strong>ausus,</strong></span> <span class='ocrx_word' id='word_1_146' title='bbox 1195 3799 1456 3851; x_wconf 76' lang='lat' dir='ltr'><strong>iuventus</strong></span> 
     </span>
     <span class='ocr_line' id='line_1_30' title="bbox 304 3868 1455 3925; baseline -0.003 -1"><span class='ocrx_word' id='word_1_147' title='bbox 304 3873 492 3924; x_wconf 86' lang='lat' dir='ltr'><strong>autem</strong></span> <span class='ocrx_word' id='word_1_148' title='bbox 530 3869 786 3925; x_wconf 87' lang='lat' dir='ltr'><strong>Romana</strong></span> <span class='ocrx_word' id='word_1_149' title='bbox 831 3869 1154 3924; x_wconf 84' lang='lat' dir='ltr'><strong>fabularum</strong></span> <span class='ocrx_word' id='word_1_150' title='bbox 1205 3873 1335 3923; x_wconf 90' lang='lat' dir='ltr'><strong>actu</strong></span> <span class='ocrx_word' id='word_1_151' title='bbox 1372 3868 1455 3921; x_wconf 90' lang='lat' dir='ltr'><strong>hi-</strong></span> 
     </span>
     <span class='ocr_line' id='line_1_31' title="bbox 301 3940 1456 3996; baseline -0.002 0"><span class='ocrx_word' id='word_1_152' title='bbox 301 3940 609 3996; x_wconf 74' lang='lat' dir='ltr'><strong>strionibus</strong></span> <span class='ocrx_word' id='word_1_153' title='bbox 659 3941 884 3996; x_wconf 87' lang='lat' dir='ltr'><strong>relicto</strong></span> <span class='ocrx_word' id='word_1_154' title='bbox 959 3941 1260 3996; x_wconf 86' lang='lat' dir='ltr'><strong>inconditis</strong></span> <span class='ocrx_word' id='word_1_155' title='bbox 1344 3940 1456 3994; x_wconf 87' lang='lat' dir='ltr'><strong>suis</strong></span> 
     </span>
     <span class='ocr_line' id='line_1_32' title="bbox 303 4011 1456 4097; baseline -0.002 -30"><span class='ocrx_word' id='word_1_156' title='bbox 303 4013 570 4097; x_wconf 77' lang='lat' dir='ltr'><strong>nullaque</strong></span> <span class='ocrx_word' id='word_1_157' title='bbox 623 4014 751 4084; x_wconf 87' lang='lat' dir='ltr'><strong>lege</strong></span> <span class='ocrx_word' id='word_1_158' title='bbox 802 4013 1089 4083; x_wconf 85' lang='lat' dir='ltr'><strong>impeditis</strong></span> <span class='ocrx_word' id='word_1_159' title='bbox 1149 4011 1298 4067; x_wconf 86' lang='lat' dir='ltr'><strong>ludis</strong></span> <span class='ocrx_word' id='word_1_160' title='bbox 1359 4011 1456 4065; x_wconf 89' lang='lat' dir='ltr'><strong>diu</strong></span> 
     </span>
     <span class='ocr_line' id='line_1_33' title="bbox 303 4083 1454 4152; baseline -0.003 -12"><span class='ocrx_word' id='word_1_161' title='bbox 303 4085 475 4140; x_wconf 88' lang='lat' dir='ltr'><strong>etiam</strong></span> <span class='ocrx_word' id='word_1_162' title='bbox 534 4085 926 4152; x_wconf 85' lang='lat' dir='ltr'><strong>delectaretur,</strong></span> <span class='ocrx_word' id='word_1_163' title='bbox 985 4084 1189 4139; x_wconf 88' lang='lat' dir='ltr'><strong>sensim</strong></span> <span class='ocrx_word' id='word_1_164' title='bbox 1243 4083 1454 4138; x_wconf 87' lang='lat' dir='ltr'><strong>factum</strong></span> 
     </span>
     <span class='ocr_line' id='line_1_34' title="bbox 301 4156 1456 4224; baseline -0.001 -14"><span class='ocrx_word' id='word_1_165' title='bbox 301 4161 406 4224; x_wconf 88' lang='lat' dir='ltr'><strong>est,</strong></span> <span class='ocrx_word' id='word_1_166' title='bbox 469 4161 534 4210; x_wconf 87' lang='lat' dir='ltr'><strong>ut</strong></span> <span class='ocrx_word' id='word_1_167' title='bbox 593 4161 818 4211; x_wconf 85' lang='lat' dir='ltr'><strong>saturae</strong></span> <span class='ocrx_word' id='word_1_168' title='bbox 892 4156 1272 4212; x_wconf 75' lang='lat' dir='ltr'><strong>scriberentur</strong></span> <span class='ocrx_word' id='word_1_169' title='bbox 1343 4172 1456 4209; x_wconf 89' lang='lat' dir='ltr'><strong>non</strong></span> 
     </span>
     <span class='ocr_line' id='line_1_35' title="bbox 303 4227 1454 4299; baseline -0.002 -17"><span class='ocrx_word' id='word_1_170' title='bbox 303 4244 448 4297; x_wconf 88' lang='lat' dir='ltr'><strong>quae</strong></span> <span class='ocrx_word' id='word_1_171' title='bbox 485 4233 790 4299; x_wconf 85' lang='lat' dir='ltr'><strong>agerentur</strong></span> <span class='ocrx_word' id='word_1_172' title='bbox 813 4227 910 4282; x_wconf 88' lang='lat' dir='ltr'><strong>sed</strong></span> <span class='ocrx_word' id='word_1_173' title='bbox 936 4244 1078 4296; x_wconf 87' lang='lat' dir='ltr'><strong>quae</strong></span> <span class='ocrx_word' id='word_1_174' title='bbox 1114 4228 1454 4298; x_wconf 87' lang='lat' dir='ltr'><strong>legerentur,</strong></span> 
     </span>
     <span class='ocr_line' id='line_1_36' title="bbox 303 4299 1457 4368; baseline -0.001 -14"><span class='ocrx_word' id='word_1_175' title='bbox 303 4304 362 4354; x_wconf 91' lang='lat' dir='ltr'><strong>et</strong></span> <span class='ocrx_word' id='word_1_176' title='bbox 406 4316 506 4354; x_wconf 86' lang='lat' dir='ltr'><strong>eae</strong></span> <span class='ocrx_word' id='word_1_177' title='bbox 555 4299 784 4368; x_wconf 88' lang='lat' dir='ltr'><strong>quidem</strong></span> <span class='ocrx_word' id='word_1_178' title='bbox 826 4299 1038 4353; x_wconf 87' lang='lat' dir='ltr'><strong>mixtae</strong></span> <span class='ocrx_word' id='word_1_179' title='bbox 1071 4302 1131 4354; x_wconf 91' lang='lat' dir='ltr'><strong>et</strong></span> <span class='ocrx_word' id='word_1_180' title='bbox 1173 4314 1364 4352; x_wconf 85' lang='lat' dir='ltr'><strong>rerum</strong></span> <span class='ocrx_word' id='word_1_181' title='bbox 1399 4302 1457 4353; x_wconf 88' lang='lat' dir='ltr'><strong>et</strong></span> 
     </span>
     <span class='ocr_line' id='line_1_37' title="bbox 302 4369 1455 4440; baseline -0.003 -14"><span class='ocrx_word' id='word_1_182' title='bbox 302 4387 566 4426; x_wconf 85' lang='lat' dir='ltr'><strong>versuum</strong></span> <span class='ocrx_word' id='word_1_183' title='bbox 615 4369 947 4425; x_wconf 83' lang='lat' dir='ltr'><strong>diversitate</strong></span> <span class='ocrx_word' id='word_1_184' title='bbox 993 4387 1176 4440; x_wconf 89' lang='lat' dir='ltr'><strong>neque</strong></span> <span class='ocrx_word' id='word_1_185' title='bbox 1229 4370 1455 4424; x_wconf 86' lang='lat' dir='ltr'><strong>omnino</strong></span> 
     </span>
     <span class='ocr_line' id='line_1_38' title="bbox 302 4441 1455 4512; baseline -0.002 -15"><span class='ocrx_word' id='word_1_186' title='bbox 302 4459 529 4512; x_wconf 87' lang='lat' dir='ltr'><strong>prosam</strong></span> <span class='ocrx_word' id='word_1_187' title='bbox 565 4441 896 4509; x_wconf 86' lang='lat' dir='ltr'><strong>orationem,</strong></span> <span class='ocrx_word' id='word_1_188' title='bbox 933 4445 998 4496; x_wconf 90' lang='lat' dir='ltr'><strong>ut</strong></span> <span class='ocrx_word' id='word_1_189' title='bbox 1025 4441 1266 4504; x_wconf 86' lang='lat' dir='ltr'><strong>videtur,</strong></span> <span class='ocrx_word' id='word_1_190' title='bbox 1303 4459 1455 4510; x_wconf 86' lang='lat' dir='ltr'><strong>sper-</strong></span> 
     </span>
     <span class='ocr_line' id='line_1_39' title="bbox 302 4512 1456 4582; baseline -0.002 -14"><span class='ocrx_word' id='word_1_191' title='bbox 302 4519 516 4568; x_wconf 83' lang='lat' dir='ltr'><strong>nentes.</strong></span> <span class='ocrx_word' id='word_1_192' title='bbox 587 4512 755 4568; x_wconf 89' lang='lat' dir='ltr'><strong>Patet</strong></span> <span class='ocrx_word' id='word_1_193' title='bbox 809 4516 996 4567; x_wconf 87' lang='lat' dir='ltr'><strong>autem</strong></span> <span class='ocrx_word' id='word_1_194' title='bbox 1054 4531 1123 4568; x_wconf 87' lang='lat' dir='ltr'><strong>ex</strong></span> <span class='ocrx_word' id='word_1_195' title='bbox 1178 4513 1301 4582; x_wconf 89' lang='lat' dir='ltr'><strong>ipsa</strong></span> <span class='ocrx_word' id='word_1_196' title='bbox 1347 4512 1456 4567; x_wconf 89' lang='lat' dir='ltr'><strong>ori·</strong></span> 
     </span>
     <span class='ocr_line' id='line_1_40' title="bbox 305 4584 1457 4657; baseline -0.002 -17"><span class='ocrx_word' id='word_1_197' title='bbox 305 4585 438 4657; x_wconf 84' lang='lat' dir='ltr'><strong>gine</strong></span> <span class='ocrx_word' id='word_1_198' title='bbox 473 4584 657 4654; x_wconf 85' lang='lat' dir='ltr'><strong>qualis</strong></span> <span class='ocrx_word' id='word_1_199' title='bbox 683 4587 1002 4640; x_wconf 85' lang='lat' dir='ltr'><strong>saturarum</strong></span> <span class='ocrx_word' id='word_1_200' title='bbox 1025 4584 1200 4640; x_wconf 84' lang='lat' dir='ltr'><strong>fuerit</strong></span> <span class='ocrx_word' id='word_1_201' title='bbox 1224 4588 1457 4653; x_wconf 82' lang='lat' dir='ltr'><strong>natura3</strong></span> 
     </span>
    </p>
   </div>
   <div class='ocr_carea' id='block_1_7' title="bbox 1547 2077 2701 2939">
    <p class='ocr_par' dir='ltr' id='par_1_7' title="bbox 1547 2077 2701 2939">
     <span class='ocr_line' id='line_1_41' title="bbox 1547 2077 2699 2148; baseline 0 -14"><span class='ocrx_word' id='word_1_202' title='bbox 1547 2096 1680 2134; x_wconf 87' lang='lat' dir='ltr'><strong>nam</strong></span> <span class='ocrx_word' id='word_1_203' title='bbox 1728 2095 1855 2134; x_wconf 86' lang='lat' dir='ltr'><strong>cum</strong></span> <span class='ocrx_word' id='word_1_204' title='bbox 1900 2077 1971 2132; x_wconf 87' lang='lat' dir='ltr'><strong>de</strong></span> <span class='ocrx_word' id='word_1_205' title='bbox 2026 2081 2179 2133; x_wconf 87' lang='lat' dir='ltr'><strong>certo</strong></span> <span class='ocrx_word' id='word_1_206' title='bbox 2219 2083 2551 2148; x_wconf 87' lang='lat' dir='ltr'><strong>argumento</strong></span> <span class='ocrx_word' id='word_1_207' title='bbox 2586 2096 2699 2135; x_wconf 89' lang='lat' dir='ltr'><strong>non</strong></span> 
     </span>
     <span class='ocr_line' id='line_1_42' title="bbox 1549 2149 2700 2222; baseline 0 -16"><span class='ocrx_word' id='word_1_208' title='bbox 1549 2155 1829 2222; x_wconf 76' lang='lat' dir='ltr'><strong>ageretur,</strong></span> <span class='ocrx_word' id='word_1_209' title='bbox 1864 2167 1933 2204; x_wconf 85' lang='lat' dir='ltr'><strong>ex</strong></span> <span class='ocrx_word' id='word_1_210' title='bbox 1965 2149 2084 2205; x_wconf 84' lang='lat' dir='ltr'><strong>vita</strong></span> <span class='ocrx_word' id='word_1_211' title='bbox 2120 2167 2399 2206; x_wconf 77' lang='lat' dir='ltr'><strong>sermones</strong></span> <span class='ocrx_word' id='word_1_212' title='bbox 2433 2151 2700 2221; x_wconf 86' lang='lat' dir='ltr'><strong>peteban-</strong></span> 
     </span>
     <span class='ocr_line' id='line_1_43' title="bbox 1550 2222 2701 2293; baseline 0 -15"><span class='ocrx_word' id='word_1_213' title='bbox 1550 2227 1663 2292; x_wconf 87' lang='lat' dir='ltr'><strong>tur,</strong></span> <span class='ocrx_word' id='word_1_214' title='bbox 1701 2222 2127 2293; x_wconf 83' lang='lat' dir='ltr'><strong>castigabantur</strong></span> <span class='ocrx_word' id='word_1_215' title='bbox 2168 2223 2427 2290; x_wconf 73' lang='lat' dir='ltr'><strong>aequales</strong></span> <span class='ocrx_word' id='word_1_216' title='bbox 2463 2241 2701 2292; x_wconf 87' lang='lat' dir='ltr'><strong>quorum</strong></span> 
     </span>
     <span class='ocr_line' id='line_1_44' title="bbox 1550 2296 2699 2365; baseline 0.001 -17"><span class='ocrx_word' id='word_1_217' title='bbox 1550 2298 1650 2349; x_wconf 88' lang='lat' dir='ltr'><strong>aut</strong></span> <span class='ocrx_word' id='word_1_218' title='bbox 1699 2310 1787 2348; x_wconf 89' lang='lat' dir='ltr'><strong>res</strong></span> <span class='ocrx_word' id='word_1_219' title='bbox 1822 2297 2017 2365; x_wconf 82' lang='lat' dir='ltr'><strong>gestae</strong></span> <span class='ocrx_word' id='word_1_220' title='bbox 2060 2297 2161 2348; x_wconf 84' lang='lat' dir='ltr'><strong>aut</strong></span> <span class='ocrx_word' id='word_1_221' title='bbox 2202 2311 2385 2349; x_wconf 89' lang='lat' dir='ltr'><strong>mores</strong></span> <span class='ocrx_word' id='word_1_222' title='bbox 2430 2311 2545 2349; x_wconf 89' lang='lat' dir='ltr'><strong>non</strong></span> <span class='ocrx_word' id='word_1_223' title='bbox 2580 2296 2699 2365; x_wconf 87' lang='lat' dir='ltr'><strong>pla-</strong></span> 
     </span>
     <span class='ocr_line' id='line_1_45' title="bbox 1550 2365 2699 2522; baseline 0 -30"><span class='ocrx_word' id='word_1_224' title='bbox 1550 2365 2539 2522; x_wconf 51' lang='lat' dir='ltr'><strong>{Zrssnssfflfflffissssnffissssssffmsff</strong></span> <span class='ocrx_word' id='word_1_225' title='bbox 2565 2367 2699 2522; x_wconf 68' lang='grc' dir='ltr'>ἑὲἑί</span> 
     </span>
     <span class='ocr_line' id='line_1_46' title="bbox 1549 2509 2698 2581; baseline 0.001 -18"><span class='ocrx_word' id='word_1_226' title='bbox 1549 2509 1701 2564; x_wconf 83' lang='grc' dir='ltr'><strong>ιιίιιιιι</strong></span> <span class='ocrx_word' id='word_1_227' title='bbox 1754 2509 1815 2563; x_wconf 91' lang='lat' dir='ltr'><strong>in</strong></span> <span class='ocrx_word' id='word_1_228' title='bbox 1868 2509 2343 2578; x_wconf 79' lang='lat' dir='ltr'><strong>vituperationem</strong></span> <span class='ocrx_word' id='word_1_229' title='bbox 2391 2509 2568 2581; x_wconf 85' lang='lat' dir='ltr'><strong>magis</strong></span> <span class='ocrx_word' id='word_1_230' title='bbox 2617 2511 2698 2564; x_wconf 92' lang='lat' dir='ltr'><strong>in-</strong></span> 
     </span>
     <span class='ocr_line' id='line_1_47' title="bbox 1550 2581 2698 2650; baseline -0.001 -14"><span class='ocrx_word' id='word_1_231' title='bbox 1550 2581 1729 2636; x_wconf 87' lang='lat' dir='ltr'><strong>clinat</strong></span> <span class='ocrx_word' id='word_1_232' title='bbox 1804 2581 2079 2635; x_wconf 83' lang='lat' dir='ltr'><strong>humanus</strong></span> <span class='ocrx_word' id='word_1_233' title='bbox 2140 2581 2356 2635; x_wconf 85' lang='lat' dir='ltr'><strong>animus</strong></span> <span class='ocrx_word' id='word_1_234' title='bbox 2417 2599 2587 2650; x_wconf 90' lang='lat' dir='ltr'><strong>quam</strong></span> <span class='ocrx_word' id='word_1_235' title='bbox 2640 2582 2698 2635; x_wconf 91' lang='lat' dir='ltr'><strong>in</strong></span> 
     </span>
     <span class='ocr_line' id='line_1_48' title="bbox 1550 2651 2700 2737; baseline 0.001 -30"><span class='ocrx_word' id='word_1_236' title='bbox 1550 2651 1789 2737; x_wconf 80' lang='lat' dir='ltr'><strong>laudem,</strong></span> <span class='ocrx_word' id='word_1_237' title='bbox 1826 2653 1885 2706; x_wconf 90' lang='lat' dir='ltr'><strong>in</strong></span> <span class='ocrx_word' id='word_1_238' title='bbox 1910 2651 2347 2721; x_wconf 80' lang='lat' dir='ltr'><strong>vellicandisque</strong></span> <span class='ocrx_word' id='word_1_239' title='bbox 2381 2651 2700 2708; x_wconf 88' lang='lat' dir='ltr'><strong>hominibus</strong></span> 
     </span>
     <span class='ocr_line' id='line_1_49' title="bbox 1549 2724 2697 2794; baseline 0.001 -16"><span class='ocrx_word' id='word_1_240' title='bbox 1549 2724 1673 2779; x_wconf 92' lang='lat' dir='ltr'><strong>ioco</strong></span> <span class='ocrx_word' id='word_1_241' title='bbox 1708 2724 1961 2792; x_wconf 88' lang='lat' dir='ltr'><strong>risuique</strong></span> <span class='ocrx_word' id='word_1_242' title='bbox 1985 2724 2165 2778; x_wconf 88' lang='lat' dir='ltr'><strong>maior</strong></span> <span class='ocrx_word' id='word_1_243' title='bbox 2196 2740 2423 2793; x_wconf 86' lang='lat' dir='ltr'><strong>campus</strong></span> <span class='ocrx_word' id='word_1_244' title='bbox 2449 2725 2697 2794; x_wconf 85' lang='lat' dir='ltr'><strong>patebat,</strong></span> 
     </span>
     <span class='ocr_line' id='line_1_50' title="bbox 1549 2795 2699 2866; baseline 0 -15"><span class='ocrx_word' id='word_1_245' title='bbox 1549 2800 1767 2851; x_wconf 82' lang='lat' dir='ltr'><strong>saturas</strong></span> <span class='ocrx_word' id='word_1_246' title='bbox 1812 2795 2005 2866; x_wconf 86' lang='lat' dir='ltr'><strong>plenas</strong></span> <span class='ocrx_word' id='word_1_247' title='bbox 2059 2795 2231 2850; x_wconf 85' lang='lat' dir='ltr'><strong>fuisse</strong></span> <span class='ocrx_word' id='word_1_248' title='bbox 2272 2796 2568 2864; x_wconf 87' lang='lat' dir='ltr'><strong>probabile</strong></span> <span class='ocrx_word' id='word_1_249' title='bbox 2615 2800 2699 2851; x_wconf 90' lang='lat' dir='ltr'><strong>est</strong></span> 
     </span>
     <span class='ocr_line' id='line_1_51' title="bbox 1550 2867 2697 2939; baseline -0.001 -18"><span class='ocrx_word' id='word_1_250' title='bbox 1550 2867 1825 2921; x_wconf 88' lang='lat' dir='ltr'><strong>irrisionis</strong></span> <span class='ocrx_word' id='word_1_251' title='bbox 1876 2871 1933 2922; x_wconf 92' lang='lat' dir='ltr'><strong>et</strong></span> <span class='ocrx_word' id='word_1_252' title='bbox 1983 2867 2369 2922; x_wconf 79' lang='lat' dir='ltr'><strong>contumeliosi</strong></span> <span class='ocrx_word' id='word_1_253' title='bbox 2406 2883 2570 2939; x_wconf 85' lang='lat' dir='ltr'><strong>saepe</strong></span> <span class='ocrx_word' id='word_1_254' title='bbox 2616 2869 2697 2921; x_wconf 90' lang='lat' dir='ltr'><strong>lu-</strong></span> 
     </span>
    </p>
   </div>
   <div class='ocr_carea' id='block_1_8' title="bbox 1550 2934 2700 3081">
    <p class='ocr_par' dir='ltr' id='par_1_8' title="bbox 1550 2934 2700 3081">
     <span class='ocr_line' id='line_1_52' title="bbox 1550 2934 2700 3008; baseline 0.001 -16"><span class='ocrx_word' id='word_1_255' title='bbox 1550 2939 1737 2993; x_wconf 88' lang='lat' dir='ltr'><strong>dibrii.</strong></span> <span class='ocrx_word' id='word_1_256' title='bbox 1808 2937 2024 2992; x_wconf 86' lang='lat' dir='ltr'><strong>Ennius</strong></span> <span class='ocrx_word' id='word_1_257' title='bbox 2062 2955 2283 3008; x_wconf 89' lang='lat' dir='ltr'><strong>quoque</strong></span> <span class='ocrx_word' id='word_1_258' title='bbox 2315 2934 2700 3008; x_wconf 86' lang='lat' dir='ltr'><strong>Porphyrione</strong></span> 
     </span>
     <span class='ocr_line' id='line_1_53' title="bbox 1550 3007 2697 3081; baseline 0 -16"><span class='ocrx_word' id='word_1_259' title='bbox 1550 3013 1693 3066; x_wconf 81' lang='lat' dir='ltr'><strong>teste</strong></span> <span class='ocrx_word' id='word_1_260' title='bbox 1730 3009 1825 3076; x_wconf 89' lang='lat' dir='ltr'><strong>(ad</strong></span> <span class='ocrx_word' id='word_1_261' title='bbox 1850 3009 2049 3064; x_wconf 87' lang='lat' dir='ltr'><strong>Horat.</strong></span> <span class='ocrx_word' id='word_1_262' title='bbox 2080 3007 2195 3064; x_wconf 82' lang='lat' dir='ltr'><strong>Set.</strong></span> <span class='ocrx_word' id='word_1_263' title='bbox 2227 3009 2269 3073; x_wconf 88' lang='lat'><strong>1,</strong></span> <span class='ocrx_word' id='word_1_264' title='bbox 2300 3011 2501 3081; x_wconf 79' lang='lat'><strong>10,·16)</strong></span> <span class='ocrx_word' id='word_1_265' title='bbox 2538 3015 2697 3080; x_wconf 87' lang='lat' dir='ltr'><strong>quat-</strong></span> 
     </span>
    </p>
   </div>
   <div class='ocr_carea' id='block_1_9' title="bbox 1503 3081 2698 3150">
    <p class='ocr_par' dir='ltr' id='par_1_9' title="bbox 1503 3081 2698 3150">
     <span class='ocr_line' id='line_1_54' title="bbox 1503 3081 2698 3150; baseline 0 -14"><span class='ocrx_word' id='word_1_266' title='bbox 1503 3132 1508 3136; x_wconf 90' lang='lat'>.</span> <span class='ocrx_word' id='word_1_267' title='bbox 1547 3087 1683 3137; x_wconf 88' lang='lat' dir='ltr'><strong>tuor</strong></span> <span class='ocrx_word' id='word_1_268' title='bbox 1717 3081 1893 3136; x_wconf 87' lang='lat' dir='ltr'><strong>libros</strong></span> <span class='ocrx_word' id='word_1_269' title='bbox 1927 3082 2227 3136; x_wconf 84' lang='lat' dir='ltr'><strong>satirarum</strong></span> <span class='ocrx_word' id='word_1_270' title='bbox 2268 3082 2555 3150; x_wconf 79' lang='lat' dir='ltr'><strong>scripsisse</strong></span> <span class='ocrx_word' id='word_1_271' title='bbox 2590 3082 2698 3137; x_wconf 85' lang='lat' dir='ltr'><strong>fer·</strong></span> 
     </span>
    </p>
   </div>
   <div class='ocr_carea' id='block_1_10' title="bbox 1547 3152 2749 4656">
    <p class='ocr_par' dir='ltr' id='par_1_10' title="bbox 1547 3152 2749 4656">
     <span class='ocr_line' id='line_1_55' title="bbox 1547 3152 2701 3222; baseline 0 -14"><span class='ocrx_word' id='word_1_272' title='bbox 1547 3157 1663 3222; x_wconf 89' lang='lat' dir='ltr'><strong>tur,</strong></span> <span class='ocrx_word' id='word_1_273' title='bbox 1700 3170 1842 3222; x_wconf 85' lang='lat' dir='ltr'><strong>quae</strong></span> <span class='ocrx_word' id='word_1_274' title='bbox 1879 3153 1927 3206; x_wconf 87' lang='lat' dir='ltr'><strong>si</strong></span> <span class='ocrx_word' id='word_1_275' title='bbox 1962 3158 2113 3208; x_wconf 87' lang='lat' dir='ltr'><strong>reete</strong></span> <span class='ocrx_word' id='word_1_276' title='bbox 2150 3152 2475 3222; x_wconf 82' lang='lat' dir='ltr'><strong>iudicamus,</strong></span> <span class='ocrx_word' id='word_1_277' title='bbox 2520 3155 2701 3208; x_wconf 82' lang='lat' dir='ltr'><strong>mixta</strong></span> 
     </span>
     <span class='ocr_line' id='line_1_56' title="bbox 1550 3225 2699 3294; baseline 0.002 -16"><span class='ocrx_word' id='word_1_278' title='bbox 1550 3225 1781 3280; x_wconf 85' lang='lat' dir='ltr'><strong>fuerunt</strong></span> <span class='ocrx_word' id='word_1_279' title='bbox 1823 3225 2090 3294; x_wconf 85' lang='lat' dir='ltr'><strong>carmina,</strong></span> <span class='ocrx_word' id='word_1_280' title='bbox 2138 3229 2194 3280; x_wconf 86' lang='lat' dir='ltr'><strong>et</strong></span> <span class='ocrx_word' id='word_1_281' title='bbox 2229 3241 2422 3279; x_wconf 84' lang='lat' dir='ltr'><strong>severa</strong></span> <span class='ocrx_word' id='word_1_282' title='bbox 2458 3229 2516 3280; x_wconf 87' lang='lat' dir='ltr'><strong>et</strong></span> <span class='ocrx_word' id='word_1_283' title='bbox 2553 3226 2699 3280; x_wconf 89' lang='lat' dir='ltr'><strong>ioco-</strong></span> 
     </span>
     <span class='ocr_line' id='line_1_57' title="bbox 1551 3295 2698 3366; baseline 0 -16"><span class='ocrx_word' id='word_1_284' title='bbox 1551 3313 1629 3365; x_wconf 83' lang='lat' dir='ltr'><strong>sa,</strong></span> <span class='ocrx_word' id='word_1_285' title='bbox 1666 3296 1901 3350; x_wconf 82' lang='lat' dir='ltr'><strong>diversis</strong></span> <span class='ocrx_word' id='word_1_286' title='bbox 1927 3313 2190 3351; x_wconf 82' lang='lat' dir='ltr'><strong>versuum</strong></span> <span class='ocrx_word' id='word_1_287' title='bbox 2217 3295 2515 3366; x_wconf 88' lang='lat' dir='ltr'><strong>generibus</strong></span> <span class='ocrx_word' id='word_1_288' title='bbox 2553 3313 2698 3352; x_wconf 89' lang='lat' dir='ltr'><strong>com-</strong></span> 
     </span>
     <span class='ocr_line' id='line_1_58' title="bbox 1550 3367 2699 3438; baseline 0.001 -16"><span class='ocrx_word' id='word_1_289' title='bbox 1550 3367 1749 3438; x_wconf 84' lang='lat' dir='ltr'><strong>posita.</strong></span> <span class='ocrx_word' id='word_1_290' title='bbox 1823 3367 2136 3422; x_wconf 88' lang='lat' dir='ltr'><strong>Plurimum</strong></span> <span class='ocrx_word' id='word_1_291' title='bbox 2184 3371 2375 3422; x_wconf 85' lang='lat' dir='ltr'><strong>tamen</strong></span> <span class='ocrx_word' id='word_1_292' title='bbox 2421 3369 2493 3423; x_wconf 84' lang='lat' dir='ltr'><strong>ad</strong></span> <span class='ocrx_word' id='word_1_293' title='bbox 2540 3387 2699 3423; x_wconf 87' lang='lat' dir='ltr'><strong>exco-</strong></span> 
     </span>
     <span class='ocr_line' id='line_1_59' title="bbox 1552 3439 2699 3510; baseline 0 -16"><span class='ocrx_word' id='word_1_294' title='bbox 1552 3439 1777 3494; x_wconf 87' lang='lat' dir='ltr'><strong>lendum</strong></span> <span class='ocrx_word' id='word_1_295' title='bbox 1830 3439 1937 3494; x_wconf 88' lang='lat' dir='ltr'><strong>hoc</strong></span> <span class='ocrx_word' id='word_1_296' title='bbox 1980 3456 2155 3510; x_wconf 88' lang='lat' dir='ltr'><strong>genus</strong></span> <span class='ocrx_word' id='word_1_297' title='bbox 2201 3440 2444 3494; x_wconf 87' lang='lat' dir='ltr'><strong>contulit</strong></span> <span class='ocrx_word' id='word_1_298' title='bbox 2488 3439 2546 3496; x_wconf 82' lang='grc' dir='ltr'><strong>Ο.</strong></span> <span class='ocrx_word' id='word_1_299' title='bbox 2585 3440 2699 3494; x_wconf 79' lang='lat' dir='ltr'><strong>Lu-</strong></span> 
     </span>
     <span class='ocr_line' id='line_1_60' title="bbox 1549 3510 2700 3580; baseline 0.001 -15"><span class='ocrx_word' id='word_1_300' title='bbox 1549 3511 1727 3579; x_wconf 72' lang='lat' dir='ltr'><strong>ct&#39;lius,</strong></span> <span class='ocrx_word' id='word_1_301' title='bbox 1765 3527 1933 3580; x_wconf 88' lang='lat' dir='ltr'><strong>eques</strong></span> <span class='ocrx_word' id='word_1_302' title='bbox 1952 3510 2235 3566; x_wconf 87' lang='lat' dir='ltr'><strong>Romanus</strong></span> <span class='ocrx_word' id='word_1_303' title='bbox 2263 3515 2445 3576; x_wconf 86' lang='lat' dir='ltr'><strong>(natus</strong></span> <span class='ocrx_word' id='word_1_304' title='bbox 2472 3511 2700 3568; x_wconf 80' lang='lat' dir='ltr'><strong>Suessae</strong></span> 
     </span>
     <span class='ocr_line' id='line_1_61' title="bbox 1550 3585 2693 3666; baseline -0.001 -29"><span class='ocrx_word' id='word_1_305' title='bbox 1550 3586 1849 3638; x_wconf 78' lang='lat' dir='ltr'><strong>Auruncae</strong></span> <span class='ocrx_word' id='word_1_306' title='bbox 1886 3601 1935 3636; x_wconf 85' lang='lat' dir='ltr'><strong>a.</strong></span> <span class='ocrx_word' id='word_1_307' title='bbox 1972 3601 2105 3666; x_wconf 46' lang='lat' dir='ltr'><strong>u.·c.</strong></span> <span class='ocrx_word' id='word_1_308' title='bbox 2144 3585 2266 3650; x_wconf 88' lang='grc'><strong>606,</strong></span> <span class='ocrx_word' id='word_1_309' title='bbox 2301 3588 2557 3638; x_wconf 85' lang='lat' dir='ltr'><strong>mortuus</strong></span> <span class='ocrx_word' id='word_1_310' title='bbox 2594 3585 2693 3637; x_wconf 77' lang='lat'><strong>651</strong></span> 
     </span>
     <span class='ocr_line' id='line_1_62' title="bbox 1552 3653 2701 3796; baseline 0 -16"><span class='ocrx_word' id='word_1_311' title='bbox 1552 3673 1705 3781; x_wconf 61' lang='grc' dir='ltr'>ἑὲιὲἑ</span> <span class='ocrx_word' id='word_1_312' title='bbox 1733 3653 1821 3782; x_wconf 90' lang='grc' dir='ltr'>ἑὲ</span> <span class='ocrx_word' id='word_1_313' title='bbox 1848 3655 2131 3780; x_wconf 47' lang='lat' dir='ltr'><strong>suffia-122„</strong></span> <span class='ocrx_word' id='word_1_314' title='bbox 2138 3655 2701 3796; x_wconf 54' lang='grc' dir='ltr'>(ὲὲοὲοῗζωῖῗὲἑὲ</span> 
     </span>
     <span class='ocr_line' id='line_1_63' title="bbox 1550 3799 2697 3882; baseline 0 -30"><span class='ocrx_word' id='word_1_315' title='bbox 1550 3799 1879 3882; x_wconf 78' lang='lat' dir='ltr'><strong>propensior</strong></span> <span class='ocrx_word' id='word_1_316' title='bbox 1896 3799 2183 3881; x_wconf 76' lang='lat' dir='ltr'><strong>postulare</strong></span> <span class='ocrx_word' id='word_1_317' title='bbox 2200 3799 2515 3881; x_wconf 79' lang='lat' dir='ltr'><strong>videbatur,</strong></span> <span class='ocrx_word' id='word_1_318' title='bbox 2572 3815 2697 3852; x_wconf 91' lang='lat' dir='ltr'><strong>uae-</strong></span> 
     </span>
     <span class='ocr_line' id='line_1_64' title="bbox 1550 3869 2699 4008; baseline -0.002 -12"><span class='ocrx_word' id='word_1_319' title='bbox 1550 3869 2386 4008; x_wconf 47' lang='lat' dir='ltr'><strong>ffifflssss&#39;ssnssssmssfflnffnti,</strong></span> <span class='ocrx_word' id='word_1_320' title='bbox 2412 3873 2699 3996; x_wconf 56' lang='lat' dir='ltr'><strong>3:¹2AE</strong></span> 
     </span>
     <span class='ocr_line' id='line_1_65' title="bbox 1550 4012 2699 4083; baseline 0 -17"><span class='ocrx_word' id='word_1_321' title='bbox 1550 4013 1718 4068; x_wconf 88' lang='lat' dir='ltr'><strong>nibus</strong></span> <span class='ocrx_word' id='word_1_322' title='bbox 1754 4018 2132 4083; x_wconf 84' lang='lat' dir='ltr'><strong>componeret,</strong></span> <span class='ocrx_word' id='word_1_323' title='bbox 2169 4013 2528 4081; x_wconf 87' lang='lat' dir='ltr'><strong>describeret,</strong></span> <span class='ocrx_word' id='word_1_324' title='bbox 2573 4012 2699 4066; x_wconf 92' lang='lat' dir='ltr'><strong>illu-</strong></span> 
     </span>
     <span class='ocr_line' id='line_1_66' title="bbox 1550 4084 2699 4154; baseline -0.001 -15"><span class='ocrx_word' id='word_1_325' title='bbox 1550 4088 1759 4139; x_wconf 79' lang='lat' dir='ltr'><strong>straret</strong></span> <span class='ocrx_word' id='word_1_326' title='bbox 1782 4085 2198 4154; x_wconf 88' lang='lat' dir='ltr'><strong>propositisque</strong></span> <span class='ocrx_word' id='word_1_327' title='bbox 2223 4085 2498 4139; x_wconf 86' lang='lat' dir='ltr'><strong>malorum</strong></span> <span class='ocrx_word' id='word_1_328' title='bbox 2523 4084 2699 4138; x_wconf 87' lang='lat' dir='ltr'><strong>homi-</strong></span> 
     </span>
     <span class='ocr_line' id='line_1_67' title="bbox 1551 4155 2699 4226; baseline -0.002 -16"><span class='ocrx_word' id='word_1_329' title='bbox 1551 4173 1685 4210; x_wconf 90' lang='lat' dir='ltr'><strong>num</strong></span> <span class='ocrx_word' id='word_1_330' title='bbox 1697 4157 2001 4211; x_wconf 83' lang='lat' dir='ltr'><strong>verissimis</strong></span> <span class='ocrx_word' id='word_1_331' title='bbox 2020 4157 2289 4226; x_wconf 86' lang='lat' dir='ltr'><strong>exemplis</strong></span> <span class='ocrx_word' id='word_1_332' title='bbox 2308 4157 2553 4224; x_wconf 89' lang='lat' dir='ltr'><strong>reliquos</strong></span> <span class='ocrx_word' id='word_1_333' title='bbox 2562 4155 2699 4224; x_wconf 89' lang='lat' dir='ltr'><strong>quid</strong></span> 
     </span>
     <span class='ocr_line' id='line_1_68' title="bbox 1551 4227 2749 4297; baseline -0.002 -15"><span class='ocrx_word' id='word_1_334' title='bbox 1551 4229 1707 4297; x_wconf 89' lang='lat' dir='ltr'><strong>sequi</strong></span> <span class='ocrx_word' id='word_1_335' title='bbox 1753 4227 2023 4282; x_wconf 88' lang='lat' dir='ltr'><strong>deberent</strong></span> <span class='ocrx_word' id='word_1_336' title='bbox 2062 4227 2261 4283; x_wconf 89' lang='lat' dir='ltr'><strong>dooere</strong></span> <span class='ocrx_word' id='word_1_337' title='bbox 2304 4227 2569 4282; x_wconf 89' lang='lat' dir='ltr'><strong>studeret.</strong></span> <span class='ocrx_word' id='word_1_338' title='bbox 2644 4227 2697 4280; x_wconf 92' lang='lat' dir='ltr'><strong>Is</strong></span> <span class='ocrx_word' id='word_1_339' title='bbox 2742 4283 2749 4290; x_wconf 73' lang='grc'><strong>,</strong></span> 
     </span>
     <span class='ocr_line' id='line_1_69' title="bbox 1550 4297 2699 4371; baseline 0 -18"><span class='ocrx_word' id='word_1_340' title='bbox 1550 4299 1789 4371; x_wconf 88' lang='lat' dir='ltr'><strong>triginta</strong></span> <span class='ocrx_word' id='word_1_341' title='bbox 1844 4299 2020 4353; x_wconf 88' lang='lat' dir='ltr'><strong>libros</strong></span> <span class='ocrx_word' id='word_1_342' title='bbox 2064 4300 2365 4353; x_wconf 85' lang='lat' dir='ltr'><strong>satirarum</strong></span> <span class='ocrx_word' id='word_1_343' title='bbox 2416 4297 2699 4368; x_wconf 88' lang='lat' dir='ltr'><strong>scripsisse</strong></span> 
     </span>
     <span class='ocr_line' id='line_1_70' title="bbox 1550 4369 2699 4440; baseline 0 -16"><span class='ocrx_word' id='word_1_344' title='bbox 1550 4371 1763 4439; x_wconf 82' lang='lat' dir='ltr'><strong>fertur3</strong></span> <span class='ocrx_word' id='word_1_345' title='bbox 1803 4387 2121 4440; x_wconf 87' lang='lat' dir='ltr'><strong>quanquam</strong></span> <span class='ocrx_word' id='word_1_346' title='bbox 2146 4370 2245 4425; x_wconf 87' lang='lat' dir='ltr'><strong>alii</strong></span> <span class='ocrx_word' id='word_1_347' title='bbox 2272 4369 2455 4439; x_wconf 88' lang='lat' dir='ltr'><strong>ipsum</strong></span> <span class='ocrx_word' id='word_1_348' title='bbox 2484 4369 2699 4424; x_wconf 90' lang='lat' dir='ltr'><strong>duobus</strong></span> 
     </span>
     <span class='ocr_line' id='line_1_71' title="bbox 1550 4441 2699 4511; baseline -0.001 -15"><span class='ocrx_word' id='word_1_349' title='bbox 1550 4441 1713 4496; x_wconf 83' lang='lat' dir='ltr'><strong>libris</strong></span> <span class='ocrx_word' id='word_1_350' title='bbox 1770 4441 2011 4497; x_wconf 87' lang='lat' dir='ltr'><strong>edidisse</strong></span> <span class='ocrx_word' id='word_1_351' title='bbox 2068 4442 2268 4496; x_wconf 88' lang='lat' dir='ltr'><strong>satiras</strong></span> <span class='ocrx_word' id='word_1_352' title='bbox 2329 4441 2699 4511; x_wconf 85' lang='lat' dir='ltr'><strong>suspicantur,</strong></span> 
     </span>
     <span class='ocr_line' id='line_1_72' title="bbox 1552 4513 2700 4584; baseline 0 -17"><span class='ocrx_word' id='word_1_353' title='bbox 1552 4529 1690 4583; x_wconf 90' lang='lat' dir='ltr'><strong>quos</strong></span> <span class='ocrx_word' id='word_1_354' title='bbox 1738 4513 1964 4582; x_wconf 88' lang='lat' dir='ltr'><strong>quidem</strong></span> <span class='ocrx_word' id='word_1_355' title='bbox 2010 4517 2207 4583; x_wconf 87' lang='lat' dir='ltr'><strong>postea</strong></span> <span class='ocrx_word' id='word_1_356' title='bbox 2244 4513 2599 4584; x_wconf 83' lang='lat' dir='ltr'><strong>grammatici</strong></span> <span class='ocrx_word' id='word_1_357' title='bbox 2641 4514 2700 4567; x_wconf 89' lang='lat' dir='ltr'><strong>in</strong></span> 
     </span>
     <span class='ocr_line' id='line_1_73' title="bbox 1550 4585 2700 4656; baseline 0.001 -16"><span class='ocrx_word' id='word_1_358' title='bbox 1550 4585 1793 4641; x_wconf 85' lang='lat' dir='ltr'><strong>minores</strong></span> <span class='ocrx_word' id='word_1_359' title='bbox 1820 4591 2011 4654; x_wconf 86' lang='lat' dir='ltr'><strong>partes</strong></span> <span class='ocrx_word' id='word_1_360' title='bbox 2046 4585 2431 4655; x_wconf 84' lang='lat' dir='ltr'><strong>distraxerint,</strong></span> <span class='ocrx_word' id='word_1_361' title='bbox 2454 4586 2700 4656; x_wconf 86' lang='lat' dir='ltr'><strong>priorem</strong></span> 
     </span>
    </p>
   </div>
  </div>
 </body>
</html>
