3092 5059
426 191 550 258 598

1312 186 1929 254 EPISTULARUM

531 377 1019 464 Perdiderat;
1073 376 1430 476 posthoc
1465 376 1873 451 vehemens
1926 374 2153 472 lupus
2204 389 2281 450 et
2318 375 2465 450 sibi
2514 386 2591 448 et
2628 373 2849 448 hosti

526 502 775 580 Iratus
829 503 1138 601 pariter,
1193 501 1468 578 ieiunis
1521 500 1877 577 dentibus
1935 527 2136 598 acer,

444 663 496 702 ao
531 626 1009 703 Praesidium
1057 613 1318 725 regale
1371 627 1546 724 loco
1602 627 1899 722 deiecit,
1958 639 2041 700 ut
2086 627 2320 722 aiunt,

530 753 844 829 Summe
895 754 1189 828 munito
1243 765 1320 828 et
1365 751 1775 826 multarum
1830 750 2068 825 divite
2121 775 2397 826 rerum.

534 878 806 958 Clarus
861 880 960 953 ob
1013 878 1092 953 id
1147 881 1438 954 factum
1495 877 1714 952 donis
1764 889 2080 951 ornatur
2133 875 2497 971 honestis,

537 1003 842 1100 Accipit
893 1018 966 1080 et
1025 1004 1136 1078 bis
1194 1002 1398 1079 dena
1449 1029 1679 1100 super
1731 1003 2082 1077 sestertia
2130 1025 2554 1075 nummum.

534 1129 765 1204 Forte
809 1131 950 1204 sub
1005 1129 1152 1205 hoc
1203 1143 1504 1230 tempus
1560 1127 1959 1204 castellum
2010 1139 2353 1202 evertere
2403 1137 2723 1220 praetor

452 1287 502 1328 aa
537 1253 812 1329 Nescio
867 1252 1082 1352 quod
1129 1253 1442 1351 cupiens
1495 1252 1788 1328 hortari
1844 1252 2101 1352 coepit
2153 1247 2484 1325 eundem

535 1377 836 1474 Verbis,
875 1404 1070 1478 quae
1106 1378 1379 1453 timido
1419 1404 1729 1478 quoque
1778 1389 2089 1474 possent
2130 1374 2421 1452 addere
2466 1386 2853 1448 mentem:

536 1504 644 1598 „I,
702 1505 923 1600 bone,
980 1528 1134 1602 quo
1185 1505 1428 1578 virtus
1481 1519 1610 1579 tua
1664 1516 1741 1578 te
1792 1516 2038 1596 vocat,
2090 1502 2119 1576 i
2170 1500 2368 1601 pede
2423 1499 2711 1593 fausto,

538 1627 888 1704 Grandia
935 1629 1226 1705 laturus
1271 1629 1720 1704 meritorum
1774 1628 2142 1728 praemia.

2248 1625 2455 1717 Quid
2506 1637 2663 1698 stas
2678 1619 2771 1696 ⁴?“

541 1754 720 1828 Post
769 1753 962 1829 haec
1011 1753 1146 1829 ille
1200 1766 1407 1828 catus
1457 1753 1946 1852 quantumvis
1998 1751 2361 1827 rusticus:
2420 1747 2653 1846 „Ibit,

351 1968 356 1974 .
456 1910 506 1949 ιο
540 1877 699 1953 Ibit
751 1903 840 1954 eo
899 1904 1051 1977 quo
1108 1879 1222 1953 vis
1277 1879 1407 1978 qui
1463 1905 1735 1953 zonam
1790 1872 2204 1973 perdidit“,
2258 1875 2529 1974 inquit.

538 2007 830 2080 Romae
881 2004 1158 2079 nutriri
1210 2003 1398 2078 mihi
1451 2003 1773 2101 contigit
1822 2016 2055 2101 atque
2102 2001 2385 2096 doceri,

537 2129 792 2205 Iratus
843 2129 1072 2205 Grais
1126 2140 1496 2227 quantum
1551 2129 1933 2203 nocuisset
1982 2126 2351 2201 Achilles.

544 2255 926 2330 Adiecere
975 2255 1225 2330 bonae
1279 2254 1508 2352 paulo
1554 2253 1729 2353 plus
1782 2253 1963 2327 artis
2013 2251 2384 2326 Athenae.

542 2379 850 2455 Scilicet
898 2394 984 2455 ut
1033 2405 1334 2478 possem
1393 2387 1630 2483 curvo
1683 2377 2086 2452 dinoscere
2137 2389 2431 2451 rectum

459 2538 508 2580 au
544 2503 807 2604 Atque
851 2506 1050 2580 inter
1102 2503 1332 2580 silvas
1387 2504 1764 2580 Academi
1818 2529 2189 2602 quaerere
2242 2527 2532 2577 verum.

441 2751 635 2822 assem]
675 2753 708 2806 i.
747 2770 794 2806 e.
829 2753 903 2808 ad
943 2753 1204 2809 ultimum
1241 2772 1434 2820 assem,
1471 2758 1597 2808 tota

440 2824 554 2895 (bis
592 2823 693 2877 auf
714 2823 822 2880 den
847 2825 1128 2895 Pfennig).
1155 2855 1218 2864 —
1243 2826 1360 2881 loco
1386 2825 1595 2895 deiecit]

440 2897 564 2950 loco
614 2897 830 2951 munito
879 2896 1111 2965 depulit.
1190 2897 1298 2952 Cic.
1348 2896 1593 2966 Philipp.

443 2967 593 3029 VIII,
613 2969 671 3021 6:
701 2967 912 3036 „deieci
935 2969 1330 3051 praesidium.“
1359 2968 1482 3022 Liv.
1499 2967 1595 3035 IV,

443 3042 538 3093 53:
580 3007 846 3107 „dei’ectis
868 3040 966 3108 qui
991 3041 1048 3093 in
1073 3041 1352 3109 praesidio
1379 3041 1595 3094 erantf‘

447 3139 509 3150 -
539 3079 725 3180 di'vite]
766 3111 850 3166 De
886 3113 1147 3182 genetivo
1186 3112 1254 3167 cf.
1295 3111 1596 3178 Carm.1V,

445 3185 496 3248 8,
528 3183 578 3234 5.
610 3212 670 3220 -
700 3181 959 3252 honestis]
998 3183 1333 3238 honorificis.
1415 3183 1600 3238 Erant

448 3257 635 3308 autem
661 3259 904 3322 torques,
929 3255 1179 3321 catellae,
1207 3255 1490 3324 phalerae,
1511 3273 1598 3310 ar-

445 3325 653 3393 millae,
672 3325 832 3381 hasta
867 3343 1025 3395 pura.
1065 3327 1323 3382 Ceterum
1346 3326 1593 3394 Paulyus

449 3402 506 3452 et
529 3365 807 3450 Lin’kerus
833 3415 901 3451 ex
932 3397 1051 3452 cod.
1082 3398 1279 3452 Bland.
1308 3399 1599 3467 antiquiss.

447 3473 506 3522 et
545 3468 711 3524 Goth.
749 3470 800 3523 2.
838 3470 1040 3536 opimis
1090 3475 1438 3539 receperunt,
1486 3487 1601 3524 non

447 3540 584 3594 satis
622 3541 796 3595 cauti:
836 3540 1023 3611 glossa
1047 3545 1244 3596 exorta
1279 3545 1365 3595 est
1401 3559 1470 3595 ex
1502 3541 1598 3596 do—

449 3617 540 3666 cta
583 3612 1078 3681 interpretatione3
1130 3630 1260 3666 nam
1305 3613 1439 3666 satis
1489 3613 1599 3666 fre-

450 3700 623 3752 quens
645 3689 730 3737 est
755 3684 902 3752 apud
923 3683 1155 3738 Latinos
1177 3684 1360 3752 opima
1383 3683 1602 3753 praeda

450 3759 507 3809 et
563 3754 828 3810 dicuntur
881 3755 1089 3810 milites
1144 3755 1356 3824 praeda
1411 3755 1598 3825 opimi.

449 3825 694 3882 Pecunia
751 3830 937 3880 autem
993 3827 1222 3896 insuper
1269 3826 1599 3886 addebatur,

447 3903 514 3953 ut
551 3898 798 3952 ostendit
841 3900 1134 3966 insequens
1171 3916 1372 3953 versus.
1419 3927 1480 3937 --
1517 3899 1603 3952 bis

445 3969 610 4037 dena]
633 3991 702 4016 =
725 3969 948 4024 circiter
975 3971 1116 4023 3000
1139 3969 1309 4024 Marc.
1340 3970 1597 4024 German.

450 4069 515 4080 -
567 4041 813 4111 mentem]
873 4042 1137 4104 animum,
1193 4040 1599 4104 fortitudinem,

447 4117 512 4170 ut
557 4112 722 4184 Verg.
769 4115 909 4167 Aen.
959 4112 1086 4179 XII,
1135 4115 1256 4169 609.
1315 4143 1380 4152 —
1438 4114 1575 4167 bone

447 4185 578 4238 vide
623 4185 694 4238 ad
743 4183 858 4238 Sat.
905 4184 974 4244 ΙΙ,
1029 4187 1081 4252 2,
1132 4188 1176 4237 1.
1237 4213 1299 4222 —
1357 4187 1575 4240 laturus

447 4257 578 4311 vide
619 4255 692 4310 ad
731 4257 909 4310 Carm.
947 4255 1041 4323 IV,
1079 4258 1130 4316 8,
1170 4259 1220 4310 5.
1270 4287 1335 4295 -
1377 4256 1596 4325 sonam]

447 4322 756 4396 βαλάντιον,
779 4327 1096 4382 Geldkatze.
1119 4327 1406 4398 Lamprid.
1433 4327 1599 4382 Alex.

449 4398 572 4453 Sev.
598 4399 692 4453 62.
733 4399 931 4466 „Miles
967 4416 1081 4452 non
1105 4399 1272 4455 timet
1295 4399 1404 4453 nisi
1430 4400 1595 4453 vesti-

450 4475 560 4536 tus,
597 4475 862 4534 armatus,
913 4470 1190 4525 calceatus
1235 4474 1296 4525 et
1339 4475 1496 4524 satur
1545 4475 1603 4524 et

453 4539 664 4594 habens
705 4541 918 4609 aliquid
955 4542 1014 4596 in
1048 4541 1240 4598 sanast
1277 4571 1337 4581 -—
1378 4541 1603 4611 Romae]

1686 2753 1860 2822 Idem,
1899 2754 2099 2822 inquit,
2125 2754 2195 2807 de
2218 2771 2309 2808 me
2346 2770 2570 2822 quoque
2596 2754 2843 2808 iudican-

1688 2827 1840 2890 dum,
1877 2843 2007 2881 nam
2042 2829 2145 2880 cet.
2194 2853 2259 2864 -—
2302 2826 2491 2879 iratus
2527 2824 2725 2895 Grais]
2766 2825 2844 2879 Si·

1688 2895 2029 2968 gnificantur
2086 2896 2387 2951 Homerica
2444 2897 2717 2964 carmina,
2776 2898 2843 2951 de

1688 2985 1929 3038 quorum
1969 2969 2027 3022 in
2054 2968 2259 3022 scholis
2296 2968 2538 3023 lectione
2580 2969 2734 3052 locus
2762 2975 2841 3022 cst

1688 3039 1860 3094 Plinii
1896 3039 2076 3110 Epist.
2117 3039 2190 3108 11,
2234 3042 2318 3106 14,
2355 3041 2414 3093 2.
2456 3039 2589 3107 ,S,ic
2622 3041 2684 3094 in
2720 3040 2841 3094 foro

1687 3130 1891 3196 pueros
1929 3129 1964 3166 a
2000 3111 2497 3166 centumviralibus
2532 3113 2715 3165 causis
2752 3130 2845 3165 au·

1690 3184 1912 3254 spicari,
1958 3189 2023 3237 ut
2066 3184 2140 3237 ab
2188 3183 2433 3237 Homero
2482 3183 2540 3236 in
2588 3183 2841 3237 scholis.“

1690 3255 1923 3322 Quintil.
1950 3254 1994 3319 1,
2032 3257 2083 3322 8,
2117 3257 2174 3309 ὃς
2224 3253 2485 3324 „Optime
2522 3254 2844 3308 institutum

1690 3331 1791 3390 est,
1837 3331 1902 3381 ut
1955 3327 2027 3381 ab
2074 3325 2319 3380 Homero
2375 3332 2545 3395 atque
2597 3325 2710 3380 Ver
2756 3327 2844 3380 ‘lio

1693 3398 1861 3452 lectio
1909 3397 2232 3466 inciperet.“
2308 3397 2387 3450 Et
2431 3395 2532 3450 cfr.
2580 3397 2657 3451 id.
2740 3439 2752 3459 ,
2804 3401 2827 3449 l

1699 3471 1788 3524 12:
1831 3473 1918 3537 „A
1956 3468 2167 3524 Graeco
2194 3485 2449 3524 sermone
2484 3485 2728 3538 puerum
2763 3471 2841 3522 in-

1694 3541 1879 3610 cipere
1904 3541 2068 3601 malo,
2098 3541 2233 3610 quia
2257 3540 2544 3606 Latinum,
2582 3542 2683 3609 qui
2728 3541 2843 3610 plu—

1693 3613 1849 3666 ribus
1886 3613 1945 3665 in
1993 3629 2093 3665 usu
2132 3617 2233 3674 est,
2274 3613 2365 3666 vel
2410 3611 2573 3666 nobis
2610 3613 2846 3667 nolenti·

1693 3685 1797 3737 bus
1835 3684 2113 3752 perbibet,
2150 3683 2316 3736 simul
2366 3683 2499 3751 quia
2535 3683 2843 3753 disciplinis

1696 3772 1951 3894 qtssoqued
1979 3755 2203 3880 Graecis
2238 3755 2437 3879 tprin?1
2468 3754 2843 3880 institutendus

1695 3845 1751 3881 es
1836 3845 1910 3879 un
1953 3845 1983 3880 e
2032 3845 2063 3880 e
2134 3844 2235 3880 nos
2264 3844 2361 3880 rae
2438 3843 2657 3880 uxerun
2777 3856 2843 3865 —

1695 3897 1965 3967 Athenae]
2016 3899 2145 3952 vide
2194 3915 2366 3966 supra
2412 3915 2468 3966 p.
2505 3899 2555 3951 8.
2654 3899 2843 3953 Bonae

1696 3970 2055 4038 appellantur
2081 3970 2337 4025 Athenae
2360 3973 2599 4038 propter
2623 3975 2841 4040 gratam

1697 4041 2021 4096 memoriam
2060 4043 2176 4095 eius
2221 4039 2511 4109 temporis,
2562 4059 2674 4109 quo
2727 4045 2843 4095 erat

1695 4119 1865 4183 poeta
1899 4112 2153 4167 Athenis.
2234 4111 2631 4166 Doederlinius
2671 4129 2841 4182 nuper

1698 4185 1987 4240 coniunxit
2010 4185 2179 4239 bonae
2204 4185 2374 4252 arti83
2414 4201 2616 4238 vereor
2638 4201 2711 4238 ne
2736 4201 2843 4238 non

1696 4261 1873 4322 recte3
1908 4255 2170 4310 dicebant
2206 4261 2355 4310 artes
2382 4255 2672 4326 ingenuas.
2712 4255 2841 4310 libe·

1696 4328 1867 4394 rales;
1920 4329 2019 4382 sed
2070 4347 2183 4383 non
2217 4328 2449 4382 memini
2484 4343 2576 4382 me
2614 4345 2841 4396 usquam

1695 4401 1891 4454 bonam
1938 4405 2111 4454 artem
2163 4399 2357 4454 eodem
2416 4415 2581 4452 sensu
2639 4400 2840 4470 legere3

1694 4469 1903 4540 plurali
1926 4489 2156 4525 numero
2182 4471 2385 4540 (bonae
2420 4471 2595 4538 artes)
2621 4471 2703 4524 sic
2736 4470 2839 4524 for-

1696 4549 1843 4597 tasse
1902 4543 1990 4597 usi
2040 4547 2173 4597 sunt
2228 4541 2469 4612 antiqui,
2528 4559 2655 4596 cum
2700 4541 2842 4612 apud
