3092 5059
1190 988 1970 1079 PRAEFATIO.

583 1337 782 1417 Oum
833 1351 1012 1437 post
1061 1340 1553 1438 gravissimos
1593 1344 2117 1445 Peerlkampii
2166 1346 2246 1421 in
2281 1344 2589 1422 Horatii
2622 1370 2785 1422 car-

383 1464 599 1540 mina
633 1464 968 1565 impetus
1017 1466 1243 1542 multi
1307 1469 1725 1567 praecipue
1774 1472 1854 1547 in
1912 1471 2329 1551 Germania
2378 1470 2527 1547 viri
2578 1471 2790 1547 docti

383 1588 468 1664 in
519 1588 852 1666 Horatio
916 1602 992 1668 et
1059 1592 1639 1692 interpretando
1703 1609 1781 1673 et
1850 1596 2346 1695 defendendo
2410 1597 2787 1673 acerrimo

385 1710 647 1788 studio
685 1712 1210 1791 elaborassent
1241 1714 1339 1792 de
1373 1715 1885 1818 plurimisque
1916 1719 2043 1796 vel
2090 1720 2271 1797 totis
2320 1722 2789 1797 carminibus

382 1836 512 1914 vel
567 1837 892 1936 sing-ulis
943 1840 1294 1916 versibus
1344 1843 1629 1918 rectius
1684 1868 1915 1942 quam
1967 1857 2198 1922 antea
2250 1856 2447 1920 esset
2497 1844 2788 1921 factum

382 1962 866 2055 iudicassent,
945 1990 1102 2041 non
1177 1968 1430 2064 potuit
1493 1993 1651 2044 non
1716 1968 1968 2044 videri
2029 1969 2395 2070 optabile,
2463 1983 2551 2045 ut
2598 1968 2789 2044 tanti

385 2086 627 2163 studii
662 2110 755 2163 ac
801 2086 1094 2163 laboris
1135 2090 1428 2165 fructus
1474 2090 1913 2166 scholarum
1950 2092 2029 2167 in
2071 2118 2291 2167 usum
2332 2090 2787 2189 colligeren-

381 2226 513 2289 tur
563 2213 1124 2314 iuvenibusque
1167 2216 1663 2315 antiquarum
1714 2216 2142 2294 litterarum
2180 2217 2457 2319 opibus
2512 2215 2611 2291 ad
2646 2216 2785 2291 hu-

386 2339 838 2415 manitatem
889 2338 1402 2416 informandis
1449 2339 1823 2442 carpendi
1870 2341 2509 2442 percipiendique
2560 2341 2787 2419 offer-

387 2475 676 2540 rentur.
744 2462 975 2557 Quod
1027 2491 1304 2540 munus
1359 2492 1534 2541 cum
1588 2492 1734 2565 ego
1788 2468 2279 2564 susciperem,
2330 2479 2407 2543 et
2456 2466 2788 2542 aliorum

385 2588 732 2665 virorum
775 2615 1105 2689 quorum
1152 2591 1683 2667 auctoritatem
1726 2590 2041 2667 maximi
2074 2615 2382 2693 semper
2420 2591 2783 2667 haberem

383 2713 766 2791 voluntati
815 2715 1009 2791 cessi
1058 2740 1311 2815 neque
1353 2729 1687 2814 quantae
1722 2715 1825 2793 ad
1878 2740 2052 2792 eam
2100 2740 2267 2793 rem
2309 2717 2627 2791 honeste
2664 2742 2787 2791 su-

383 2840 820 2916 stinendam
873 2841 1355 2940 superandae
1394 2854 1647 2917 essent
1680 2842 2175 2919 difficultates
2227 2840 2389 2917 ullo
2442 2866 2785 2939 unquam

383 2978 739 3063 tempore
800 2966 968 3067 ipse
1017 2988 1144 3041 me
1205 2967 1473 3043 celavi.
1578 2968 1799 3044 Nunc
1857 2992 2027 3043 cum
2082 2968 2165 3043 in
2218 2992 2309 3043 eo
2362 2967 2509 3041 sim
2558 2977 2643 3041 ut
2692 2964 2784 3039 li-

381 3092 610 3167 brum
669 3092 1036 3189 emittam,
1091 3094 1298 3169 viam
1351 3119 1582 3192 quam
1636 3095 1717 3169 in
1768 3091 2347 3169 conscribendis
2396 3116 2784 3166 commen-

379 3218 598 3295 tariis
649 3230 946 3296 secutus
999 3220 1144 3295 sim
1185 3220 1520 3295 breviter
1550 3218 2129 3294 monstrandam
2170 3216 2360 3293 mihi
2411 3241 2576 3292 esse
2629 3216 2783 3292 exi-

381 3345 638 3421 stimo.
689 3344 994 3421 Etenim
1045 3358 1338 3421 rectam
1391 3345 1609 3420 illam
1650 3343 1965 3443 quidem
2022 3368 2187 3419 esse
2238 3340 2576 3437 confido3
2634 3366 2779 3438 ego

381 3480 644 3545 autem
710 3481 968 3546 utrum
1021 3471 1451 3546 constantia
1503 3483 1584 3546 et
1630 3469 1927 3545 viribus
1980 3468 2163 3545 satis
2223 3467 2560 3543 munitus
2614 3490 2781 3541 eam

383 3594 848 3691 perfecerim
899 3620 1000 3669 an
1050 3594 1549 3670 facultatibus
1601 3593 2009 3669 destitutus
2060 3592 2247 3669 illuc
2312 3616 2463 3691 quo
2518 3589 2783 3667 tende·

381 3744 546 3794 rem
610 3743 770 3793 non
820 3718 1312 3818 pervenerim
1387 3718 1466 3793 in
1535 3716 2035 3816 occultosque
2094 3715 2437 3793 tramites
2512 3714 2782 3790 devius

385 3841 960 3937 declinaverim,
989 3841 1111 3918 illi
1140 3840 1512 3919 videbunt
1545 3841 1827 3941 quibus
1884 3840 1983 3916 de
2034 3839 2151 3915 his
2202 3839 2435 3949 rebus
2486 3852 2783 3916 rectum

383 3966 530 4044 erit
577 3981 658 4043 et
701 3992 1040 4068 aequum
1089 3966 1484 4042 iudicium.
1535 3968 1793 4065 Atque
1834 3967 1913 4041 in
1954 3965 2531 4042 conscribendis
2573 3990 2781 4040 com-

385 4092 804 4190 mentariis,
887 4092 1164 4192 quibus
1248 4092 1871 4169 adulescentibus
1950 4092 2281 4168 maxime
2326 4089 2779 4167 'consultum

382 4216 760 4315 volumus,
807 4217 890 4293 id
939 4229 1118 4295 ante
1153 4217 1412 4293 omnia
1453 4218 1883 4294 cavendum
1935 4230 2070 4315 est,
2110 4242 2211 4293 ne
2248 4215 2551 4292 diversa
2602 4240 2783 4289 con-

382 4343 562 4419 silia
609 4342 1169 4425 confundentes
1219 4343 1456 4418 modo
1510 4344 1791 4418 altiora
1838 4344 2373 4444 praebeamus,
2424 4340 2529 4418 ad
2582 4364 2783 4439 quae

381 4467 740 4544 iuvenilis
791 4467 1092 4545 animus
1153 4494 1312 4543 non
1377 4469 1559 4546 satis
1617 4479 1929 4565 paratus
1978 4467 2315 4565 accedat,
2378 4464 2611 4541 modo
2666 4464 2779 4539 vi-

383 4591 586 4669 liora
617 4616 1120 4691 apponamus,
1165 4594 1444 4695 quibus
1493 4592 1685 4668 nihil
1719 4590 1853 4668 ille
1892 4590 2143 4669 alatur
2175 4602 2307 4669 aut
2356 4590 2557 4668 vires
2601 4615 2777 4688 pos-
