3092 5059
401 266 473 303 xx
1025 228 1514 301 PRAEFATIO
1562 226 2011 295 EDITIONIS
2056 227 2164 293 v1.

406 423 609 519 didi3
665 434 1110 519 conspectus
1139 420 1368 496 etiam
1407 431 1825 494 metrorum
1865 413 2241 515 quaedam
2276 412 2801 490 additamenta

404 548 714 648 accepit.

611 669 1111 749 Vratislaviae
1163 666 1359 743 Idib.
1413 668 1597 743 Mai.
1658 662 2336 745 MDCCCLXVII.

1235 1396 1392 1482 PR
1411 1396 1481 1481 A
1505 1397 1575 1480 E
1594 1398 1661 1481 F
1679 1395 1749 1480 A
1771 1396 1888 1481 ΤΙ
1913 1396 1977 1482 Ο

1303 1584 1761 1654 nnlrioms
1802 1586 1911 1651 vl.

617 1914 865 2007 Quam
938 1912 1408 2011 explicandis
1479 1912 1787 1987 Horatii
1866 1911 2230 2011 operibus
2297 1937 2439 2009 per
2514 1922 2801 2009 sept-em

412 2042 657 2117 lustra
723 2040 1161 2117 continuam
1226 2039 1508 2113 navavi
1578 2062 1893 2138 operam
1964 2048 2041 2113 et
2102 2036 2579 2133 industriam,
2635 2061 2804 2113 eam

415 2192 513 2255 n,e
565 2190 768 2241 nunc
821 2163 1158 2262 quidem,
1217 2188 1388 2239 cum
1424 2162 1822 2239 divendita
1854 2162 2340 2260 superiorum
2384 2162 2809 2237 editionum

415 2289 597 2365 satis
653 2314 932 2385 magna
983 2288 1208 2384 eopia
1258 2300 1559 2363 sextum
1612 2287 1811 2363 liber
1865 2299 2065 2363 esset
2116 2285 2597 2382 emittenduS,
2650 2286 2805 2363 Ve-

414 2414 687 2491 nusino
741 2428 1017 2511 poetae
1072 2413 1388 2489 detraxi.
1444 2412 1769 2489 Luciani
1822 2410 2198 2506 Muelleri,
2258 2407 2580 2508 Lehrsii,
2618 2410 2811 2489 Kel-

410 2539 559 2614 leri
608 2537 1094 2638 Holderique
1165 2538 1540 2615 editiones
1616 2537 2079 2637 comparavi,
2134 2536 2459 2613 aliorum
2527 2536 2655 2612 vel
2718 2537 2809 2612 li-

414 2664 594 2739 bros
654 2663 777 2739 vel
844 2663 1520 2741 commentationes
1592 2662 2006 2761 diligenter
2062 2663 2243 2761 legi,
2310 2677 2387 2739 et
2440 2662 2810 2762 quiequid

416 2784 538 2862 vel
593 2785 667 2859 in
719 2799 994 2885 poetae
1038 2786 1276 2887 ipsius
1328 2786 1676 2861 versibus
1731 2785 1854 2860 vel
1922 2785 2003 2859 in
2057 2785 2242 2861 meis
2296 2786 2811 2863 adnotationi-

415 2910 557 2984 bus
605 2910 852 2988 minus
909 2910 1105 2987 bene
1155 2912 1524 3011 scriptum
1576 2923 1792 3007 esset,
1844 2910 1926 2984 id
1988 2925 2341 2987 accurate
2395 2913 2811 2989 emendare

413 3035 696 3110 studui.
799 3035 996 3111 Inde
1066 3036 1352 3111 factum
1423 3048 1557 3130 est,
1625 3048 1707 3109 ut
1756 3035 2119 3113 lectiones
2180 3036 2463 3137 septies
2516 3050 2813 3113 mutare

416 3186 766 3260 cogerer:
864 3164 1119 3239 Carm.
1175 3158 1320 3255 ΙΙΙ,
1381 3166 1494 3256 14,
1555 3164 1668 3234 11.
1772 3159 1922 3239 Sat.
1978 3160 2041 3258 Ι,
2096 3164 2165 3256 6,
2224 3164 2341 3235 75.
2446 3161 2506 3257 Ι,
2564 3167 2635 3253 7,
2688 3167 2806 3236 34.

414 3286 517 3383 ΙΙ,
577 3292 644 3382 3,
698 3290 865 3363 183.
915 3290 1084 3363 216.
1189 3286 1431 3383 Epist.
1485 3286 1546 3381 l,
1606 3291 1673 3383 6,
1706 3290 1841 3363 35.
1938 3284 2043 3376 Π,
2103 3293 2168 3382 1,
2242 3288 2423 3380 198;
2501 3312 2633 3362 eur
2708 3287 2813 3363 ita

416 3412 830 3505 videretur,
883 3414 961 3485 in
1013 3412 1200 3506 ipsis
1251 3411 1441 3485 locis
1501 3412 1825 3487 ostendi.
1907 3412 2259 3510 Denique
2301 3410 2450 3485 hoc
2505 3436 2813 3510 quoque

417 3535 934 3637 profitendum
1000 3548 1136 3630 est,
1191 3562 1395 3611 nune-
1463 3564 1589 3613 me
1643 3536 2281 3634 orthographiam
2346 3536 2659 3611 latinam
2712 3537 2811 3613 ad

416 3686 584 3736 eam
637 3662 1036 3758 rationem,
1091 3686 1287 3760 quae
1323 3688 1370 3737 a
1403 3662 1918 3741 Brambackio
1956 3663 2281 3761 probata
2323 3675 2454 3757 est,
2486 3680 2811 3738 ‘accom-

415 3786 803 3883 modasse3
881 3787 958 3865 in
1036 3811 1189 3886 qua
1253 3813 1337 3863 re
1400 3787 1595 3863 illud
1662 3813 1782 3862 me
1852 3789 2190 3863 maxime
2257 3788 2524 3883 movit,
2604 3786 2837 3894 quod

416 3925 753 3987 rectores
813 3910 1274 4005 scholarum,
1350 3914 1480 4014 qui
1547 3939 1645 3989 ex
1712 3925 1871 3986 tota
1927 3912 2071 3989 hac
2126 3911 2569 3989 Silesi'arum
2635 3938 2815 4012 pro-

419 4036 673 4113 vincia
738 4049 915 4111 ante
979 4062 1264 4113 annum
1331 4051 1404 4115 et
1457 4037 1865 4113 dimidium
1918 4037 2377 4115 Suidnitiam
2434 4062 2815 4114 convene·-

417 4172 610 4257 rant,
689 4188 930 4261 prope
999 4188 1264 4237 omnes
1341 4190 1645 4239 meeum
1716 4162 2313 4258 consentiebant,
2392 4162 2815 4239 curandum

419 4312 604 4381 esse,
677 4300 762 4361 ut
821 4288 898 4361 in
959 4288 1383 4364 scribendis
1448 4288 1703 4364 latinis
1764 4288 2013 4365 verbis
2076 4313 2235 4363 non
2279 4288 2533 4364 minus
2582 4313 2813 4386 quam

416 4412 496 4487 in
563 4414 834 4509 patriis
892 4413 1204 4489 tandem
1267 4439 1379 4509 ea,
1451 4440 1605 4513 qua
1666 4440 1869 4489 nunc
1927 4413 2429 4507 luxuriemur,
2502 4412 2815 4489 lieentia.

421 4537 973 4639 depelleretur,
1053 4565 1197 4617 nec
1267 4539 1536 4615 melius
1616 4538 1699 4615 id
1768 4553 1900 4615 aut
1973 4539 2250 4615 rectius
2318 4538 2488 4615 fieri
2564 4564 2817 4637 posse,
