3092 5059
358 244 482 309 278

1333 238 1791 307 CARMINUM

1221 432 1602 519 CARMEN
1662 431 1885 516 XIII.

764 598 1179 695 Audivere,
1230 600 1457 700 Lyce,
1515 597 1595 673 di
1645 621 1818 672 mea
1867 608 2069 689 vota,
2126 592 2207 669 di

758 723 1176 819 Audivere,
1232 724 1475 824 Lyce:
1526 722 1616 797 fis
1670 748 1859 797 anus
1913 733 1988 797 et
2036 732 2293 795 tamen

855 850 994 925 Vis
1047 852 1390 925 formosa
1441 847 1689 923 videri

961 973 1357 1073 Ludisque
1411 986 1486 1049 et
1535 974 1738 1048 bibis
1788 970 2194 1069 impudens

707 1156 731 1197 ις
762 1125 859 1199 Et
908 1141 1133 1200 cantu
1185 1123 1512 1200 tremulo
1568 1134 1751 1221 pota
1802 1120 2262 1221 Cupidinem

764 1246 1093 1322 Lentum
1136 1246 1522 1322 sollicitas.

1620 1246 1767 1322 Ille
1818 1246 2136 1321 virentis
2190 1258 2267 1320 et

857 1371 1143 1447 Doctae
1193 1371 1526 1470 psallere
1580 1371 1817 1449 Chiae

959 1495 1310 1572 Pulchris
1364 1496 1686 1573 excubat
1735 1498 1816 1571 in
1868 1496 2107 1592 genis.

762 1649 1258 1750 Importunus
1311 1650 1514 1725 enim
1569 1647 1990 1724 transvolat
2040 1646 2294 1723 aridas

681 1808 730 1847 ιο
764 1775 1106 1868 Quercus
1160 1788 1238 1850 et
1287 1775 1580 1873 refugit
1629 1786 1703 1849 te
1758 1774 1938 1873 quia
1985 1772 2225 1848 luridi

859 1899 1165 1997 Dentes,
1218 1913 1296 1976 te
1350 1900 1531 1999 quia
1581 1922 1823 1996 rugae

963 2024 1311 2126 Turpant
1362 2038 1439 2101 et
1492 2025 1763 2126 capitis
1804 2026 2043 2099 nives.

759 2175 921 2252 Nec
972 2176 1178 2255 Coae
1228 2174 1572 2250 referunt
1623 2175 1775 2248 iam
1826 2173 1970 2248 tibi
2020 2198 2412 2271 purpurae

718 2471 993 2525 Carmen
1031 2468 1184 2523 XIII.

433 2567 676 2623 Etiamsi
720 2567 828 2621 hoc
878 2583 1104 2621 carmen
1156 2564 1511 2620 referendum

363 2638 624 2693 videatur
651 2638 720 2693 ad
745 2638 846 2706 ΠΙ,
869 2640 952 2704 10,
980 2643 1162 2692 tamen
1185 2638 1322 2691 satis
1342 2637 1512 2705 longo

363 2711 636 2779 temporis
695 2680 995 2765 intervallo
1050 2713 1180 2779 post
1241 2708 1512 2775 scriptum

363 2787 464 2835 est.
537 2782 682 2836 Nam
741 2799 883 2851 quae
943 2782 1023 2835 ibi
1078 2784 1262 2835 aetate
1319 2778 1514 2833 floruit

362 2853 525 2922 Lyce,
571 2852 665 2906 hic
700 2871 838 2907 anus
887 2852 1038 2907 facta
1083 2870 1153 2906 ne
1198 2851 1353 2921 rugis
1391 2849 1511 2919 qui-

363 2924 490 2979 dem
513 2925 624 2979 oris
653 2923 989 2993 deterretur,
1015 2942 1126 2994 quo
1153 2924 1335 2977 minus
1361 2939 1511 2975 amo-

362 3014 451 3051 res
486 3001 710 3051 nectere
750 2997 998 3064 studeat3
1052 3000 1110 3051 et
1155 3012 1322 3063 quam
1368 2994 1513 3047 iram

363 3068 444 3123 ibi
495 3071 663 3138 poeta
707 3067 890 3137 Lycae
939 3068 1184 3122 minatus
1235 3070 1335 3133 est,
1391 3082 1516 3118 eam

363 3140 470 3194 hoc
515 3140 760 3194 carmine
807 3140 1008 3209 explet.
1083 3137 1294 3205 Quodsi
1331 3136 1512 3190 Carm.

363 3210 466 3279 111,
495 3214 558 3263 10
594 3210 742 3279 Lyce
777 3228 968 3265 recens
1006 3215 1183 3278 nupta
1206 3224 1380 3263 annos
1415 3208 1512 3261 ha-

363 3251 490 3336 bui't
516 3284 585 3335 22
611 3282 700 3336 vel
732 3286 820 3349 23,
853 3300 1004 3336 nunc
1040 3280 1203 3336 facile
1232 3280 1513 3349 duplicem

365 3354 571 3409 habere
627 3323 820 3423 potest,
869 3371 1144 3407 annorum
1202 3369 1514 3417 numerum,

371 3430 434 3479 ut
457 3424 565 3479 hoc
602 3442 822 3480 carmen
849 3442 996 3480 anno
1021 3424 1138 3479 fere
1163 3425 1266 3477 737
1293 3423 1382 3477 vel
1407 3390 1514 3476 '738'

363 3496 638 3566 scriptum
711 3514 828 3551 esse
901 3496 1158 3551 conicias.
1245 3494 1516 3548 Abundat

364 3572 553 3622 autem
590 3566 862 3623 irridendi
899 3573 957 3623 et
980 3566 1280 3623 vellicandi
1317 3564 1515 3648 figuris

367 3644 424 3694 et
477 3638 757 3707 artificiis3
811 3641 872 3693 in
929 3657 1040 3708 qua
1099 3656 1160 3693 re
1208 3655 1322 3691 non
1376 3637 1514 3691 satis

366 3727 659 3780 possumus
697 3680 966 3765 admirari
1000 3711 1351 3780 frequentem
1389 3726 1512 3763 acu-

365 3788 554 3837 tarum
591 3781 912 3836 litterarum
945 3784 967 3836 i
991 3783 1210 3852 copiam
1235 3780 1292 3833 in
1318 3780 1515 3849 primis

366 3853 619 3908 versibus
639 3855 992 3923 conspicuam
1013 3871 1137 3909 cum
1158 3852 1514 3906 sibilantibus

363 3924 572 3979 litteris
610 3930 668 3979 et
707 3924 908 3979 festivo
945 3927 1077 3981 ludo
1115 3924 1412 3979 verborum
1445 3924 1515 3989 fis

368 4000 427 4052 et
460 3997 556 4051 vis.
615 3996 828 4051 Deinde
865 3996 1346 4052 animadvertendi
1383 4001 1515 4049 sunt

367 4086 460 4123 vv.
515 4068 721 4121 13—15
775 4074 1008 4138 propter
1054 4068 1512 4123 allitterationem

369 4157 537 4208 quam
559 4143 764 4193 vocant
787 4139 1186 4194 vocabulorum
1211 4155 1394 4193 nec—
1417 4156 1513 4195 nec

370 4240 437 4250 -
462 4211 637 4279 noti33
673 4227 762 4265 vv.
791 4212 1002 4265 17—20
1035 4215 1268 4281 propter
1304 4226 1406 4281 quo
1445 4240 1510 4250 —

370 4298 475 4351 quo
514 4310 576 4320 —
617 4252 758 4351 ’quae
786 4310 854 4322 —-—
879 4298 1041 4353 quam
1081 4286 1374 4353 praeterea
1399 4301 1454 4336 v.
1485 4286 1508 4334 1

369 4358 427 4408 et
461 4354 494 4405 2
533 4352 783 4409 audivere
799 4354 952 4423 Lyce
978 4383 1044 4394 —
1070 4352 1318 4409 audivere
1343 4354 1515 4423 Lyce3

369 4430 420 4478 te
459 4424 594 4492 quia
633 4453 697 4462 —
737 4430 790 4479 te
833 4425 964 4495 quia
1001 4444 1054 4479 v.
1097 4424 1164 4479 10
1201 4443 1307 4494 sq.-
1269 4466 1308 4495 .,
1353 4444 1405 4481 v.
1451 4428 1515 4480 18

370 4494 526 4549 illius
562 4523 631 4534 —
667 4494 836 4564 illius,
875 4496 1002 4551 alia.
1075 4496 1265 4552 Etiam
1306 4496 1367 4551 in
1411 4496 1518 4552 hoc

371 4566 620 4621 carmine
655 4572 856 4636 quarta
892 4569 1139 4639 stropha,
1168 4586 1310 4639 quae
1333 4569 1520 4625 media

1616 2429 1717 2491 est,
1766 2440 1885 2478 rem
1922 2428 1979 2479 et
2025 2428 2419 2493 argumentum
2460 2423 2770 2480 clarissime

1616 2493 1879 2549 ostendit.

1688 2566 1752 2621 V
1790 2568 1841 2621 6.
1891 2564 2112 2635 lentum]
2157 2565 2265 2621 tibi
2310 2583 2427 2620 non
2462 2567 2635 2637 obseq
2636 2584 2770 2623 uen-

1616 2644 1748 2694 tem.
1775 2665 1841 2676 —-
1870 2636 2115 2725 excubat]
2154 2636 2247 2693 Sic
2278 2636 2445 2707 Soph.
2473 2642 2608 2693 Ant.
2538 2585 2766 2693 θαιε776

1619 2704 1809 2779 ,ξἘρως
1854 2749 1867 2762 .
1895 2751 1907 2764 .
1930 2749 1943 2763 .
1979 2704 2040 2767 ὃς
2085 2709 2146 2762 ἐν
2189 2711 2466 2781 μαλακαῖς
2516 2716 2773 2781 παρειαις

1617 2780 1867 2839 νεανίδος
1939 2774 2295 2851 ἐννυχεύεις.ιι
2394 2780 2619 2837 Scilicet
2688 2782 2771 2837 ibi

1618 2853 1777 2922 quasi
1818 2852 1878 2906 in
1917 2853 2157 2907 statione
2194 2852 2435 2936 quadam
2482 2860 2585 2922 est,
2621 2854 2771 2909 unde

1619 2942 1755 2993 quos
1791 2924 1933 2979 velit
1968 2924 2193 2978 iuvenes
2232 2924 2435 2994 capiat.
2464 2954 2531 2965 -—
2570 2927 2771 2995 impor-

1616 2996 1800 3065 tunus]
1838 2995 2082 3064 iniquus,
2117 2994 2386 3064 difficilis,
2438 2996 2625 3066 lepide
2667 2998 2775 3053 hoo

1619 3084 1688 3122 ex
1734 3071 1920 3121 mente
1955 3066 2155 3136 Lycas,
2204 3067 2488 3123 similium.
2534 3098 2607 3109 -—
2658 3068 2773 3123 ari—

1616 3138 1720 3193 das
1758 3138 2547 3209 quermjef.Ca1-m.1‚25,
2592 3142 2767 3195 19.-

1616 3215 1668 3265 te
1712 3209 1869 3293 quia]
1926 3210 2080 3264 Haec
2126 3227 2349 3279 quoque
2393 3230 2599 3282 magna
2644 3228 2773 3267 cum

1618 3282 1677 3335 vi
1720 3280 1779 3335 in
1813 3282 1985 3336 simili
2022 3299 2282 3336 versuum
2328 3282 2457 3337 sede
2495 3284 2771 3339 collocata

1619 3358 1774 3421 sunt3
1804 3354 2073 3407 nimirum
2098 3354 2229 3422 quia
2254 3354 2313 3407 in
2337 3360 2580 3423 utroque
2606 3372 2773 3409 versu

1618 3423 1881 3479 diaeresis
1918 3425 2223 3495 praecedit,
2271 3426 2367 3493 qui
2404 3426 2601 3496 legunt
2646 3426 2773 3480 red-

1618 3496 1903 3566 integrata
1950 3498 2109 3565 quasi
2154 3513 2292 3551 voce
2342 3496 2453 3551 ista
2497 3498 2775 3553 irrisionis

1617 3567 1783 3637 plena
1834 3568 2107 3622 vocabula
2154 3568 2524 3637 pronuntiare
2572 3573 2629 3623 et
2674 3588 2771 3624 au-

1618 3639 1895 3694 dientium
1932 3640 2146 3693 animos
2184 3657 2353 3708 quam
2378 3640 2621 3695 maxime
2644 3644 2769 3695 tan-

1617 3728 1750 3782 gere
1786 3728 1963 3780 prope
2004 3715 2298 3781 coguntur.
2335 3710 2417 3766 Et
2453 3717 2602 3781 part.
2640 3728 2765 3767 con-

1618 3782 1921 3837 secutivam
1974 3782 2090 3836 vim
2145 3780 2316 3836 habet
2358 3788 2408 3837 et
2448 3788 2774 3853 propterca3

1619 3871 1793 3923 qnare
1838 3854 1921 3907 ita
1970 3854 2483 3923 interpungendum
2530 3854 2658 3917 fuit.
2708 3861 2776 3910 ut

1616 3924 1703 3979 bis
1751 3925 1998 3995 positum
2043 3941 2351 3993 pronomen
2399 3930 2451 3980 tc
2500 3943 2571 3979 ex
2619 3932 2773 3981 utro-

1618 3997 2057 4138 stifft-23⁰2&
2049 3998 2084 4063 f
2068 3996 2775 4150 “⁹1i‘22112'ss'u3“}²{2p¹ii?}³⁶{‚⁰

1618 4140 1747 4209 840)
1805 4157 1953 4193 nunc
2005 4138 2145 4192 mihi
2201 4140 2528 4206 assentitur,
2586 4141 2775 4195 minus

1615 4216 1768 4266 recte
1784 4210 2005 4265 Miiller.
2020 4210 2303 4265 Eckstein.
2316 4210 2535 4265 Schiitz.
2556 4229 2777 4268 comma

1616 4284 1703 4337 bis
1739 4286 2048 4352 posuerunt
2122 4287 2209 4336 ost
2245 4287 2310 4337 te.
2348 4312 2420 4323 —
2454 4282 2654 4351 capitis
2690 4284 2775 4339 m·-

1616 4353 2051 4491 dffgaguidffidst
2084 4441 2119 4478 a
2155 4352 2501 4507 lonegixigua
2506 4354 2774 4482 ’ssiiiiiiitteit

1617 4496 1750 4551 dine
1786 4464 1987 4551 ductae
2024 4496 2417 4552 translationes
2462 4501 2528 4551 ut
2562 4498 2771 4569 capitis

1616 4568 1784 4624 nives.
1790 4568 1822 4597 ‘⁶
1888 4568 1997 4624 Hic
2030 4568 2155 4637 ipsa
2189 4568 2579 4625 translationis
2615 4570 2771 4626 duri-
