3092 5059
1161 241 1322 307 LIB.
1368 244 1418 309 Ι.
1463 241 1649 309 SAT.
1694 244 1813 310 III.
2558 243 2679 309 361

389 423 738 501 Maenius
781 426 1168 503 absentem
1203 428 1530 506 Novium
1579 458 1748 507 eum
1789 443 2173 529 carperet:
2228 430 2489 524 „Heus
2524 426 2682 525 tu,“

395 545 730 641 Quidam
784 550 890 625 ait
936 551 1296 649 „ignoras
1349 558 1472 630 te?
1518 581 1617 629 an
1661 568 1745 629 ut
1794 555 2141 653 ignotum
2199 554 2384 630 dare
2434 555 2657 631 nobis

388 672 652 749 Verba
689 688 909 773 putas
931 674 1016 751 ?“
1070 678 1440 777 „Egomet
1481 682 1589 755 mi
1627 677 1993 779 ignosco“
2025 680 2371 757 Maenius
2408 681 2681 779 inquit.

389 795 682 875 Stultus
735 812 810 876 et
859 800 1260 901 improbus
1313 802 1438 880 hic
1489 831 1707 880 amor
1761 818 1873 881 est
1923 804 2355 905 dignusque
2402 804 2679 880 notari.

304 954 354 994 ss
393 924 586 1001 Cum
641 937 772 1001 tua
823 926 1226 1025 pervideas
1279 930 1520 1006 oculis
1572 930 1777 1007 mala
1820 930 2079 1031 lippus
2130 931 2481 1025 inunctis,

387 1044 548 1123 Cur
598 1048 678 1123 in
729 1050 1148 1127 amicorum
1203 1052 1404 1128 vitiis
1458 1066 1609 1131 tam
1667 1056 1915 1131 cernis
1966 1068 2295 1149 acutum,

390 1170 638 1264 Quam
661 1186 792 1249 aut
807 1175 1068 1273 aquila
1087 1190 1218 1252 aut
1241 1203 1556 1276 serpens
1576 1178 2083 1278 Epidaurius?
2124 1181 2230 1255 At
2250 1181 2391 1256 tibi
2414 1195 2682 1257 eontra

385 1297 678 1394 Evenit,
731 1299 1122 1399 inquirant
1177 1303 1360 1378 vitia
1410 1317 1494 1379 ut
1543 1316 1673 1379 tua
1719 1332 1979 1381 rursus
2031 1320 2107 1381 et
2154 1306 2297 1382 illi.

385 1422 844 1501 Iracundior
895 1438 1009 1501 est
1056 1426 1314 1526 paulo,
1368 1430 1620 1505 minus
1672 1443 1897 1529 aptus
1948 1431 2185 1506 acutis

306 1580 356 1621 ao
388 1546 724 1625 Naribus
776 1550 1052 1627 horum
1105 1552 1544 1651 hominum3
1596 1554 1836 1631 rideri
1884 1558 2123 1653 possit
2176 1582 2267 1633 eo
2322 1557 2533 1657 quod

383 1675 764 1753 Rusticius
813 1690 1034 1753 tonso
1085 1691 1270 1777 toga
1324 1678 1589 1756 defluit
1641 1694 1715 1757 et
1766 1679 1965 1757 male
2017 1680 2233 1757 laxus

385 1798 479 1873 In
530 1797 733 1897 pede
783 1800 1080 1877 calceus
1133 1801 1438 1880 haeret:
1489 1816 1567 1877 at
1619 1822 1735 1880 est
1789 1806 2057 1901 bonus,
2114 1819 2197 1881 ut
2246 1807 2521 1883 melior
2561 1807 2681 1882 vir

285 2016 426 2070 mihi
449 2017 559 2087 ipsi
583 2018 812 2101 ignosco
838 2024 895 2074 et
921 2019 1161 2075 aliorum
1192 2021 1347 2075 vitiis
1369 2022 1435 2076 li·

285 2088 486 2143 beuter
509 2106 730 2144 veniam
754 2090 890 2146 dare
915 2091 1094 2161 soleo;
1129 2110 1260 2146 nam
1293 2093 1434 2148 bene

281 2161 543 2229 perspexi
569 2162 757 2217 omnia
780 2162 923 2219 vitia
955 2164 1118 2232 paria
1148 2182 1262 2219 non
1298 2182 1435 2235 esse,

283 2232 454 2286 immo
521 2233 631 2288 alia
688 2251 879 2290 severe
947 2253 1266 2305 quanquam
1321 2255 1436 2291 non

283 2304 530 2375 maligne
583 2306 934 2374 reprehendi,
988 2308 1113 2363 aliis
1166 2309 1434 2364 benevole

283 2376 496 2446 ignosci
560 2376 819 2432 debere.“
913 2379 978 2432 In
1036 2396 1145 2449 quo
1191 2381 1313 2436 loeo
1364 2399 1436 2436 ne

283 2448 642 2518 arrogantiae
693 2466 759 2533 ae
806 2451 1100 2519 superbiae
1135 2450 1435 2508 Horatium

283 2536 538 2646 ffiiffez
588 2522 1434 2665 ffifflssffffosssslffsspessu‘fflssssss

283 2681 318 2717 a
366 2662 556 2718 fucata
606 2664 706 2719 illa
751 2671 810 2719 et
854 2666 1118 2722 simulata
1161 2668 1434 2723 modestia

284 2752 394 2804 qua
436 2740 630 2790 nostra
673 2742 828 2792 aetas
871 2739 1154 2793 immerito
1199 2740 1434 2811 gloriari

283 2824 448 2875 saepe
501 2807 673 2878 solet;
745 2809 946 2864 deinde
1005 2810 1232 2882 Tigellii
1291 2812 1433 2867 vitia

283 2894 426 2947 quae
461 2878 835 2949 vituperasset
883 2886 1050 2951 poeta
1097 2899 1212 2936 non
1253 2884 1434 2939 solum

281 2967 397 3003 non
449 2966 624 3018 parva
680 2951 852 3007 fuisse
905 2953 1002 3008 sed
1057 2972 1198 3023 quae
1253 2960 1433 3010 totam

281 3021 525 3075 hominis
568 3024 742 3078 vitam
795 3026 1104 3080 temeritati
1165 3031 1222 3080 et
1279 3028 1432 3097 cupi·

287 3094 562 3148 ditatibus
621 3096 921 3151 obnoxiam
984 3098 1301 3153 redderent.
1363 3128 1430 3139 —-

287 3165 554 3235 Novium]
590 3172 778 3235 potest
813 3185 932 3222 esse
973 3168 1291 3225 faenerator
1323 3171 1431 3225 No·

279 3237 408 3290 vius
452 3254 521 3291 ex
560 3237 674 3293 Sat.
713 3239 759 3308 I,
796 3242 848 3307 6,
889 3242 1006 3295 121.
1043 3270 1110 3281 -
1151 3242 1432 3313 Maenius]

281 3308 396 3363 Sat.
432 3308 479 3376 1,
519 3312 568 3372 1,
620 3312 736 3364 101.
787 3340 854 3351 --
898 3312 1208 3383 pervideas]
1260 3313 1432 3369 Recte

279 3382 364 3433 sic
423 3381 638 3436 codices
693 3387 920 3452 praeter
974 3384 1143 3451 duos,
1198 3385 1256 3438 in
1313 3387 1430 3455 qui·

278 3453 384 3506 bus
437 3452 782 3522 praevideas,
843 3456 992 3523 quod
1046 3456 1248 3525 quibus
1312 3458 1430 3526 pla-

279 3524 400 3578 cuit
478 3524 926 3594 interpretantur
1001 3528 1431 3598 praetervideas,

277 3595 436 3650 nulla
473 3612 606 3651 saue
639 3598 978 3653 auctoritate
1015 3599 1212 3654 adiuti.
1273 3600 1430 3654 Mad·

277 3668 394 3737 vig.
452 3684 522 3721 ex
575 3669 718 3723 coni.
767 3675 1092 3740 praetereas.
1141 3671 1433 3727 Peuoeideas

276 3738 464 3865 30⁰..stss
465 3740 986 3881 ⁸23.15.¹.¹.¹.⁰‘¹.-..·.‘;.‘.¹².⁸.-30
1003 3742 1433 3883 Ρῖἱῖἷὲἶέῃὲἒέ

277 3887 378 3936 est.
485 3882 593 3936 Est
660 3882 1016 3955 Oxymoron3
1096 3887 1194 3955 qui
1261 3887 1432 3956 lippis

277 3953 454 4008 oculis
507 3954 792 4023 pervidet.
849 3956 896 4010 is
957 3958 1102 4012 male
1156 3958 1432 4028 pervidet,

277 4042 480 4095 parum
519 4026 792 4095 pervidet.
835 4029 1000 4083 Mala
1030 4036 1160 4084 sunt
1183 4030 1344 4096 vitia,
1367 4034 1432 4083 ut

277 4096 460 4167 Epist.
481 4096 557 4165 11,
582 4097 634 4166 2,
665 4100 783 4152 126.
809 4130 876 4140 -
900 4100 1277 4171 Epidaurius]
1299 4101 1432 4171 Epi·

279 4168 444 4251 dauri
487 4170 762 4238 templum
805 4172 917 4225 fuit
964 4174 1305 4256 Aesculapii,
1342 4174 1432 4227 cui

277 4245 1058 4384 ffliuzerldaeetoeprtecipilt
1143 4243 1432 4370 hominiisitd

277 4399 458 4453 parva
505 4384 645 4438 vitia
687 4386 970 4453 patienter
1005 4386 1156 4442 ferre
1202 4392 1260 4441 et
1295 4404 1432 4458 pon-

279 4454 544 4509 derandis
599 4456 770 4511 etiam
825 4458 1042 4528 magnis
1098 4476 1262 4529 saepe
1321 4459 1434 4512 vir·

280 4525 502 4580 tutibus
551 4526 820 4583 benevole
877 4546 1250 4601 compensare.
1324 4530 1434 4585 Suo

279 4597 464 4670 igitur
511 4616 668 4655 more
709 4600 954 4657 hominis
1004 4602 1252 4673 aliquam
1299 4602 1434 4657 ima·

1576 2023 1721 2078 ‘nem
1764 2024 2057 2093 exprimit,
2103 2023 2175 2077 ad
2222 2040 2390 2093 quam
2435 2022 2679 2076 efficien-

1572 2112 1661 2148 am
1720 2100 1925 2165 putant
1996 2096 2335 2149 lineamenta
2406 2094 2680 2163 quaedam

1530 2184 1759 2221 suorum
1782 2184 2001 2221 morum
2026 2166 2158 2233 (Sat.
2174 2167 2247 2229 11.
2265 2168 2317 2235 3,
2339 2166 2460 2221 323.
2497 2165 2679 2235 Epist.

1529 2238 1575 2305 1,
1608 2242 1653 2307 1,
1678 2240 1763 2292 94.
1804 2238 1849 2307 I,
1884 2240 1973 2307 20,
2012 2238 2104 2309 26)
2142 2256 2269 2292 eum
2305 2237 2679 2291 admiscuisse.

1531 2308 1693 2378 Quod
1732 2328 1859 2365 cum
1904 2310 1974 2365 de
2018 2310 2175 2365 vitiis
2209 2310 2387 2380 possit
2434 2308 2682 2377 concedi,

1531 2382 1601 2436 de
1644 2382 1951 2436 virtutibus
2000 2399 2115 2435 non
2164 2386 2375 2451 potest3
2432 2398 2563 2435 nam
2608 2380 2680 2433 si·

1531 2454 1757 2523 quidem
1792 2452 2081 2525 ingenium
2106 2453 2211 2508 sibi
2252 2470 2371 2507 esse
2394 2469 2680 2521 nunquam

1529 2525 2029 2660 matare.
2048 2526 2247 2668 1340}ss
2260 2526 2369 2651 313}
2390 2523 2685 2667 fitz-..323

1530 2668 1605 2737 (v.
1648 2668 1741 2737 88)
1788 2686 1901 2723 non
1948 2669 2126 2739 magis
2172 2686 2438 2737 uuquam,
2474 2666 2681 2722 nedum

1530 2742 1639 2795 hoc
1689 2746 1966 2810 tempore,
2025 2740 2313 2823 arrogavit
2357 2756 2526 2808 quam
2570 2738 2680 2791 sin·

1529 2812 1785 2883 gularem
1820 2812 1995 2867 animi
2040 2812 2370 2879 bomtatem,
2406 2816 2471 2864 ut
2506 2810 2680 2864 alium

1531 2902 1865 2953 quemquam
1902 2884 2194 2938 meliorem
2234 2900 2292 2937 se
2330 2882 2565 2936 auderet
2585 2898 2679 2935 ne-

1528 2973 1681 3026 gare.
1766 2956 1931 3009 Peius
1980 2955 2153 3009 etiam
2200 2958 2287 3008 est
2330 2954 2481 3023 quod
2530 2952 2680 3022 apud

1529 3030 1808 3082 Aci-onem
1844 3028 2081 3097 legitur:
2138 3026 2281 3095 „Hie
2314 3025 2523 3081 dicitur
2557 3024 2679 3093 pul·

1529 3117 1653 3153 sare
1687 3098 2020 3169 Vergilium,
2058 3098 2156 3167 qui
2199 3097 2450 3152 indecori
2485 3112 2678 3165 corpo·

1526 3172 1608 3225 ris
1646 3174 1704 3224 et
1738 3170 1963 3224 habitus
2000 3169 2159 3224 fuit.“
2200 3198 2271 3209 —
2306 3169 2491 3224 acutis
2527 3168 2684 3221 nari-

1527 3241 1651 3311 bus]
1690 3242 1892 3311 quibus
1940 3241 2173 3296 minima
2224 3241 2395 3295 etiam
2440 3240 2679 3293 aliorum

1527 3314 1671 3368 vitia
1707 3313 2032 3368 odorantur.
2061 3342 2127 3353 —-
2153 3312 2346 3367 horum
2381 3310 2677 3380 hominum]

1528 3387 1565 3439 i.
1592 3404 1637 3439 e.
1669 3384 1862 3455 quales
1900 3384 2103 3439 urbani
2142 3400 2291 3438 nunc
2325 3400 2443 3437 esse
2481 3383 2678 3437 solent.

1529 3488 1595 3497 -
1620 3456 1803 3527 tonso]
1838 3456 1906 3511 cf.
1934 3456 2116 3525 Epist.
2147 3456 2192 3523 I,
2231 3460 2277 3517 1,
2298 3456 2383 3510 94.
2422 3454 2585 3509 Ovid.
2610 3456 2679 3507 A.

1528 3532 1597 3584 A.
1626 3532 1674 3596 1,
1701 3530 1830 3582 51⁷:
1873 3528 2020 3596 „Nec
2055 3528 2204 3581 mala
2240 3526 2518 3581 deformet
2543 3526 2679 3596 rigi-

1528 3601 1631 3655 dos
1683 3606 1917 3654 tonsura
1962 3600 2222 3668 capillos3
2267 3598 2342 3652 sit
2385 3616 2563 3665 coma,
2606 3598 2682 3651 sit

1528 3672 1695 3727 docta
1731 3672 1908 3725 barba
1944 3676 2159 3725 resecta
2194 3670 2417 3724 manu.“
2490 3668 2677 3723 Senes.

1529 3744 1685 3798 brev.
1722 3744 1823 3797 vit.
1861 3760 1907 3797 c.
1950 3744 2043 3796 12:
2096 3740 2267 3810 „Quis
2303 3746 2387 3796 est
2424 3741 2679 3806 istorum,

1529 3816 1627 3884 qui
1664 3832 1777 3869 non
1818 3814 1983 3869 malit
2030 3832 2149 3868 rem
2194 3814 2475 3883 publicam
2520 3828 2679 3865 suam

1527 3886 1751 3941 turbari
1786 3904 1952 3955 quam
1978 3886 2229 3940 comam?
2267 3885 2362 3954 qui
2389 3899 2503 3937 uon
2528 3882 2678 3936 solli-

1529 3960 1697 4013 citior
1732 3959 1808 4012 sit
1844 3958 1913 4012 de
1948 3957 2150 4027 capitis
2175 3957 2261 4010 sui
2286 3956 2487 4011 decore
2510 3971 2679 4023 quam

1529 4032 1599 4085 de
1636 4030 1817 4084 salute
1830 4030 1895 4083 ‘?“
1930 4060 1995 4068 —
2026 4027 2239 4098 defluit]
2264 4028 2337 4082 of.
2358 4026 2540 4095 Epist.
2561 4025 2605 4109 1..
2631 4028 2678 4089 1,

1529 4102 1615 4155 96.
1630 4102 1945 4156 ‘Iudicatur
1968 4104 2104 4171 toga
2128 4117 2326 4169 parum
2354 4101 2677 4166 composita.

1529 4202 1599 4213 —-
1642 4172 1803 4242 mals]
1864 4173 2139 4241 coniunge
2186 4188 2313 4225 cum
2366 4170 2565 4237 haeret,
2614 4172 2679 4221 ut

1529 4247 1631 4299 sit:
1670 4246 1885 4299 calceus
1923 4260 2035 4298 non
2080 4244 2215 4297 satis
2250 4242 2418 4311 pedes
2453 4239 2679 4309 premit,

1529 4315 1937 4383 circumcludit,
1958 4315 2109 4385 quod
2126 4313 2385 4369 dedecuit
2399 4312 2678 4367 urbanum

1525 4388 1827 4443 hominem.
1867 4386 2029 4441 Ovid.
2057 4389 2124 4440 A.
2162 4388 2231 4439 A.
2270 4386 2314 4453 I,
2352 4386 2485 4437 516:
2528 4382 2681 4452 „Nec

1526 4478 1705 4530 vag-us
1742 4461 1803 4513 in
1838 4460 1967 4513 laxa
2003 4475 2101 4527 pes
2136 4456 2243 4511 tibi
2288 4457 2435 4527 pelle
2466 4454 2677 4510 natet.“

1526 4532 1777 4601 Theoph.
1807 4530 1969 4585 Char.
1996 4532 2055 4583 4:
2102 4526 2169 4598 ,,ὁ
2216 4524 2473 4599 ἄγροικος
2509 4526 2678 4580 τοιοῦ-

1523 4596 1615 4663 τός
1650 4622 1728 4663 τις
1762 4598 1875 4663 οἷος
1907 4606 2075 4675 μείζω
2106 4600 2203 4654 τοῦ
2237 4597 2414 4659 ποδὸς
2446 4596 2513 4653 τὰ
2550 4596 2679 4652 ὑπο·
