3092 5059
1133 218 1583 290 EDITIONIS
1628 222 1772 290 VII.
2520 247 2663 285 xxm

262 407 422 483 der.
463 405 622 485 Sat.
663 407 768 507 H,
815 413 884 505 5,
939 410 1080 505 523
1137 410 1274 486 sed
1328 412 1430 486 cf.
1478 409 1775 489 Keller.
1824 410 2126 510 Epileg.
2180 409 2280 484 ad
2319 406 2425 505 II,
2454 410 2524 505 3,
2564 405 2663 483 42

263 558 338 633 p.
385 536 560 631 523,
615 533 714 611 ad
771 534 864 611 A.
917 533 1002 610 P.
1061 538 1202 609 186
1257 563 1331 633 p.
1382 539 1551 611 781.
1656 536 1947 633 Scripsi
2007 549 2265 611 tamen
2311 536 2665 635 querellis

261 657 518 735 Carm.
572 657 679 755 H,
738 664 855 755 17,
915 664 978 755 1,
1034 686 1088 735 a
1137 686 1278 757 pro
1333 661 1433 737 ah
1486 661 1740 741 Carm.
1795 660 1899 757 H,
1961 664 2077 757 17,
2132 666 2200 735 5.

461 781 556 858 In
611 784 1160 860 commentario
1212 784 1699 862 emendando
1734 787 2072 863 maximo
2123 785 2297 861 usui
2348 784 2665 860 fuerunt

267 908 880 1014 Reifferscheid&
941 921 1016 985 et
1065 909 1373 987 Hertzii
1418 913 2100 988 commentationes
2148 909 2659 1005 doctissimae,

255 1032 648 1110 indicibus
733 1034 1151 1110 lectionum
1223 1035 1555 1112 univers.
1628 1037 2040 1113 VratislaV.
2135 1033 2661 1136 praepositae;

257 1173 666 1257 praeterea
716 1161 1000 1258 gratias
1052 1185 1288 1258 agere
1340 1160 1587 1237 debeo
1631 1160 2208 1265 Hirschfeldero
2264 1171 2338 1235 et
2392 1159 2656 1235 Mewe-

259 1288 381 1359 sio
441 1282 1133 1393 Beroliniensibus,
1200 1288 1336 1385 qui
1397 1286 1777 1363 benevole
1854 1312 2157 1363 mecum
2244 1283 2667 1361 communi·-

263 1421 538 1484 carunt
599 1410 1008 1488 relationes
1063 1412 1162 1489 de
1211 1412 1326 1508 iis,
1383 1437 1583 1511 quae
1633 1412 1731 1487 de
1778 1411 2105 1487 Horatio
2162 1410 2448 1508 scripta
2490 1419 2669 1484 sunt

261 1529 698 1631 (Bursian,·
739 1534 1320 1612 Jahresbericht
1389 1539 1600 1612 1879.
1689 1561 1765 1636 p.
1825 1530 2220 1611 922-137.
2290 1533 2665 1610 Zeitschr.

261 1658 324 1732 f.
379 1657 457 1733 d.
499 1660 1046 1755 Gymnasialw.
1096 1660 1235 1736 VI.
1290 1686 1365 1760 p.
1395 1663 1843 1759 238—340),
1912 1674 1987 1737 et
2038 1659 2213 1738 Car.
2269 1660 2666 1755 Dziatzlco,

265 1783 460 1859 bibl.
525 1784 834 1861 Vratisl.
903 1783 1120 1861 acad.
1189 1786 1626 1886 praeposito
1694 1783 2169 1880 doctissimo,
2246 1785 2379 1885 qui
2446 1810 2665 1860 usum

261 1908 458 1985 mihi
518 1912 995 2009 comparavit
1059 1912 1586 2012 scriptionum,
1660 1936 1857 2011 quae
1902 1911 2004 1986 ad
2057 1935 2180 1987 me
2230 1935 2385 1986 non
2437 1936 2667 1986 vene-

261 2049 470 2132 runt,
542 2049 627 2111 ut
693 2033 1146 2134 Deffy'ardins
1216 2036 1316 2113 de
1385 2037 1666 2113 itinere
1722 2035 2190 2112 Brundisino
2258 2034 2409 2113 Sat.
2472 2035 2534 2131 I,
2592 2040 2663 2131 5,

260 2162 406 2237 ubi
451 2160 658 2257 vide,
732 2174 810 2237 et
870 2161 1195 2239 Aemilii
1239 2162 1697 2239 Baehrensii
1742 2160 2111 2239 lectiones
2182 2160 2657 2237 Horatianae

259 2286 652 2385 Groning.
726 2290 945 2383 1880,
1016 2313 1212 2387 quae
1279 2314 1642 2387 magnam
1708 2285 2021 2386 quidem
2100 2286 2401 2383 copiam
2484 2312 2667 2361 con·-

259 2410 737 2486 iecturarum
789 2412 1183 2510 praebent,
1239 2412 1374 2488 sed
1426 2438 1552 2488 me
1602 2412 1853 2488 minus
1906 2412 2254 2495 alliciunt
2304 2412 2667 2511 quoniam

257 2534 682 2610 Horatium
735 2536 988 2633 ipsum
1042 2538 1430 2636 corrigere
1498 2563 1653 2612 non
1710 2562 2016 2635 arrogo,
2069 2538 2493 2614 scribarum
2550 2562 2667 2611 er-

259 2684 480 2735 rores
532 2686 686 2735 non
735 2687 1039 2763 semper
1089 2663 1341 2760 video,
1393 2664 1525 2739 ubi
1561 2664 1748 2763 quid
1800 2664 2055 2740 minus
2108 2662 2399 2737 clarum
2444 2661 2660 2737 vide-

261 2796 418 2880 tur3
488 2799 828 2883 praestat
895 2786 1239 2885 profiteri
1308 2814 1446 2863 nos
1521 2815 1674 2864 non
1726 2788 2179 2886 intellegere
2251 2811 2450 2887 quae
2526 2785 2663 2861 ob-

263 2936 494 2985 scura
545 2922 742 3007 sunt,
791 2936 1021 3012 quam
1075 2938 1272 3012 quae
1323 2912 1472 3013 ipsi
1523 2915 2157 3012 excogitavimus„
2208 2912 2373 2988 sine
2422 2910 2669 2987 haesi-

262 3035 556 3111 tatione
609 3050 883 3133 poetae
937 3038 1378 3114 obtrudere.

475 3159 779 3237 Indices
851 3162 927 3236 in
995 3162 1148 3238 fine
1225 3162 1406 3239 libri
1469 3176 1824 3240 accurate
1902 3163 2236 3265 perlegit
2312 3176 2387 3239 et
2460 3162 2673 3238 auxit

267 3288 478 3384 Aug.
515 3285 710 3385 Otto,
744 3285 934 3385 phil.
972 3286 1104 3363 Dr.
1149 3289 1416 3367 semin.
1470 3314 1632 3387 reg.
1685 3288 2012 3390 paedag.
2055 3288 2340 3363 sodalis
2395 3287 2668 3384 ordin.,

265 3410 392 3485 cui
458 3410 671 3509 quod
741 3412 1144 3489 molestum
1212 3412 1560 3490 laborem
1638 3438 1795 3487 non
1867 3412 2327 3513 repudiavit,
2382 3412 2668 3509 gratias

267 3534 450 3610 dico
503 3536 892 3613 maximas.
958 3520 1308 3638 Denique
1356 3535 1555 3613 hanc
1606 3562 1917 3637 quoque
1969 3536 2390 3612 editionem
2440 3537 2667 3613 bene-

267 3658 654 3738 volentiae
699 3677 778 3738 et
807 3664 1178 3762 aequitati
1207 3663 1610 3739 doctorum
1654 3663 2055 3739 hominum
2106 3662 2413 3737 assidue
2464 3688 2669 3737 com-

265 3786 596 3883 mend03
651 3785 750 3863 de
799 3788 1192 3866 nonnullis
1241 3788 1433 3865 locis
1494 3788 1805 3864 uberius
1867 3812 2095 3885 quam
2150 3786 2229 3861 in
2284 3811 2669 3861 commen-

265 3911 470 3985 tario
519 3909 756 4009 licuit,
811 3914 1140 3991 disserui
1189 3915 1264 3989 in
1321 3913 1599 3990 Annal.
1648 3912 1981 3989 Berolin·
2036 3909 2433 4007 (Zeitschr.
2482 3910 2536 3985 f.
2593 3910 2669 3985 d.

267 4035 856 4135 Gymnasialw.)
918 4040 1132 4114 1880.
1183 4039 1561 4115 Novemb.
1620 4042 1797 4114 1881
1862 4036 2073 4114 Juni.

471 4161 716 4239 Scrib.
767 4162 1030 4241 Lissae
1079 4189 1328 4264 prope
1381 4162 1792 4241 Vratislav.
1822 4188 1889 4238 a.
1923 4162 1997 4237 d.
2035 4160 2245 4237 VIII.
2289 4158 2469 4237 Kal.
2517 4158 2667 4236 Iul.

265 4286 1003 4367 MDCCCLXXXI.
2404 4292 2409 4299 ’
