3092 5059
1001 242 1162 310 LIB.
1205 244 1290 310 11.
1337 242 1587 310 CARM.
1630 241 1781 309 XX.

535 462 560 501 s
593 429 843 505 Urbes
893 428 1353 530 relinquam.

2468 240 2585 306 161

1448 430 1624 505 Non
1678 454 1824 527 ego
1884 453 2312 527 pauperum

595 553 917 655 Sanguis
969 569 1400 655 parentum,
1455 581 1613 630 non
1666 579 1833 653 ego,
1890 578 2120 651 quem
2170 577 2425 647 vocas,

687 678 984 755 Dilecte
1035 680 1460 776 Maecenas,
1511 679 1743 755 obibo

789 804 954 881 Nec
1006 802 1274 903 Stygia
1326 804 1751 880 cohibebor
1803 804 2032 879 unda.

587 955 756 1032 Iam
808 956 963 1031 iam
1015 954 1363 1031 residunt
1415 956 1761 1031 cruribus
1812 978 2128 1055 asperae

511 1112 562 1151 ιο
594 1078 844 1157 Pelles
900 1094 975 1154 et
1023 1078 1289 1155 album
1335 1092 1592 1155 mutor
1640 1080 1720 1153 in
1772 1078 2033 1155 alitem

689 1204 1036 1303 Superne
1087 1216 1656 1304 nascunturque
1708 1202 1917 1279 leves

793 1328 943 1403 Per
989 1328 1269 1426 digitos
1323 1353 1789 1426 umerosque
1839 1328 2171 1426 plumae.

594 1478 760 1556 Iam
811 1476 1200 1555 Daedaleo
1255 1477 1469 1553 ocior
1519 1476 1742 1552 Icaro

591 1605 854 1681 Visam
907 1606 1282 1700 gementis
1333 1601 1565 1678 litora
1616 1604 1947 1701 Bospori

210 1792 446 1862 quidum]
481 1798 708 1847 tenuem
761 1796 819 1847 et
859 1792 1088 1857 clarum,
1142 1796 1344 1861 poetae

207 1880 372 1920 novae
388 1872 627 1919 naturae
645 1864 828 1935 magis
848 1863 1344 1929 accommodatum,

211 1952 366 2003 quam
399 1942 572 1991 terra.
602 1964 666 1977 -·
693 1935 1013 2004 invidiaque
1035 1935 1232 2004 maior]
1271 1934 1342 1989 cf.

211 2006 374 2061 Carm.
398 2008 493 2073 IV,
518 2011 573 2077 3,
602 2009 687 2062 16.
725 2006 879 2062 Haec
914 2007 1092 2076 igitur
1118 2011 1176 2061 et
1201 2023 1345 2074 quae

209 2078 394 2134 deinde
418 2084 730 2150 sequuntur
755 2094 934 2149 paup.
952 2093 1110 2148 sanq.
1125 2082 1343 2148 parent.

210 2150 273 2203 ad
305 2151 582 2205 invidiam
616 2154 889 2220 spectant,
938 2166 1106 2217 quam
1156 2147 1343 2223 amici-

207 2221 283 2275 tia
315 2222 654 2278 Maecenatis
692 2227 889 2291 poetae
927 2220 1227 2275 contraxit.
1271 2218 1340 2275 cf.

211 2292 317 2346 Sat.
349 2294 393 2363 Ι,
430 2297 482 2363 6,
521 2296 608 2347 46.
644 2292 718 2361 H,
756 2295 809 2361 6,
846 2294 914 2345 47
950 2308 1070 2360 sqq.
1105 2321 1171 2330 —
1212 2292 1344 2346 Non

209 2364 314 2434 090]
365 2366 423 2419 vi
468 2360 899 2421 ἆναδιπλώσεως
941 2364 1146 2417 clarius
1202 2362 1346 2416 indi·

211 2440 372 2498 catur,
421 2454 593 2509 quam
637 2436 713 2490 sit
748 2452 884 2491 vera
929 2435 1224 2499 sententia,
1288 2451 1348 2487 se

211 2508 298 2573 qui
345 2526 379 2562 a
409 2508 736 2564 Maecenate
781 2510 1001 2561 ametur
1037 2524 1150 2559 non
1187 2522 1348 2575 posse

209 2580 354 2633 mori.
408 2608 466 2619 -·
528 2596 686 2649 quem
719 2576 902 2661 vocas]
943 2577 1015 2631 ad
1051 2584 1127 2646 te,
1165 2586 1230 2631 ut
1265 2583 1346 2631 te·

212 2666 324 2703 cum
359 2652 480 2717 sim,
535 2657 725 2705 tecum
761 2649 1028 2717 habitem,
1076 2655 1176 2703 tua
1212 2648 1349 2703 ami-

212 2720 332 2776 citia
365 2721 543 2777 fruar.
581 2721 649 2777 cf.
692 2721 872 2775 Carm.
901 2720 974 2788 Π,
1011 2720 1096 2789 18,
1140 2723 1220 2774 10.
1259 2720 1346 2774 In·

213 2798 330 2859 epta
379 2800 464 2848 est
517 2794 760 2848 aliorum
817 2792 1135 2847 coniunctio
1195 2808 1348 2860 quem

211 2878 356 2918 vocas
380 2865 570 2920 dilecte
593 2864 723 2934 (den
741 2864 834 2917 Du
855 2863 1082 2918 Freund
1105 2866 1347 2932 nennst),

213 2950 517 3005 quanquam
579 2936 946 3006 grammatica
1011 2934 1160 2989 ratio
1233 2952 1349 2989 non

212 3006 399 3078 obstat,
435 3008 506 3063 cf.
535 3007 651 3061 Sat.
688 3005 762 3075 11,
799 3009 851 3075 6,
890 3008 973 3061 20.
1010 3006 1192 3075 Epist.
1223 3006 1266 3075 Ι,
1297 3008 1348 3074 7,

216 3079 292 3130 37.
325 3079 368 3147 Ι,
408 3081 492 3149 16,
531 3080 633 3147 69;
669 3078 768 3132 sed
803 3096 996 3132 versus
1045 3079 1254 3146 obstat,
1293 3084 1350 3132 et

213 3150 298 3217 qui
335 3152 524 3205 statim
560 3150 779 3205 accedit
815 3150 961 3204 alter
981 3150 1289 3217 vocativus,
1317 3168 1350 3203 a

215 3236 312 3288 quo
355 3240 473 3277 voc.
523 3221 720 3277 dilecte
763 3221 874 3274 nisi
923 3220 1200 3274 violenter
1236 3238 1350 3275 non

213 3294 408 3359 poterit
443 3294 712 3364 separari.
749 3292 991 3345 Bentleii
1029 3292 1349 3346 coniectura

216 3378 353 3431 quem
385 3371 584 3421 vocant
619 3364 846 3419 Kellero
885 3364 1114 3433 placuit.

274 3435 338 3489 V.
359 3439 405 3490 9.
443 3438 572 3492 Iam
607 3436 742 3506 iam]
779 3434 997 3489 Furore
1029 3434 1251 3505 poetico
1281 3451 1344 3489 eo

211 3504 398 3576 fertur,
417 3514 482 3563 ut
508 3508 624 3562 iam
646 3524 796 3561 nunc
822 3508 1001 3577 ipsum
1030 3508 1090 3560 in
1115 3522 1346 3573 cycnum

215 3579 572 3635 mutationem
625 3579 836 3633 sentire
893 3577 1004 3631 sibi
1063 3578 1350 3646 videatur3

217 3647 332 3704 inde
383 3651 522 3706 haec
577 3668 612 3705 a
665 3654 858 3704 nostro
913 3648 1134 3719 pulchri
1187 3665 1347 3702 sensu

215 3723 468 3777 remotior
491 3722 842 3793 singularum
865 3720 1114 3789 partium
1147 3719 1350 3773 descri-

217 3792 353 3861 pti03
377 3812 520 3863 quae
543 3794 602 3847 in
627 3794 786 3862 epica
805 3792 960 3862 poesi
981 3790 1168 3845 Ovidii
1199 3790 1350 3845 haud

217 3862 520 3933 infrequens
583 3865 819 3933 lyricum
877 3868 1105 3934 poetam
1165 3862 1350 3916 minus

217 3932 381 3990 decet.
450 3937 670 3991 Instans
707 3940 926 4004 tempus
974 3934 1186 4003 duplici
1223 3950 1349 4003 par·

219 4004 378 4061 ticula
414 4009 530 4063 iam
582 4008 935 4077 exprimitur,
991 4024 1062 4059 ne
1118 4006 1352 4059 minima

220 4078 430 4143 quidem
456 4078 838 4148 interponitur
859 4095 1033 4131 mora.
1069 4076 1140 4131 cf.
1168 4076 1348 4146 Epod.

219 4148 264 4213 2,
298 4152 378 4203 68.
435 4180 502 4190 -
561 4149 829 4219 residunt]
891 4148 1094 4218 „Pellis
1153 4166 1350 4217 aspera

221 4216 295 4285 fit,
315 4222 525 4291 residit3
569 4222 706 4276 dum
730 4222 878 4275 enim
915 4238 1079 4275 crura
1107 4220 1352 4274 humana

221 4296 598 4361 extenuantur,
653 4293 810 4361 cycni
861 4292 1100 4346 formam
1149 4291 1351 4346 exilem

221 4360 463 4432 induunt,
500 4381 720 4419 necesse
757 4369 844 4419 est
895 4369 962 4417 ut
1001 4363 1162 4423 cutis,
1208 4380 1352 4432 quae

223 4434 468 4512 mollibus
504 4441 633 4490 ante
663 4454 730 4492 ac
763 4434 1066 4489 suculentis
1093 4434 1351 4503 partibus

223 4504 438 4571 mducta
487 4507 692 4576 fuerat,
751 4506 839 4559 his
897 4507 1351 4561 evanescentibus

224 4576 474 4638 subsidat,
531 4579 747 4634 ossibus
792 4578 1023 4648 propius
1061 4578 1351 4633 admovea-

317 4695 528 4741 norsum
554 4701 628 4742 ed.
653 4698 986 4750 Diuenbursser
1010 4700 1084 4741 ed.
1111 4700 1216 4742 vn.

1438 1797 1551 1861 tur,
1590 1809 1845 1861 quaeque
1879 1796 2045 1847 antea
2080 1793 2331 1863 pleniore
2356 1811 2588 1864 corpore

1438 1868 1667 1919 extensa
1704 1870 1844 1932 erat,
1885 1882 2033 1919 nunc
2069 1866 2451 1934 contrahatur,
2490 1867 2586 1920 ad-

1930 1936 1941 1948 ·
2561 1938 2587 1966 (ὅ

1440 1951 1966 2062 ἓῗὲᾭηὲἓῖἒὶῗῑοέἶ
1996 1954 2061 2045 ἲ·-
2083 1937 2591 2077 ᾞέἳῗιῗκῖγέιῗῗζ.

1439 2078 1657 2147 syllaba
1694 2084 1952 2147 correpta
2002 2078 2075 2133 ad
2120 2080 2364 2134 aliorum
2400 2086 2589 2149 poeta·

1439 2167 1566 2204 rum
1630 2150 1959 2219 exemplum.
2046 2148 2232 2219 Quare
2286 2151 2589 2221 Muretum,

1441 2222 1538 2291 qui
1563 2239 1689 2275 cum
1715 2221 1874 2276 codd.
1897 2223 2114 2291 aliquot
2142 2222 2385 2277 seribere
2409 2224 2591 2306 voluit

1438 2300 2482 2435 aldgffnzhnnffiipessffe.ougaggiislaiiziilg
2510 2324 2591 2421 i-t-a.

1439 2436 1712 2490 vocabula
1748 2436 2024 2506 disposuit
2060 2436 2332 2491 Horatius
2384 2438 2445 2491 in
2484 2438 2591 2492 hoo

1438 2512 1749 2561 metrorum
1801 2526 2021 2579 genere,
2074 2514 2140 2563 ut
2187 2509 2345 2563 tertii
2399 2526 2591 2563 versus

1439 2586 1755 2633 extremum
1769 2579 2103 2634 vocabulum
2126 2582 2312 2649 quarti
2330 2579 2589 2635 ultimum

1440 2655 1734 2719 spectaret.
1809 2650 2085 2720 Exempla
2136 2652 2395 2705 omnibus
2456 2653 2590 2707 locis

1441 2722 1774 2791 frequentia.
1841 2722 1912 2777 cf.
1958 2722 2108 2776 infra
2149 2741 2201 2777 v.
2240 2726 2326 2777 23.
2363 2726 2452 2777 24.
2515 2723 2586 2788 ΙΙ,

1441 2796 1492 2855 7,
1530 2796 1617 2846 27.
1658 2795 1742 2847 28.
1793 2793 1864 2857 11,
1907 2796 1990 2861 14,
2034 2796 2115 2847 19.
2153 2797 2239 2848 20.
2278 2794 2377 2855 ΠΙ,
2413 2798 2465 2863 3,
2504 2798 2591 2850 59.

1441 2866 1526 2919 60.
1601 2864 1705 2933 111,
1740 2866 1794 2934 4,
1836 2867 1885 2918 7.
1928 2868 1991 2932 8;
2051 2865 2187 2920 ibid.
2235 2867 2320 2920 67.
2358 2866 2427 2920 68
2442 2886 2457 2935 ;
2505 2870 2591 2921 79.

1443 2938 1528 2990 80.
1567 2934 1668 3004 III,
1708 2939 1756 2998 5,
1799 2937 1879 2990 39.
1921 2932 1991 2989 40
2032 2943 2132 2991 cet.

1511 3006 1576 3061 V.
1601 3010 1685 3060 13.
1723 3008 2007 3062 Daedaleo
2043 3010 2196 3062 ocior
2238 3008 2415 3076 Icaro]
2457 3008 2587 3062 Hia-

1388 3140 1394 3145 .
1441 3084 1532 3132 tus
1580 3080 1993 3133 excusationem
2038 3078 2206 3133 facile
2260 3080 2478 3134 invenit
2531 3080 2591 3133 in

1443 3168 1689 3204 caesura.
1763 3150 1832 3205 cf.
1888 3150 2067 3219 Epod.
2126 3152 2176 3218 ὃ,
2232 3153 2349 3204 100.
2426 3150 2589 3220 Verg.

1441 3219 1577 3275 Buc.
1616 3222 1666 3289 2,
1705 3223 1790 3275 24.
1864 3220 1997 3276 Met.
2046 3220 2141 3287 XI,
2195 3223 2278 3275 17.
2351 3220 2591 3276 Bentleii

1443 3294 1763 3347 coniectura
1803 3293 1976 3347 tutior
2016 3292 2254 3361 probata
2292 3298 2377 3347 est
2413 3292 2589 3347 Lach-

1441 3381 1667 3433 mannO,
1694 3364 1963 3433 Hauptio,
1988 3364 2288 3431 MeinekiO,
2313 3362 2589 3433 Sohiitzio,

1442 3435 1784 3504 Ecksteinio,
1811 3453 1924 3489 non
1946 3436 2135 3489 hiatus
2160 3436 2379 3489 vitandi
2410 3454 2591 3505 causa,

1443 3507 1552 3561 sed·
1579 3508 1711 3575 quia
1747 3507 2025 3561 sententia
2072 3508 2153 3561 ita
2188 3508 2473 3576 postulare
2509 3508 2591 3560 vi-

1443 3578 1699 3633 debatur.
1772 3582 1852 3632 At
1900 3578 2137 3648 periculi
2172 3580 2329 3632 notio
2367 3579 2437 3633 ab
2484 3579 2591 3634 hoc

1443 3650 1568 3704 loco
1606 3650 1789 3704 aliena
1828 3658 1929 3713 est,
1970 3668 2092 3704 cum
2130 3650 2272 3703 nihil
2310 3654 2592 3719 spectetur

1443 3720 1554 3774 nisi
1613 3721 1866 3776 celeritas
1931 3722 2129 3775 famae.
2216 3721 2592 3792 Peerlkampii

1443 3792 1821 3847 coniecturam
1894 3793 2160 3847 audacior
2226 3793 2455 3848 Lachm.
2520 3795 2592 3847 ad

1442 3864 1669 3918 Lucret.
1694 3882 1748 3933 p.
1782 3866 1879 3917 161
1906 3864 1991 3919 ita
2014 3864 2302 3933 refutavit,
2329 3871 2393 3918 ut
2411 3869 2591 3919 osten·

1443 3936 1620 4002 deret,
1656 3953 1783 3990 cum
1808 3936 1867 3988 in
1890 3934 2000 3989 fine
2025 3936 2286 3990 vocabuli
2324 3936 2398 3990 sit
2424 3936 2593 4005 longa

1443 4007 1655 4061 vocalis
1710 4012 1843 4061 ante
1898 4008 2124 4077 longam
2169 4007 2419 4061 vocalem
2472 4007 2589 4062 sive

1443 4078 1886 4149 diphthongum,
1949 4077 2149 4147 quibus
2212 4078 2273 4132 in
2334 4078 2591 4147 proxima

1444 4150 1689 4204 dictione
1724 4150 1929 4204 vocalis
1974 4150 2303 4217 subiciatur,
2350 4150 2591 4216 syllabas

1443 4221 1847 4275 vocabulorum
1928 4222 2219 4291 contiguas
2308 4237 2591 4289 nunquam

1444 4292 1807 4347 commisceri.
1880 4292 2095 4347 Keller-o
2138 4291 2353 4361 placuit
2408 4293 2594 4345 notior

1444 4382 1512 4418 ex
1552 4362 1705 4416 MSS.
1752 4381 1863 4417 non
1908 4364 2119 4432 paucis,
2156 4362 2323 4431 quod,
2369 4362 2418 4415 si
2457 4363 2592 4431 quid

1444 4433 1795 4503 mutandum,
1832 4435 2165 4489 coniecturis
2192 4434 2423 4503 (doctior
2446 4434 2591 4489 Rau·

1448 4505 1752 4571 chenstein,
1814 4506 2029 4560 cautior
2088 4504 2325 4571 Withof,
2395 4506 2593 4561 certior

1444 4574 1699 4646 Seyffert)
1738 4581 1891 4631 certe
1914 4576 2169 4631 omnibus
2201 4574 2475 4645 praeferri
2501 4578 2595 4633 de-

2134 4676 2193 4729 11
