3092 5059
1034 229 1199 296 LIB.
1244 229 1329 296 IL
1357 229 1648 307 ‚EPIS'R
1693 232 1779 299 ΙΙ.
2492 236 2616 302 607

322 415 609 512 Pullos,
664 443 835 514 ova,
888 417 1165 496 cadum
1210 419 1510 496 temeti:
1568 445 1850 519 nempe
1893 419 2126 496 modo
2180 421 2326 497 isto

322 540 701 618 Paulatim
752 543 1119 618 mercaris
1171 569 1469 642 agrum,
1524 545 1852 621 fortasse
1897 549 2252 622 trecentis

224 702 299 742 ιω
323 663 481 742 Aut
531 668 759 744 etiam
812 695 1047 764 supra
1098 695 1586 746 nummorum
1641 670 1952 747 milibus
2006 685 2372 770 emptum.

327 789 533 882 Quid
584 792 849 888 refert,
899 793 1114 868 vivas
1164 805 1564 870 numerato
1619 821 1866 892 nuper
1915 823 2014 872 an
2071 797 2304 874 olim?

319 917 645 1017 Emptor
695 917 997 994 Aricini
1052 917 1443 1017 quondam
1495 919 1836 996 Veientis
1889 932 1965 997 et
2016 923 2184 998 arvi

322 1041 685 1138 Emptum
738 1055 958 1119 cenat
1008 1042 1254 1139 holus,
1309 1045 1660 1141 quamvis
1714 1046 1942 1122 aliter
1992 1061 2246 1144 putat;
2299 1049 2574 1146 emptis

327 1167 483 1244 Sub
536 1181 841 1244 noctem
896 1167 1233 1266 gelidam
1286 1167 1521 1266 lignis
1573 1169 1980 1246 calefactat
2029 1161 2346 1248 aenum:

223 1325 299 1364 no
324 1289 479 1368 Sed
526 1307 757 1368 vocat
796 1319 1041 1393 usque
1098 1319 1345 1389 suum,
1392 1318 1546 1393 qua
1595 1295 1932 1394 populus
1985 1297 2215 1372 assita
2267 1299 2494 1373 certis

324 1417 727 1494 Limitibus
779 1419 1033 1496 vicina
1086 1418 1375 1516 refugit
1420 1417 1718 1515 iurgia:
1772 1431 2138 1517 tanquam

325 1543 439 1619 Sit
487 1545 889 1643 proprium
947 1544 1385 1643 quicquam,
1438 1557 1726 1644 puncto
1772 1543 1980 1643 quod
2022 1547 2332 1622 mobilis
2383 1547 2619 1624 horae

322 1667 547 1744 Nunc
581 1693 811 1764 prece
838 1693 1046 1742 nunc
1088 1669 1337 1765 pretio
1378 1694 1584 1745 nunc
1625 1669 1701 1742 vi
1731 1695 1934 1746 nunc
1971 1684 2218 1748 morte
2261 1699 2621 1771 suprema

328 1792 715 1870 Permutet
764 1793 1119 1868 dominos
1174 1806 1251 1870 et
1298 1794 1519 1869 cedat
1569 1795 1652 1870 in
1700 1794 1941 1870 altera
1991 1797 2182 1872 iura.

219 1948 298 1990 ιω
321 1917 450 1994 Sic
501 1918 683 2016 quia
727 1931 1145 2018 perpetuus
1197 1917 1389 1993 nulli
1439 1918 1664 1994 datur
1714 1945 1891 1996 usus
1947 1933 2020 1995 et
2069 1921 2311 1997 heres.

324 2043 719 2122 Heredem
772 2043 1090 2120 alterius
1141 2042 1353 2120 velut
1400 2043 1614 2120 unda
1665 2046 2108 2144 supervenit
2156 2047 2468 2144 undam,

215 2289 327 2342 isto
369 2288 467 2343 sed
509 2287 659 2344 mdo
708 2293 807 2342 sto.
880 2287 973 2342 Sic
1006 2287 1068 2342 in
1106 2289 1247 2342 Aen.
1280 2286 1376 2355 VI,

216 2361 329 2414 389
348 2358 627 2414 Mediceus
652 2359 837 2428 prima
862 2377 1032 2415 manu
1068 2360 1183 2414 iam
1214 2357 1376 2426 stine,

221 2432 287 2484 in
322 2431 399 2485 M.
425 2430 600 2484 Tullii
632 2433 832 2486 Aecus.
867 2431 913 2499 I,
950 2433 1039 2500 47,
1081 2433 1181 2486 123
1219 2431 1375 2484 Vati-

216 2519 391 2556 canus
435 2518 587 2570 quem
627 2501 927 2557 ammodum
970 2509 1050 2557 ste
1086 2543 1100 2556 .
1141 2543 1154 2556 .
1191 2501 1375 2556 Maior

216 2591 355 2644 pars
402 2577 697 2642 poetarum
749 2579 879 2644 post
924 2574 1197 2629 vocabula
1240 2574 1374 2627 iam-

216 2645 351 2700 bica
384 2645 557 2699 nullis
590 2645 716 2700 aliis
755 2645 937 2700 locum
974 2646 1246 2701 concessit
1266 2645 1375 2698 nisi

218 2734 365 2785 quae
400 2721 499 2771 aut
536 2716 919 2785 monosyllaba
953 2723 1137 2772 essent
1167 2721 1225 2770 et
1247 2733 1375 2786 gra-

220 2789 319 2842 via
356 2793 455 2842 aut
490 2788 941 2858 hyperdisyllaba
972 2795 1101 2858 post
1132 2788 1375 2858 primam

216 2859 495 2928 syllabam
544 2861 763 2914 acuta-‘⁴
835 2859 1103 2916 Lehrsius
1140 2877 1209 2914 ex
1247 2875 1373 2912 con-

217 2932 350 2986 iect.
400 2931 561 2985 modo
615 2947 764 2985 usus.
828 2960 892 2971 ——
952 2930 1181 3000 emptor]
1236 2929 1375 2984 Con-

217 3003 392 3072 iunge
452 3007 655 3070 emptor
716 3002 1003 3071 quondam.
1098 3001 1238 3056 Vide
1305 3001 1375 3056 ad

220 3075 407 3128 Carm.
444 3073 543 3138 111,
586 3076 665 3134 17.
702 3075 753 3128 9.
789 3072 999 3142 Neque,
1038 3073 1239 3144 inquit,
1276 3073 1375 3141 qui

217 3163 423 3214 agrum
469 3145 605 3199 emit
652 3149 711 3199 et
768 3163 929 3200 suum
979 3146 1137 3213 dicit,
1191 3145 1375 3198 miuus

218 3217 427 3285 emptis
501 3217 667 3270 rebus
728 3215 971 3270 vescitur
1032 3221 1090 3271 et
1167 3216 1376 3271 fruitur

218 3305 389 3356 quam
416 3293 497 3355 tu,
528 3288 643 3357 qui,
680 3305 823 3356 quae
859 3287 1093 3344 cottidie
1128 3305 1375 3343 necessa·

218 3360 315 3412 ria
351 3364 499 3426 sunt,
530 3359 763 3414 cottidie
790 3375 1038 3414 coemere
1068 3360 1226 3414 soles.
1262 3359 1373 3413 Me-

216 3431 513 3485 morabilis
551 3436 739 3485 tamen
780 3430 1087 3484 multorum
1140 3436 1197 3485 et
1232 3430 1375 3484 anti-

221 3500 617 3570 quissimorum
640 3501 895 3556 codicum
912 3502 1081 3558 lectio
1096 3502 1375 3572 quoniam,

220 3591 259 3627 a
318 3573 563 3641 Cruquio
628 3577 855 3641 recepta
910 3591 1089 3642 neque
1149 3573 1376 3629 omnino

219 3645 555 3727 spernenda,
605 3645 905 3700 dummodo
954 3650 1229 3701 commate
1280 3662 1376 3728 po-

218 3717 337 3769 sito
374 3721 501 3784 post
537 3717 733 3771 v.166
762 3717 1227 3798 interrogationis
1266 3717 1377 3786 sig-

218 3805 363 3840 num
408 3787 711 3842 collocetur
758 3788 816 3842 in
864 3787 975 3844 fine
1023 3807 1216 3844 versus
1260 3789 1377 3842 169.

220 3859 481 3914 Alteram
516 3865 703 3914 tamen
726 3860 1023 3916 lectionem
1046 3866 1198 3916 recte
1217 3878 1375 3929 prae·

220 3931 480 3985 tulerunt
524 3930 807 3986 Eckstein.
855 3931 1076 3987 Muller.
1115 3933 1375 4014 Kriiger„

224 4001 483 4057 Kellerus
536 4002 833 4058 defendere
892 4005 1139 4060 tentavit
1197 4002 1377 4072 magis

224 4091 395 4142 quam
426 4072 695 4130 defendit.
726 4105 789 4115 —
846 4075 1105 4144 Veientis]
1145 4075 1245 4129 Vei
1280 4073 1373 4128 ho-

224 4145 319 4200 die
355 4149 441 4199 est
474 4145 623 4200 Isoza
656 4144 719 4199 di
753 4145 1013 4204 Famae.
1076 4147 1159 4200 De
1178 4145 1377 4201 Aricia

226 4215 359 4272 vide
394 4217 465 4272 ad
500 4217 615 4270 Sat.
649 4215 695 4283 Ι,
732 4217 782 4278 5,
829 4219 873 4270 1.
912 4248 977 4258 —
1014 4233 1198 4286 usque,
1236 4215 1369 4286 qua]

224 4305 439 4356 „usque
473 4288 545 4342 ad
581 4305 708 4342 eum
756 4288 957 4356 locum,
1000 4289 1209 4358 ubipo
1249 4288 1375 4341 ulus

226 4360 496 4414 terminos
533 4360 656 4430 agri
692 4360 930 4429 signat.“
966 4359 1173 4414 Comm.
1134 4305 1355 4428 pognaq

229 4459 300 4470 —
324 4429 555 4500 populus
586 4429 787 4500 assita]
824 4431 1127 4501 Aegrotius
1155 4448 1211 4514 p.
1232 4431 1377 4484 2274

226 4501 477 4556 Putscha
518 4502 745 4569 „Assita
780 4503 948 4557 arbor
983 4506 1070 4556 est
1104 4503 1193 4557 cui
1224 4503 1373 4557 inco-

227 4573 368 4627 lumi
415 4541 569 4628 aliud
619 4573 767 4642 quod
804 4573 1076 4630 sustineat
1122 4573 1375 4645 adiungi-

1467 2289 1580 2341 tur.
1653 2285 1944 2341 Horatius:
2002 2301 2114 2356 qua
2153 2287 2388 2356 populun
2442 2287 2618 2342 assita

1466 2359 1666 2429 surgit,
1704 2358 1912 2428 quippe
1949 2374 2091 2426 quae
2135 2357 2347 2412 vitibus
2392 2360 2620 2413 marita·

1466 2430 1678 2484 retur.“
1748 2429 1976 2484 Rectius
2014 2434 2078 2484 tu
2124 2430 2398 2500 coniunge
2443 2432 2622 2484 assita

1464 2501 1627 2556 certis
1662 2501 1932 2556 limitibus
1966 2501 2004 2554 i.
2031 2519 2078 2556 e.
2116 2501 2188 2555 ad
2225 2500 2432 2556 limites
2464 2503 2620 2572 plan-

1466 2576 1606 2639 tata,
1661 2573 1743 2626 ita
1794 2581 1860 2627 ut
1901 2573 2016 2627 iam
2073 2573 2324 2628 dubitari
2377 2577 2622 2643 nequeat

1466 2643 1566 2698 ubi
1593 2644 1800 2698 limites
1825 2644 1956 2698 sint.
1983 2643 2242 2715 Kriigero
2286 2645 2445 2700 certis
2481 2645 2620 2698 limi-

1467 2715 1614 2770 tibus
1637 2715 1931 2770 ablativus
1969 2721 2071 2783 est,
2110 2733 2234 2770 cum
2263 2717 2440 2786 rafam
2429 2719 2464 2771 't
2491 2733 2621 2771 con-

1465 2787 1794 2858 iungendas.
1871 2787 1984 2842 Cfr
2023 2787 2187 2858 Verg.
2236 2787 2431 2859 Eclog.
2477 2790 2532 2856 9,
2568 2791 2620 2844 7.

1468 2858 1629 2913 Varr.
1668 2857 1736 2913 R.
1774 2857 1841 2912 R.
1891 2859 1934 2926 1,
1973 2861 2066 2913 15·
2123 2857 2460 2926 „Praeterea
2502 2860 2622 2914 sine

1466 2929 1674 2999 saeptis
1731 2928 1872 2984 fines
1920 2929 2139 3000 praedii
2189 2931 2423 2986 sationis
2473 2930 2622 2986 notis

1466 3002 1732 3056 arborum
1770 3001 2008 3056 tutiores
2045 3000 2208 3068 fiunt,
2255 3019 2325 3056 ne
2373 3003 2623 3058 familiae

1468 3073 1725 3127 rixentur
1769 3089 1894 3128 cum
1939 3072 2138 3127 vicinis
2187 3089 2254 3128 ac
2298 3072 2506 3128 limites
2553 3093 2622 3128 ex

1466 3144 1663 3198 litibus
1695 3144 1934 3198 iudicem
1963 3149 2252 3213 quaerant.
2292 3144 2498 3200 Serunt
2523 3146 2620 3200 alii

1468 3216 1680 3270 circum
1714 3216 1896 3284 pinus,
1933 3215 2032 3270 alii
2071 3232 2374 3302 cupressos,
2413 3218 2510 3272 alii
2537 3217 2620 3270 ul·

1468 3305 1588 3341 mos
1625 3287 1767 3342 cet.“
1799 3317 1861 3326 -
1899 3287 2126 3356 refuyit]
2161 3283 2443 3357 ἀορίστως.
2481 3287 2622 3343 Vide

1468 3358 1542 3413 ad
1578 3359 1838 3422 Carm.1‚
1885 3359 2020 3425 ι,4.
2077 3357 2376 3413 Horkelius
2411 3379 2483 3414 ne
2519 3360 2622 3415 ha·-

1468 3430 1700 3486 beamus
1740 3430 2000 3484 arborem
2035 3429 2118 3484 ita
2142 3431 2298 3498 pacis
2323 3437 2623 3498 amantem,

1468 3507 1533 3556 ut
1583 3501 1748 3555 malit
1791 3500 2064 3556 radicitus
2121 3501 2386 3556 aliorsum
2442 3508 2621 3556 trans·

1468 3574 1738 3642 migrare.
1813 3590 1982 3641 quam
2046 3572 2358 3626 vicinorum
2423 3574 2622 3644 iurgiis

1467 3645 1756 3712 iuteresse,
1781 3645 2023 3698 coniecit
2045 3643 2400 3698 scribendum
2419 3645 2620 3712 refrin-

1465 3716 1570 3786 ρι’έ,
1607 3684 1764 3784 quod
1777 3715 2131 3770 Meinekius'
2115 3732 2175 3768 ln
2213 3733 2434 3770 versum
2472 3733 2620 3770 rece-

1468 3788 1572 3857 pit,
1629 3787 2021 3842 Doederlinius
2083 3786 2350 3841 laudavit.
2426 3787 2622 3843 Lehrs.

1468 3859 1669 3914 maluit
1695 3859 1878 3924 refixit
1913 3858 2026 3926 (bei
2059 3857 2214 3912 ihrer
2231 3858 2624 3929 Anpflauzung

1469 3931 1560 3986 ein
1597 3929 1691 3983 fiir
1725 3929 1952 3984 allemal
2001 3929 2266 4000 beseitigt
2310 3930 2445 3996 hat).
2517 3931 2621 3984 Re-

1467 4002 1618 4072 fugit
1661 4017 1730 4054 ex
1765 4000 1920 4055 MSS.
1957 4002 2195 4071 Kriiger.
2237 4001 2457 4056 Miiller.
2492 4001 2622 4055 Kel-

1468 4073 1595 4136 ler-3
1651 4071 1925 4127 Ribbeck.
1981 4091 2050 4126 ex
2107 4073 2341 4127 coniect.
2397 4072 2620 4139 refutat.

1465 4145 1748 4200 Eckstein.
1787 4161 1914 4200 eum
1937 4143 2173 4198 Dinteso
2207 4150 2443 4211 recusat,
2480 4144 2620 4198 Ben-

1466 4217 1585 4271 tlei.
1622 4214 1804 4284 reflqt't
1840 4234 1908 4271 ex
1942 4215 2136 4284 paucis
2171 4214 2349 4283 codd.
2388 4215 2619 4270 Holder.

1465 4286 1686 4357 rotliqit,
1741 4286 1838 4341 sed
1889 4287 2033 4341 nihil
2086 4285 2436 4355 mutandum,
2491 4305 2618 4342 nam

1460 4359 1726 4442 populus,
1771 4375 1898 4412 cum
1944 4357 2101 4428 quasi
2149 4357 2430 4441 quoddam
2474 4357 2620 4413 refu-

1469 4430 1625 4513 gium
1659 4429 1894 4499 praebet
1935 4430 2007 4484 ab
2044 4429 2242 4500 iurgiis
2288 4430 2619 4499 vicinorum,

1468 4502 1592 4571 ipsa
1627 4501 1838 4556 dicitur
1871 4500 2130 4572 refugere
2167 4501 2368 4571 iurgia.

1540 4573 1601 4628 V
1647 4575 1766 4627 177.
1821 4571 1954 4642 vici]
2015 4573 2230 4640 rustici,
2279 4573 2315 4626 i.
2355 4591 2400 4628 e.
2451 4573 2619 4628 villae
