3092 5059
414 230 539 297 354

1374 222 1875 295 SATIRARUM

513 414 773 513 thue
827 415 982 491 illis
1033 416 1275 492 multo
1321 428 1685 515 corrupta
1736 414 2005 491 dolore
2058 414 2436 512 voluptas,

427 574 480 615 ω
516 541 776 640 Atque
825 541 1018 618 haec
1068 567 1268 637 rara,
1321 540 1547 617 cadat
1599 540 1793 618 dura
1844 541 2043 617 inter
2094 566 2323 638 saepe
2373 540 2685 641 pericla.

511 665 666 741 Hic
719 692 801 741 se
849 665 1350 765 praecipitem
1405 680 1610 743 tecto
1665 667 1903 761 dedit,
1956 667 2089 742 ille
2136 664 2469 765 flagellis

515 790 644 867 Ad
695 804 1018 869 mortem
1076 816 1361 888 caesus,
1418 792 1723 890 fugiens
1781 793 1906 868 hic
1961 791 2252 868 decidit
2302 816 2559 868 acrem

515 916 1004 992 Praedonum
1030 917 1109 992 in
1139 917 1466 1013 turbam,
1501 916 1716 993 dedit
1738 916 1867 993 hic-
1905 942 2049 1014 pro
2078 942 2405 1015 corpore
2435 942 2820 1014 nummos,

514 1040 745 1117 Hunc
797 1042 1388 1139 perminxerunt
1441 1041 1789 1137 calones3
1849 1043 2038 1141 quin
2090 1041 2323 1117 etiam
2372 1041 2570 1117 illud

429 1198 480 1239 ω
518 1163 842 1260 Accidit,
899 1177 982 1239 ut
1033 1164 1350 1263 quidam
1403 1176 1635 1240 testes
1686 1164 2168 1263 caudamque
2218 1163 2547 1240 salacem

387 1338 398 1353 ·
512 1289 954 1366 Demeteret
1004 1290 1242 1365 ferro.
1345 1274 1621 1386 „11ire“

1677 1313 1980 1364 omnes:
2034 1287 2289 1365 Galba
2337 1291 2695 1387 negabat.

517 1414 788 1491 Tutior
839 1428 919 1491 at
970 1427 1256 1514 quanto
1303 1440 1522 1489 merx
1574 1425 1689 1490 est
1733 1414 1811 1489 in
1866 1414 2105 1489 classe
2157 1413 2514 1507 secunda,

515 1540 1086 1618 Libertinarum
1143 1540 1358 1634 dico,
1411 1538 1814 1615 Sallustius
1867 1540 1947 1615 in
2000 1565 2187 1639 quas

515 1665 691 1742 Non
742 1666 994 1743 minus
1045 1665 1328 1741 insanit
1377 1688 1609 1763 quam
1662 1665 1797 1764 qui
1842 1664 2333 1741 moechaturz
2386 1678 2467 1743 at
2517 1666 2642 1742 hic
2694 1667 2787 1759 si,

431 1824 484 1865 ω
521 1790 696 1883 Qua
741 1817 884 1879 res,
940 1816 1090 1891 qua
1141 1790 1336 1867 ratio
1389 1790 1747 1867 suaderet
1798 1814 2102 1889 quaque
2152 1790 2499 1867 modeste

513 1916 879 1992 Munifico
929 1940 1096 1991 esse
1145 1915 1349 2009 licet,
1401 1914 1637 1991 vellet
1683 1914 1931 1991 bonus
1984 1928 2219 2013 atque
2270 1915 2649 2014 benignus

515 2040 724 2136 Esse,
777 2041 999 2117 daret
1053 2054 1422 2139 quantum
1475 2041 1654 2116 satis
1710 2054 1909 2117 esset
1960 2066 2101 2115 nec
2153 2040 2302 2116 sibi
2354 2040 2635 2116 damno

513 2167 1050 2266 Dedecorique
1099 2168 1325 2242 foret.

1428 2166 1717 2241 Verum
1774 2166 1919 2241 hoc
1972 2191 2053 2240 se
2103 2163 2587 2261 amplectitur
2636 2192 2817 2263 uno,

515 2292 693 2368 Hoc
729 2306 936 2368 amat
989 2304 1064 2369 et
1115 2292 1414 2368 laudat:
1473 2291 1955 2386 „Matronam
1994 2289 2287 2366 nullam
2323 2314 2468 2388 ego
2502 2288 2820 2389 tango.“

433 2450 484 2492 ω
517 2416 628 2493 Ut
678 2417 1071 2517 quondam
1117 2418 1532 2512 Marsaeus,
1588 2428 1887 2492 amator
1940 2414 2283 2513 Originis
2328 2414 2488 2512 ille,

518 2542 670 2635 Qui
722 2540 1056 2638 patrium
1108 2544 1390 2619 mimae
1444 2540 1684 2617 donat
1734 2539 2218 2641 fundumque
2268 2538 2670 2640 laremque

517 2665 696 2763 „Nil
717 2665 951 2741 fuerit
967 2664 1148 2763 mi,“
1174 2667 1445 2767 inquit,
1469 2694 1697 2764 „cum
1724 2666 2091 2742 uxoribus
2116 2688 2453 2764 unquam
2475 2663 2821 2742 alienis.“

414 2916 596 2973 Schol.
635 2947 703 2959 —
741 2918 990 2989 moechis]
1036 2918 1130 2975 Sic
1174 2918 1376 2990 optimi
1419 2920 1570 2975 codi-

414 3006 503 3045 ces
540 2995 597 3045 et
632 3008 758 3045 cum
785 2991 854 3046 iis
876 2991 1133 3047 Kellerus
1163 2996 1220 3046 et
1239 2990 1569 3045 Fritschius.

413 3060 532 3115 Alii
567 3064 828 3132 moechae,
866 3080 1032 3133 quem
1062 3081 1253 3119 casum
1281 3079 1382 3116 cur
1410 3080 1569 3132 prae-

414 3132 580 3201 feras,
625 3151 692 3188 ex
739 3134 910 3189 Ennii
960 3135 1081 3190 loco
1127 3135 1388 3189 idoneam
1444 3151 1571 3189 cau-

415 3222 534 3259 sam
577 3222 692 3259 non
749 3206 1013 3261 invenies.
1090 3206 1348 3261 Ceterum
1407 3210 1571 3260 acute

411 3276 746 3331 Meinekius:
786 3276 1078 3346 „moechos
1118 3278 1190 3332 ab
1219 3276 1372 3331 omni
1406 3281 1571 3347 parte

415 3346 672 3403 laborare
741 3366 855 3402 non
928 3350 970 3403 ii
1058 3350 1259 3419 opinor
1331 3348 1571 3403 docendi

414 3424 600 3487 erant,
671 3421 767 3489 qui
833 3421 1034 3475 nolunt
1088 3418 1346 3475 moechos
1417 3424 1569 3475 recte

411 3490 738 3560 procedere,
784 3492 880 3546 sed
921 3492 961 3545 ii
1007 3492 1196 3561 potius
1246 3492 1344 3560 qui
1379 3490 1570 3547 favent

412 3561 656 3618 moechis
721 3580 1023 3633 eorumque
1086 3579 1327 3618 causam·
1380 3562 1569 3617 defen-

414 3633 572 3689 dunt.
645 3634 844 3704 Itaque
896 3636 1210 3705 scripturae
1247 3633 1450 3689 vitium
1492 3634 1569 3688 la·

413 3710 533 3760 tere
580 3711 737 3775 puto,
791 3724 857 3761 ac
905 3723 1028 3761 cum
1077 3705 1308 3775 plurimi
1344 3705 1569 3775 optimi·

414 3794 522 3846 que
557 3776 692 3832 libri
724 3794 837 3831 non
886 3777 1128 3831 niocchos
1170 3777 1434 3843 habeant,
1470 3776 1569 3830 sed

411 3849 662 3915 moechis,
681 3849 867 3903 nescio
887 3866 962 3903 an
980 3848 1333 3903 scribendum
1353 3848 1428 3901 sit
1443 3863 1567 3915 pro·

413 3918 596 3975 cedere
630 3924 771 3975 recte
813 3920 924 3989 qui.
956 3918 1182 3974 moechis
1224 3935 1339 3973 rem
1384 3918 1565 3973 vultis.

415 3988 539 4057 Qua
559 3990 946 4046 emendatione
961 3990 1202 4045 admissa
1221 3989 1374 4044 locus
1394 3989 1567 4043 etiam

413 4062 652 4116 similior
696 4061 884 4117 evadit
919 4060 1193 4116 Ennianis
1243 4060 1495 4114 versibus
1534 4078 1569 4114 a

413 4132 712 4187 scholiasta
759 4132 1152 4203 comparatis.“
1215 4130 1569 4199 Receperunt

414 4203 609 4259 Lehrs.
629 4204 856 4259 Miiller.
877 4204 1117 4274 Kriiger.
1136 4202 1440 4269 Eekstein.,
1468 4202 1565 4257 sed

412 4274 557 4329 nihil
607 4276 936 4330 mutandum
991 4280 1100 4342 est;
1163 4290 1293 4327 nam
1349 4271 1391 4326 ii
1440 4274 1565 4343 ipsi,

416 4346 514 4415 qui
551 4345 796 4401 moechis
820 4365 932 4401 non
962 4346 1171 4411 favent,
1197 4344 1566 4401 libentissime

415 4416 652 4472 audiunt
688 4435 853 4486 quam
889 4418 958 4472 iis
988 4416 1136 4471 male
1165 4433 1252 4470 res
1278 4416 1561 4484 procedat.

416 4487 524 4554 Qui
574 4487 818 4545 moechis
873 4500 994 4543 rem
1059 4487 1203 4541 bene
1259 4486 1561 4556 procedere

413 4558 628 4627 volunt,
665 4559 807 4614 nulli
854 4563 985 4614 sunt
1025 4557 1135 4611 nisi
1172 4558 1279 4631 ipsi
1315 4558 1562 4630 moechi3

1663 2918 1725 2973 hi
1762 2922 1947 2973 autem
1976 2917 2281 2973 maximam
2310 2922 2529 3001 partem
2560 2916 2671 2989 ipsi
2699 2936 2821 2975 sen-

1662 2994 1875 3053 serunt,
1914 3007 2083 3059 quam
2120 3006 2285 3059 saepe
2312 2993 2463 3045 mter
2488 2990 2634 3045 dura
2671 2990 2820 3061 peri·

1664 3062 1789 3117 cula
1826 3060 2147 3116 ceciderint.
2198 3092 2265 3101 —
2306 3060 2672 3133 praedonum]
2720 3079 2821 3117 no·

1664 3140 1863 3187 cturno
1902 3137 2157 3201 tempore
2192 3150 2295 3202 per
2328 3132 2529 3187 urbem
2560 3151 2819 3204 grassan-

1662 3203 1821 3259 tium.

1735 3274 1799 3329 V.
1834 3274 1921 3328 46.
1960 3272 2182 3343 quidam
2219 3273 2525 3345 demeteret]
2560 3274 2821 3331 Mueller.

1663 3352 1721 3401 et
1803 3346 2089 3401 Eckstein.
2167 3345 2389 3401 cuidam
2476 3346 2822 3415 demeterent3

1661 3416 1858 3473 Lehrs.
1896 3416 2118 3472 cuidam
2168 3416 2451 3473 devastaret
2486 3418 2713 3485 ferrum.
2753 3448 2820 3457 —

1662 3488 1865 3559 Galba]
1908 3486 2059 3543 Serv.
2101 3488 2339 3543 Galbam
2384 3488 2523 3543 iuris
2569 3490 2821 3559 peritum

1662 3561 1804 3617 dicit
1842 3560 2146 3615 Commeat.
2187 3558 2372 3629 Cruq.,
2424 3560 2516 3615 cui
2560 3578 2677 3615 non
2723 3561 2821 3616 ob-

1662 3632 1839 3687 secuti
1861 3632 2198 3685 recentiores
2222 3632 2562 3701 interpretes
2600 3634 2668 3685 A.
2694 3632 2825 3688 Gal·

1662 3704 1793 3759 bam
1814 3701 2110 3758 Octaviani
2136 3720 2386 3758 scurram
2408 3703 2823 3772 praetulerunt,

1660 3792 1774 3830 non
1814 3774 2127 3829 sufficiente
2172 3792 2355 3829 causa.
2397 3804 2463 3814 -
2500 3773 2820 3845 Sallustius]

1662 3846 1792 3901 vide
1838 3846 1909 3901 ad
1949 3846 2129 3901 Carm.
2171 3845 2244 3914 Π,
2284 3846 2333 3900 2.
2420 3844 2557 3901 Fuit
2604 3847 2704 3915 qui
2742 3846 2821 3901 hi-

1662 3918 1932 3973 storicum
1969 3916 2294 3972 Sallustium
2342 3916 2585 3973 indicari
2632 3918 2823 3973 vellet.

1661 3992 1741 4043 At
1778 3988 1825 4043 is
1862 3988 2098 4044 decessit
2122 4006 2172 4043 a.
2204 4006 2256 4042 u.
2284 4005 2331 4043 c.
2358 3990 2463 4044 '719
2502 3989 2617 4045 iam
2662 3990 2823 4059 quin-

1662 4059 2458 4199 fitsstzffltssmffzssssafflz
2504 4059 2613 4116 ¹²⁰⁰
2665 4061 2823 4187 iffi?

1660 4202 1845 4273 saeus]
1880 4200 2047 4256 homo
2074 4202 2093 4254 i
2174 4206 2320 4257 otus.
2345 4232 2404 4242 -
2428 4202 2626 4271 donat]
2660 4222 2821 4273 prae·

1661 4291 1785 4329 sens
1840 4290 1943 4343 pro
1992 4290 2092 4341 per
2118 4279 2242 4329 ecto
2296 4274 2358 4327 in
2413 4274 2673 4344 'exemplo
2736 4275 2819 4331 rei

1661 4345 1797 4400 satis
1836 4344 2087 4413 vulgaris
2124 4362 2191 4399 ae
2226 4362 2389 4415 saepe
2419 4344 2824 4401 observandae.

1660 4416 1786 4471 Non
1811 4420 1895 4469 est
1923 4432 2162 4485 syncope
2196 4433 2301 4487 pro
2336 4415 2579 4472 donavit.
2647 4416 2819 4487 Oriyo

1658 4486 1832 4542 mima
1862 4485 2088 4540 videtur
2111 4485 2280 4542 fuisse
2310 4488 2407 4543 illo
2442 4492 2697 4558 tempore
2718 4505 2817 4543 no·

1658 4558 1893 4614 tissima.
1923 4587 1989 4597 -
2015 4558 2217 4613 nulum
2242 4559 2497 4631 erasinus]
2526 4558 2712 4617 Grave
2737 4562 2826 4615 est
