3092 5059
420 185 546 250 632

1502 179 1761 248 LIBER

520 371 635 446 Ex
692 371 956 468 oculis,
1015 397 1211 470 quae
1262 396 1443 445 mox
1497 383 1756 445 narret
1808 368 2168 444 facundia
2214 391 2620 465 praesens:

424 534 499 575 1⁸5
526 497 643 573 Ne
686 521 969 598 pueros
1024 522 1286 572 coram
1337 495 1629 594 populo
1681 495 1961 570 Medea
2010 493 2334 569 trucidet

521 624 682 699 Aut
732 622 1066 697 humana
1110 621 1365 722 palam
1418 633 1696 720 coquat
1741 632 1911 696 exta
1959 619 2298 694 nefarius
2349 617 2631 692 Atreus

526 747 687 823 Aut
738 748 818 821 in
870 773 1091 823 avem
1144 749 1438 822 Procne
1492 759 1857 842 vertatur,
1923 745 2260 824 Cadmus
2314 744 2397 818 in
2462 769 2826 840 anguem.

526 872 1088 972 Quodcumque
1140 873 1476 950 ostendis
1528 872 1722 948 mihi
1771 870 1902 967 sic,
1956 867 2394 946 incredulus
2448 868 2604 943 odi.

520 997 731 1072 Neve
784 999 1037 1072 minor
1087 1024 1239 1074 neu
1284 1000 1383 1073 sit
1436 999 1704 1097 quinto
1752 995 2205 1099 productior
2248 1006 2422 1070 actu

422 1157 496 1197 ιω
520 1121 833 1217 Fabula,
879 1146 1074 1220 quae
1124 1123 1342 1220 posci
1396 1123 1564 1198 vult
1613 1135 1690 1199 et
1739 1135 2082 1220 spectata
2131 1118 2440 1219 reponi3

520 1245 681 1321 Nec
734 1245 919 1322 deus
968 1247 1287 1344 intersit,
1348 1248 1494 1324 nisi
1553 1246 1836 1344 dignus
1891 1245 2197 1322 vindice
2247 1245 2494 1322 nodus

520 1371 931 1468 Inciderit3
990 1399 1133 1449 nec
1188 1385 1463 1471 quarta
1513 1371 1730 1472 loqui
1780 1363 2482 1472 persona⁰laboret.

524 1495 834 1574 Actoris
896 1512 1151 1596 partes
1207 1499 1482 1575 chorus
1530 1498 2030 1597 officiumque
2082 1496 2306 1573 virile

524 1622 929 1722 Defendat‚
982 1650 1135 1700 neu
1188 1623 1373 1724 quid
1427 1624 1725 1699 medios
1774 1624 2185 1700 intercinat
2236 1636 2469 1719 actus,

428 1779 500 1820 ωε
530 1745 756 1838 Quod
809 1775 965 1824 non
1017 1751 1414 1848 proposito
1471 1747 1849 1826 conducat
1899 1761 1974 1826 et
2023 1748 2336 1825 haereat
2386 1763 2588 1846 apte.

522 1872 674 1950 Ille
728 1874 949 1949 bonis
1004 1875 1414 1973 faveatque
1466 1887 1541 1951 et
1593 1875 2032 1952 consilietur
2081 1876 2350 1982 amice,

522 2001 617 2074 Et
671 2009 887 2096 regat
936 2000 1173 2075 iratos
1228 2015 1304 2078 et
1352 2011 1559 2078 amet
1606 2025 1927 2102 peccare
1976 2000 2361 2095 timentes3

428 2263 555 2302 cum
590 2245 765 2301 oculis
802 2245 1227 2316 conspiciuntur
1262 2245 1437 2300 risum
1462 2263 1579 2301 mo-

430 2321 579 2382 vent,
617 2318 795 2372 veluti
830 2317 1357 2372 transformationes
1403 2316 1580 2371 homi-

434 2406 566 2443 num
626 2389 687 2442 in
747 2389 955 2444 bestias
1025 2389 1274 2457 aliasque
1334 2393 1579 2444 naturas.

435 2460 741 2543 Utriusque
777 2461 861 2514 rei
898 2461 1151 2544 exempla
1184 2460 1579 2543 adduntur.—

422 2531 1167 2672 fflz‘ffffifflgss·
1190 2531 1582 2672 {33251233

431 2675 581 2728 intus
621 2678 747 2729 acta
768 2679 1001 2730 sunt.—
936 2673 1249 2744 —MedeaJ
1288 2675 1357 2730 cf.
1384 2693 1436 2728 v.
1462 2677 1580 2728 123.

430 2776 495 2785 -
517 2745 739 2815 Atreus]
778 2746 848 2800 cf.
868 2765 921 2800 v.
946 2747 1122 2800 91.-
1147 2745 1375 2814 Procne]
1415 2745 1576 2800 Ovid.

426 2817 561 2871 Met.
599 2817 692 2871 VI.
728 2819 835 2871 425
856 2835 977 2886 sqq.
1018 2847 1079 2856 —
1120 2815 1375 2886 cadmus]
1416 2817 1578 2872 Ovid.

428 2887 561 2943 Met.
602 2887 697 2955 IV,
746 2889 866 2943 562.
920 2919 981 2928 —
1039 2890 1230 2959 quinto
1276 2889 1423 2971 actu]
1478 2889 1580 2957 „In

427 2961 628 3030 quinos
666 2965 820 3016 actus
857 2965 986 3031 post
1022 2961 1421 3044 grammaticos
1447 2961 1577 3014 Ale-

424 3032 726 3086 xandrinos
739 3032 981 3087 Romani
990 3032 1319 3087 dividebant
1329 3031 1578 3101 fabula83

427 3107 625 3158 contra
674 3108 891 3159 veteres
938 3103 1137 3158 Graeci
1184 3103 1242 3158 in
1276 3073 1578 3187 πρόλογον,

425 3169 717 3228 ἐπεισόδια
754 3173 918 3245 (τρία)
945 3179 1002 3230 et
1024 3175 1233 3235 ἔξοδον.
1271 3175 1354 3228 ita
1392 3179 1458 3229 ut
1493 3193 1578 3230 re-

430 3263 560 3315 apse
571 3246 773 3388 diVquio
784 3247 857 3373 atd
866 3247 1017 3302 idem
1028 3247 1259 3372 rffggret.
1268 3245 1293 3274 “
1279 3245 1580 3405 ΟτθὲΙίιιε]

429 3347 494 3357 --
515 3333 711 3386 repom
767 3337 804 3374 u
861 3336 1030 3388 supra
1204 3347 1273 3358 —
1298 3334 1395 3373 nec
1462 3335 1556 3373 eus

425 3388 1582 3546 52:20332322102„135..E„&3:23²

426 3533 525 3586 ἐπὶ
568 3528 661 3590 τὰς
705 3530 961 3604 μηχανὰς
1002 3526 1383 3604 ἀποφεύγουσι
1444 3529 1582 3587 θεὸν

428 3609 684 3673 αἴροντες
688 3603 724 3634 44
799 3604 907 3660 Cic.
955 3603 1084 3659 Nat.
1138 3603 1207 3658 D.
1244 3604 1289 3672 1,
1325 3605 1422 3658 20·
1480 3609 1581 3673 „ut

428 3674 634 3746 tragici
692 3680 917 3745 poetae,
972 3693 1095 3730 cum
1156 3643 1434 3744 expl'icare
1492 3693 1582 3730 ar·

428 3746 681 3817 gumenti
721 3747 934 3801 exitum
978 3764 1090 3801 non
1126 3748 1384 3816 potestis,
1453 3764 1579 3802 con-

428 3817 627 3888 fugitis
664 3817 737 3872 ad
778 3819 997 3873 deum.“
1045 3817 1181 3872 Inde
1215 3818 1581 3887 proverbium

427 3889 592 3943 illud:
656 3889 787 3943 deus
840 3906 907 3944 ea:
958 3889 1232 3944 machina.
1273 3919 1338 3929 —
1378 3895 1580 3958 quarta

420 3959 683 4030 persona]
744 3959 994 4028 „Quarta
1038 3978 1276 4030 persona
1323 3978 1448 4015 cum
1495 3963 1578 4014 in-

429 4032 674 4098 ducitur,
708 4031 914 4086 debent
951 4036 1049 4086 aut
1084 4033 1310 4087 omnino
1348 4050 1462 4086 non
1497 4034 1576 4088 lo-

430 4105 527 4173 qui
563 4103 653 4158 vel
691 4103 990 4172 admodum
1040 4122 1241 4172 pauca:
1291 4104 1580 4159 inducitur

429 4175 579 4230 enim
616 4179 713 4229 aut
762 4179 827 4229 ut
872 4175 1082 4229 adnuat
1127 4181 1227 4230 aut
1262 4179 1327 4229 ut
1362 4176 1580 4245 aliquid

429 4246 481 4301 ei
539 4247 861 4316 imperetur.
866 4247 899 4276 “
976 4246 1184 4300 Comm.
1234 4245 1398 4334 Cruq.
1450 4247 1578 4302 Pol-

428 4319 525 4371 lux
562 4319 937 4386 2,110:„Et
972 4317 1036 4370 δὲ
1072 4322 1323 4385 τέταρτος
1358 4339 1578 4390 υποκρι-

427 4357 1090 4528 ἑξὶξῇαπῗίἱῇῗζξω·
1138 4391 1578 4532 ’ἓῖἕηεῖᾝᾝ

431 4529 619 4583 binus:
667 4531 901 4600 „chorus
936 4535 1155 4587 tutetur
1190 4537 1251 4588 et
1282 4537 1413 4604 agat
1449 4551 1575 4604 par·

1675 2250 1758 2301 tes
1811 2246 2033 2312 actoris,
2087 2245 2125 2298 i.
2182 2263 2230 2300 e.
2289 2247 2488 2302 chorus
2548 2245 2835 2300 habeatur

1675 2317 1838 2370 unius
1894 2317 2100 2372 actoris
2152 2317 2302 2387 loco,
2365 2319 2529 2372 unius
2594 2334 2833 2372 munere

1675 2387 1945 2459 fungatur
1980 2393 2038 2443 et
2083 2359 2330 2444 officium
2373 2389 2538 2444 virile
2583 2389 2759 2444 obeat
2793 2389 2834 2443 i.

1676 2478 1722 2514 e.
1760 2461 1923 2514 unius
2005 2478 2236 2515 ersonae
2280 2462 2464 2516 locum
2514 2459 2836 2515 obtineatf‘

1674 2533 1913 2620 Aristot.
1998 2535 2106 2586 oet.
2150 2535 2241 2586 18.
2317 2536 2465 2599 „Kal
2509 2529 2607 2584 τὸν
2651 2529 2838 2602 χορὸν

1675 2603 1738 2656 δὲ
1778 2601 1874 2656 ἕνα
1912 2601 2001 2656 δεῖ
2038 2572 2351 2691 ὑπολαβεῖν
2371 2604 2481 2658 τῶν
2517 2601 2834 2670 ὑποκριτῶν

1674 2679 1766 2728 καὶ
1787 2670 1991 2746 μόριον
2017 2674 2155 2728 εἶναι
2178 2676 2273 2728 τοῦ
2307 2669 2450 2728 ὅλου.
2453 2675 2484 2704 “
2525 2675 2610 2728 De
2655 2674 2832 2730 choro

1675 2747 1734 2800 in
1763 2745 2069 2816 tragoediis
2098 2745 2367 2801 Romanis
2387 2746 2658 2801 Orellius:
2697 2785 2736 2814 „
2738 2747 2834 2800 vix

1674 2823 1793 2872 tam
1830 2822 2088 2872 accurate
2142 2817 2302 2873 chori
2357 2817 2508 2888 leges
2545 2819 2834 2886 exposuis-

1674 2895 1760 2944 set
1795 2889 2081 2957 Horatius,
2119 2889 2169 2943 si
2207 2907 2276 2944 ex
2311 2889 2567 2944 Romana
2603 2895 2832 2960 tragoe-

1673 2961 1767 3015 dia
1837 2961 1931 3014 ille
1999 2961 2167 3029 plane
2231 2967 2478 3016 remotus
2533 2965 2703 3028 esset,
2767 2967 2834 3016 ut

1672 3032 1839 3086 multi
1885 3031 2026 3086 falso
2069 3033 2494 3100 contenderunt,
2535 3033 2632 3100 qui
2677 3033 2830 3087 refu·

1674 3108 1868 3158 tantur
1904 3103 2116 3172 partim
2151 3104 2405 3172 reliquiis
2453 3121 2522 3158 ex
2557 3103 2734 3158 Ennii
2777 3110 2834 3159 et

1673 3174 1901 3230 Pacuvii
1939 3175 2122 3230 choris
2167 3175 2330 3229 nobis
2385 3176 2650 3243 servatis,
2699 3193 2832 3245 par-

1673 3247 1776 3302 tim
1823 3247 1979 3301 Accii
2033 3245 2373 3313 Phoenissis,
2433 3265 2466 3302 a
2521 3247 2692 3302 choro
2749 3249 2832 3302 sic

1673 3318 2012 3388 inscriptis.“
2081 3318 2152 3373 cf.
2192 3318 2420 3386 Grysar.
2456 3319 2516 3372 in
2553 3335 2834 3374 commen·

1673 3394 1776 3444 tat.
1844 3389 2066 3458 „Ueber
2111 3389 2209 3444 das
2247 3389 2532 3444 Canticum
2574 3391 2692 3444 und
2727 3390 2832 3445 den

1673 3459 1818 3516 Ghor
1853 3461 1916 3514 in
1953 3461 2049 3516 der
2077 3461 2234 3516 Rem.
2281 3461 2604 3531 Traqodief‘
2644 3461 2738 3531 (W
2741 3463 2834 3516 ien

1677 3531 1861 3602 1855);
1899 3532 2048 3587 idem
2085 3533 2278 3588 docuit
2315 3532 2378 3587 Ο.
2411 3531 2564 3588 Jahn
2599 3533 2660 3586 in
2684 3531 2826 3588 Her-

1672 3621 1788 3659 mes
1826 3605 1961 3658 1867
1987 3604 2060 3658 11.
2085 3621 2142 3673 p.
2175 3605 2284 3656 227
2303 3620 2415 3673 sq.;
2454 3605 2626 3658 etiam
2661 3603 2827 3659 Teuf-

1674 3675 1768 3731 fel.
1811 3675 1970 3730 Ram.
2001 3673 2474 3746 Literaturgesch.
2512 3675 2649 3730 edit.
2685 3677 2738 3730 3.
2775 3694 2828 3746 p.

1675 3749 1747 3801 20
1767 3764 1848 3830 sq.
1888 3746 1996 3801 Sed
2023 3747 2302 3801 incertum
2327 3751 2430 3810 est,
2470 3751 2664 3800 utrum
2690 3746 2830 3802 haec

1676 3819 1882 3887 omnia,
1921 3836 2062 3887 quae
2098 3819 2167 3873 de
2205 3819 2377 3873 choro
2409 3818 2830 3888 praedicantur,

1675 3891 1748 3946 ad
1802 3890 2056 3944 Romana
2117 3891 2337 3945 cantica
2399 3894 2456 3944 et
2513 3889 2826 3945 Romanum

1674 3963 1904 4018 chorum
1926 3961 2141 4032 possint
2175 3961 2394 4024 referri,
2422 3978 2494 4014 ιιιι
2531 3978 2658 4016 cum
2683 3961 2824 4016 Κι-ἰὶ·

1671 4051 1809 4105 gero
1878 4038 1937 4088 et
1999 4033 2418 4088 Weissenfelsio
2481 4031 2552 4086 de
2617 4031 2824 4088 Graeco

1674 4107 1844 4161 choro
1893 4105 2044 4159 dicta
2078 4105 2394 4159 videantur.
2478 4103 2686 4158 Versus
2725 4104 2826 4156 208

1673 4197 1788 4247 sqq.
1847 4181 2034 4231 tamen
2087 4176 2282 4231 urbem
2341 4176 2580 4231 Romam
2624 4173 2821 4230 Roma-

1674 4267 1886 4318 nosque
1930 4249 2047 4302 eius
2099 4248 2368 4318 temporis
2415 4265 2598 4302 mores
2634 4251 2824 4316 aperte

1676 4322 2076 4376 demonstrant.
2119 4349 2186 4359 -
2223 4319 2506 4389 defendat]
2536 4323 2602 4374 ut
2631 4317 2744 4373 Sat.
2777 4317 2823 4384 1,

1681 4396 1765 4461 10,
1796 4395 1878 4446 12.
1903 4421 1968 4430 -—
1989 4389 2324 4461 consilietur]
2363 4390 2658 4445 consilium
2699 4389 2820 4456 (ἰθὺς

1675 4465 1841 4519 aliter
1887 4462 2065 4518 Cam.
2111 4463 2212 4532 III,
2259 4463 2310 4529 3,
2361 4463 2442 4516 17.
2488 4489 2558 4502 —
2601 4477 2818 4532 peccare

1674 4533 1942 4606 timentes]
1995 4535 2086 4591 Sic
2129 4551 2319 4590 omnes
2363 4551 2540 4605 prope
2583 4533 2819 4594 codices.
