3092 5059
1135 238 1296 305 LIB.
1339 240 1425 306 ΙΙ.
1472 236 1722 305 ΟΑΒΜ.
1767 238 1849 304 X.

2570 240 2689 305 135

697 428 1084 504 Decidunt
1133 442 1383 521 turres
1437 429 1879 527 feriuntque
1931 452 2267 502 summos

901 552 1242 649 Fulgura
1291 566 1611 629 montes·

702 702 974 802 Sperat
1025 702 1339 797 infestis,
1398 703 1664 777 metuit
1714 700 2067 777 secundis

700 824 1044 904 Alteram
1095 842 1379 903 sortem
1432 827 1630 903 bene
1681 839 2218 926 praeparatum

623 984 674 1024 ιε
708 950 1004 1028 Pectus.

705 1223 1167 1301 Summovet.

1106 952 1490 1027 Informes
1544 950 1833 1025 hiemes
1885 948 2185 1025 reducit

895 1076 1263 1177 Iuppiter,
1315 1076 1521 1152 idem

1271 1224 1472 1319 Non,
1525 1222 1589 1299 si
1640 1224 1842 1301 male
1890 1250 2115 1321 nuno,
2172 1236 2245 1299 et
2295 1224 2481 1300 olim

706 1347 832 1425 Sic
885 1348 1060 1425 erit:
1114 1348 1506 1448 quondam
1561 1350 1852 1425 eithara
1902 1362 2283 1425 tacentem

702 1473 1031 1551 Suscitat
1081 1475 1378 1550 Musam
1433 1499 1687 1574 neque
1736 1500 2037 1573 semper
2086 1500 2351 1550 areum

620 1628 674 1667 so
905 1598 1186 1675 Tendit
1238 1597 1546 1697 Apelle.
2182 1614 2186 1619 ’

701 1750 956 1825 Rebus
1006 1750 1344 1845 angustis
1393 1750 1775 1824 animosus
1830 1763 2057 1848 atque

703 1874 950 1948 Fortis
1005 1898 1328 1974 appare3
1387 1874 1769 1974 sapienter
1818 1874 2024 1949 idem

287 2100 472 2155 χονεα
519 2081 630 2165 ζῷα
673 2098 747 2139 ως
783 2086 1038 2149 κεραυνοῖ
1067 2077 1100 2134 ὁ
1149 2076 1280 2139 θεὸς
1315 2074 1445 2134 οὐδὲ

293 2156 366 2224 ἐᾷ
402 2146 799 2239 φανῐάζεσθαι,
833 2150 902 2204 τὰ
938 2152 1002 2205 δὲ
1041 2148 1246 2221 σμικρὰ
1281 2148 1450 2205 οὐδέν

292 2242 402 2313 μιν
451 2228 640 2288 κνίζει·
687 2221 818 2292 ὁρᾷς
865 2222 928 2276 δὲ
973 2219 1044 2281 ὥς
1081 2224 1138 2282 ἔς
1173 2218 1445 2309 οἰκήματα

293 2295 368 2351 τὰ
343 2300 677 2395 pay-ow
687 2298 794 2347 αἰεὶ
838 2297 931 2347 καὶ
965 2294 1198 2364 δένδρεα
1236 2292 1303 2347 τὰ
1339 2314 1444 2348 τοι·

1550 2086 1785 2151 quenter
1819 2082 2134 2150 reperiatur
2166 2082 2225 2137 in
2262 2080 2483 2136 fabellis
2518 2085 2577 2136 et
2598 2098 2691 2135 ex·

1973 2153 2157 2277 fr
2508 2153 2689 2278 {102⁶-

1549 2264 1601 2362 1,'
1622 2241 2690 2363 3,18.1,10‚42.11‚2,197;deiiide

297 2368 420 2422 αὕτ’
451 2361 799 2454 panonia-tec
824 2362 889 2419 τὰ
914 2369 1098 2434 βέλεα·
1112 2369 1312 2449 φιλέει
1336 2366 1446 2451 γὰρ
1542 2335 1677 2421 bimi
1712 2367 1995 2435 praesenti
2030 2368 2271 2436 tempori
2296 2370 2395 2421 aut
2422 2367 2689 2436 praeteri·

295 2438 330 2494 ὁ
373 2436 508 2497 θεὸς
548 2435 614 2492 τὰ
659 2434 1000 2508 υπερέχοντα
1045 2432 1226 2491 πάντα
1263 2434 1446 2491 κολού-

297 2512 434 2565 ειν.“
461 2540 530 2551 ·—
555 2508 847 2579 fulan-rab
849 2510 1084 2579 ,Fulqur
1109 2509 1339 2579 proprie
1363 2514 1448 2564 est

297 2582 568 2653 splendor
601 2580 870 2635 fulminis.
941 2580 1050 2635 Sed
1091 2598 1162 2634 ex
1206 2582 1446 2635 auetori-

295 2658 420 2710 tete
465 2652 718 2709 codicum
765 2656 826 2707 et
869 2651 1196 2721 Hieronymi
1250 2657 1448 2722 quater

297 2726 386 2780 sie
411 2724 718 2779 adferentis
743 2740 792 2776 ιν.
817 2724 1040 2794 namra
1063 2724 1444 2779 retinendum.

295 2816 434 2852 nam
485 2796 682 2865 falam·
721 2794 872 2849 idem
915 2810 1080 2864 saepe
1126 2800 1324 2850 notare
1381 2812 1448 2850 ae

293 2868 508 2935 fulmen
529 2866 680 2936 apud
701 2866 1030 2935 Vergilium,
1054 2865 1318 2929 Plinium,
1341 2865 1444 2921 Ta-

297 2940 484 2995 citum
509 2944 612 2993 eet.
640 2937 780 2991 adeo
803 2942 1002 2992 notum
1035 2941 1137 3004 est,
1173 2942 1240 2991 ut
1265 2954 1444 2991 exem—

299 3010 422 3080 plis
453 3009 512 3063 id
548 3007 790 3079 probare
823 3008 1056 3063 minime
1101 3008 1192 3063 hie
1227 3026 1448 3064 neeesse

297 3082 432 3137 sit.“
507 3080 690 3135 Bentl.

377 3152 442 3207 V.
487 3154 570 3206 13.
642 3151 780 3206 Inde
829 3152 900 3206 ab
947 3151 1056 3205 hoe
1103 3151 1224 3205 loeo
1271 3168 1448 3221 usque

295 3224 380 3279 sd
411 3223 582 3278 finem
619 3223 802 3277 oratio
838 3223 1244 3277 sententiarum
1279 3224 1448 3292 plena

295 3302 362 3351 et
395 3295 622 3350 brevior
662 3298 720 3349 et
756 3294 1046 3349 nervosior
1081 3299 1166 3347 est
1195 3311 1362 3362 quam
1388 3295 1446 3347 in

295 3367 594 3437 superiore
617 3369 796 3435 parte.
833 3364 988 3433 Quae
1009 3365 1295 3419 simillima
1317 3370 1450 3419 sunt

296 3444 362 3495 et
401 3439 555 3493 inter
597 3454 654 3491 se
689 3437 964 3506 proxima,
1006 3453 1072 3491 ea
1107 3453 1178 3490 ne
1213 3436 1446 3492 minimo

297 3510 530 3579 quidem
577 3514 808 3563 externo
845 3508 1070 3563 vinculo
1107 3508 1444 3572 vinciuntur,

295 3583 472 3635 immo
510 3597 644 3635 vero
680 3579 926 3643 brevitas
954 3579 1174 3633 dicendi
1209 3584 1448 3650 augetur

292 3652 486 3723 figura
531 3650 804 3719 asyndeti,
855 3668 966 3719 quo
1007 3650 1148 3705 bene
1197 3668 1328 3705 usus
1364 3656 1450 3705 est

295 3740 470 3778 versu
527 3722 610 3777 13.
663 3750 736 3762 ·—-
787 3722 1206 3792 praeparatum]
1259 3721 1448 3777 Senee.

295 3796 408 3865 Ep.
451 3796 540 3848 18:
591 3793 694 3861 „In
730 3794 852 3861 ipsa
887 3793 1188 3847 securitate
1229 3794 1446 3849 animus

297 3866 378 3921 nd
413 3833 674 3920 diffieilia
707 3882 768 3919 se
803 3869 1117 3934 praeparet,
1157 3869 1214 3918 et
1252 3871 1448 3919 eontra

297 3936 539 3993 iniurias
577 3935 836 3991 fortunae
871 3935 1020 3990 inter
1043 3936 1313 3991 beneficia
1351 3935 1444 3990 fir·

299 4009 547 4063 inetur-‘⁸
577 4006 960 4078 -iut'omesJ
999 4007 1268 4078 Epitheta
1303 4008 1443 4062 eius-

293 4080 454 4135 modi
491 4097 560 4133 ex
595 4078 1080 4148 personifieatione
1103 4096 1270 4147 quam
1309 4077 1445 4132 diei-

295 4168 427 4206 mns
461 4154 784 4204 naseuntur.
827 4178 890 4189 -
925 4150 1078 4219 olim]
1117 4150 1446 4204 adverbium

293 4222 408 4278 hoe
459 4238 587 4277 enm
629 4221 842 4275 factum
885 4221 961 4275 sit
1003 4238 1072 4275 ex
1117 4222 1446 4291 pronomine

293 4294 450 4349 ollns
483 4296 572 4360 (--=
595 4292 734 4361 ille),
770 4292 1050 4346 diversum
1096 4311 1131 4347 a
1165 4293 1448 4362 praesenti

291 4373 524 4448 tempus
571 4364 834 4429 ostendit,
877 4362 1020 4417 nihil
1067 4363 1237 4419 aliud.
1312 4365 1448 4420 Inde

293 4438 511 4493 trilex
565 4436 686 4491 eius
742 4440 828 4490 est
872 4452 1030 4503 usus3
1082 4436 1324 4504 primum
1379 4437 1448 4491 de

403 4509 528 4562 nito
583 4514 835 4577 tempore
893 4524 1004 4574 quo
1051 4506 1186 4576 quid
1235 4507 1448 4563 factum

295 4586 394 4635 est
427 4584 528 4635 sut
547 4578 676 4635 fies-i
709 4578 856 4635 solet
879 4583 1198 4648 usurpatur,
1238 4583 1306 4635 ut
1340 4579 1448 4635 fre-

1547 2441 1671 2492 tum
1710 2442 2027 2508 opponatur
2052 2443 2147 2493 aut
2183 2438 2453 2505 futurum,
2478 2442 2689 2492 utrum-

1552 2526 1659 2577 que
1712 2510 1819 2564 hoe
1862 2510 2127 2565 adverbio
2174 2510 2478 2565 indicatur·
2533 2526 2694 2579 prae·

1547 2582 1781 2635 teritum
1818 2582 2163 2651 saepissime.
2214 2581 2693 2648 Csrm.1,10,9.

1550 2652 1648 2712 ΠΙ.
1691 2652 1774 2715 11,
1824 2655 1874 2707 5.
1948 2652 2041 2717 IV,
2078 2654 2129 2719 9,
2174 2654 2222 2707 9.
2296 2651 2475 2721 Epod.
2522 2655 2605 2720 14,
2641 2655 2689 2705 7.

1551 2723 1665 2778 Sat.
1701 2724 1744 2790 1,
1782 2724 1835 2788 3,
1873 2726 1959 2778 35.
1999 2724 2085 2777 46.
2159 2724 2204 2785 1,
2241 2726 2290 2789 4,
2335 2724 2399 2777 57
2438 2728 2564 2793 eet„
2605 2722 2691 2777 fu-

1552 2799 1767 2849 turum:
1804 2800 2029 2864 praeter
2065 2795 2214 2850 hune
2248 2795 2319 2849 de
2355 2812 2465 2864 qno
2503 2796 2693 2866 agitur

1551 2866 1735 2921 locum
1771 2866 1885 2921 Sat.
1921 2867 1963 2933 1,
2002 2868 2051 2930 4,
2088 2866 2213 2920 137.
2288 2866 2331 2925 1.
2373 2868 2424 2935 6,
2460 2868 2547 2921 85.
2619 2866 2693 2934 Π,

1551 2940 1600 3004 5,
1638 2940 1725 2991 27.
1765 2966 1831 2977 -
1870 2938 2163 3007 quondam]
2204 2938 2552 2993 Adverbium
2587 2938 2694 2993 hoe

1551 3013 1637 3063 est
1674 3008 1937 3064 adieetivi
1974 3008 2225 3079 quidam·
2212 3050 2226 3077 ,
2281 3026 2390 3078 quo
2430 3026 2554 3064 eum
2604 3026 2693 3063 res

1550 3079 1913 3151 significetur.
1930 3098 2093 3149 quae
2128 3081 2311 3149 qualis
2337 3081 2411 3135 sit
2434 3086 2695 3136 accurate

1552 3168 1665 3207 non
1699 3152 1979 3213 definitur,
2036 3150 2281 3207 efficitur
2323 3157 2390 3206 ut
2425 3152 2693 3221 quondam

1551 3223 1815 3278 adverbio
1851 3240 1964 3277 non
2000 3224 2178 3294 magis
2220 3229 2436 3278 eertum
2476 3228 2691 3293 'tempo-

1550 3295 1629 3348 ris
1684 3299 2025 3349 momentum
2080 3296 2425 3349 ostendatur.
2508 3294 2693 3363 Quare

1552 3366 1668 3420 eius
1694 3383 1823 3419 usus
1859 3383 1973 3420 non
1998 3366 2181 3421 minus
2204 3366 2319 3421 late
2342 3371 2499 3436 patet
2522 3384 2691 3435 quam

1550 3438 1676 3492 olim
1716 3437 1997 3504 adverbii3
2042 3438 2111 3491 de
2166 3436 2387 3491 infinito
2422 3442 2692 3507 tempore,

1552 3513 1618 3563 nt
1636 3509 1709 3563 sit
1727 3508 2024 3563 interdum:
2059 3508 2165 3563 hoe
2185 3514 2379 3563 nostro
2413 3510 2551 3565 loen.
2568 3513 2688 3564 tum

1553 3578 1716 3650 Verg.
1738 3583 1875 3634 Aen.
1895 3579 2103 3645 11‚367.
2126 3580 2239 3635 Geo
2351 3580 2446 3645 IV,
2466 3581 2597 3650 2613
2622 3581 2691 3636 de

1551 3650 1743 3706 futuro
1778 3657 1932 3721 temp
1934 3668 2054 3705 ore:
2099 3651 2234 3706 Hor.
2241 3596 2379 3705 rget.
2409 3620 2483 3719 1’1‚
2518 3652 2570 3719 2,
2604 3653 2688 3705 82.

1552 3721 1718 3807 Verg.
1742 3723 1882 3777 Aen.
1894 3722 1987 3784 VI,
2002 3724 2135 3790 877;
2159 3722 2229 3777 de
2247 3690 2570 3793 praeter-'ito
2574 3740 2687 3778 sae-

1551 3794 1793 3862 pissime.
1828 3822 1901 3851 -.-
1936 3793 2173 3864 cithara]
2214 3794 2305 3848 Sie
2338 3794 2691 3849 scribendum

1551 3882 1617 3991 Ξῖ
1656 3865 2691 4007 (ὅξᾙὴιὲοἳῗὼῗῖζοὲἓξῖὧῖῑ

1550 4008 1688 4063 haee
1742 4013 1827 4063 est
1877 3974 2094 4078 im’ago:
2130 4026 2240 4078 qua
2276 4008 2480 4078 Apollo
2532 4008 2693 4077 pulsa

1552 4078 1673 4147 lyra.
1720 4079 1935 4134 Musam
1981 4080 2054 4133 sd
2098 4081 2407 4144 eanendum
2465 4080 2689 4134 excitat.

1552 4150 1727 4217 Quam
1765 4151 2009 4206 voluerit
2038 4150 2305 4207 Horatius
2334 4152 2567 4218 Musam,
2604 4168 2691 4205 su-

1547 4239 1952 4291 pervacaneum
1996 4228 2081 4277 est
2126 4240 2419 4292 quaerere3
2470 4222 2567 4277 sed
2621 4238 2693 4277 ne

1552 4293 1789 4361 dubites,
1826 4294 1957 4348 vide
1979 4294 2114 4363 quid
2149 4296 2369 4364 legatur
2396 4297 2462 4348 A.
2483 4294 2543 4347 P.
2564 4294 2689 4348 406.

1549 4365 1643 4420 Ad
1698 4382 1817 4419 rem
1866 4366 2130 4439 legendus
2179 4370 2263 4419 est
2310 4365 2585 4419 Homerus
2624 4365 2690 4419 11.

1550 4436 1594 4504 Ι,
1614 4439 1685 4490 43
1706 4454 1785 4507 sq.
1820 4442 1879 4492 et
1911 4440 2011 4491 601
2037 4452 2155 4504 sqq.
2186 4465 2252 4475 —
2282 4434 2467 4505 atque]
2504 4435 2589 4491 Ne
2632 4438 2690 4491 in

1550 4509 1749 4563 ultimo
1787 4508 1910 4563 loeo
1946 4524 2139 4561 versus
2183 4506 2367 4575 posita
2410 4508 2691 4576 particula

1547 4579 1869 4647 offendaris,
1922 4577 2052 4632 vide
2106 4577 2286 4633 Carni.
2342 4578 2444 4648 111,
2491 4581 2677 4645 11,18
