3092 5059
926 227 1102 292 LIB..
1131 225 1244 292 111.
1290 225 1544 292 GARM.
1584 225 1887 292 XXVIII.

2486 222 2613 288 233

521 414 740 516 Lyde
790 427 1099 491 strenua
1149 412 1592 491 Caecubum

717 539 1217 640 Munitaeque
1267 537 1552 616 adhibe
1604 540 1758 614 vim
1812 540 2258 640 sapientiae.

461 695 488 737 a
519 663 907 742 Inclinare
960 663 1364 741 meridiem

719 787 970 865 Sentis
1020 815 1134 880 ac,
1187 789 1432 866 veluti
1481 803 1629 866 stet
1677 787 2015 866 volucris
2067 789 2251 886 dies,

523 914 780 991 Parcis
821 913 1174 1013 deripere
1227 913 1507 992 horreo

721 1041 1165 1119 Cessantem
1215 1040 1477 1116 Bibuli
1530 1038 1867 1115 consulis
1919 1037 2397 1140 amphoram.

518 1165 677 1240 Nos
732 1165 1204 1240 cantabimus
1255 1166 1587 1242 invicem

437 1325 488 1365 ιο
718 1290 1160 1387 Neptunum
1214 1303 1288 1366 et
1338 1290 1625 1367 virides
1677 1288 2098 1366 Nereidum
2155 1314 2449 1384 comasr,

523 1417 641 1492 Tu
686 1442 922 1492 curva
969 1415 1262 1492 recines
1311 1415 1482 1516 lyra

722 1541 1100 1617 Latonam
1150 1553 1226 1617 et
1275 1540 1546 1618 celeris
1598 1539 1897 1642 spicula
1952 1539 2363 1637 Cynthiae3

523 1665 839 1743 Summo
897 1665 1238 1742 carmine
1290 1691 1487 1767 quae
1539 1665 1847 1745 Cnidon

719 1791 1292 1891 Fulgentesque
1341 1803 1551 1866 tenet
1603 1789 1980 1890 Cycladas
2034 1801 2109 1867 et
2159 1788 2481 1892 Paphon

235 1997 394 2054 faciat
429 2015 600 2070 quam
635 1999 768 2054 vino
798 2004 856 2055 et
891 2004 1062 2056 cantu
1083 1998 1300 2056 Genio'
1283 2017 1365 2054 ιιι-

235 2069 602 2198 dulgerem
554 2070 646 2126 Sic
699 2087 922 2126 carmen
975 2071 1253 2127 dividitur
1308 2073 1368 2126 in

234 2141 448 2214 duasp
726 2143 934 2198 rimum
989 2145 1186 2198 vinum
1240 2159 1366 2214 pro-

235 2231 372 2269 mere
404 2160 567 2269 iubet
600 2162 686 2284 Ly
725 2231 796 2269 en
833 2217 907 2282 (v.
948 2215 1124 2284 1-8),
1169 2215 1370 2270 deinde

235 2301 416 2341 canere
453 2287 695 2357 (9-16).
769 2285 1026 2340 Carmine
1069 2287 1369 2342 amoebaeo

233 2355 485 2412 Horatius
535 2357 860 2428 Neptunum
906 2357 1228 2426 celebrabit,
1278 2359 1370 2413 de-

237 2427 353 2483 inde
380 2429 539 2498 Lyde
562 2429 839 2484 Latonam
878 2434 936 2485 et
954 2429 1210 2495 Dianam,
1249 2433 1370 2484 tum

237 2499 530 2556 coniunctis
578 2501 809 2556 vocibus
863 2529 932 2542 —·
992 2501 1052 2555 id
1099 2501 1251 2571 quod
1304 2515 1372 2556 ex

238 2571 426 2638 plurali
481 2590 719 2627 numero
767 2591 821 2628 v.
859 2573 894 2626 9
941 2577 1094 2628 recte
1146 2572 1373 2628 videtur

237 2643 475 2698 concludi
539 2673 606 2684 —-
671 2645 946 2700 Venerem
1006 2649 1066 2700 et
1119 2645 1371 2700 Noctem.

239 2711 513 2784 Temporis
570 2715 920 2771 notationem
975 2732 1201 2771 carmen
1257 2733 1370 2771 non

239 2783 403 2842 habet.
495 2787 840 2856 Neptunalia
897 2787 1146 2842 frondeis
1211 2788 1370 2854 casis,

237 2871 358 2924 quas
401 2859 624 2914 umbras
668 2859 966 2927 vocabant,
1010 2859 1070 2912 ιιι
1118 2860 1246 2929 ripa
1279 2859 1370 2913 Ti-

237 2927 369 2983 beris
423 2931 725 2985 exstructis
774 2937 832 2986 et
882 2934 1047 2985 tauro
1082 2931 1370 2985 immolato

237 3000 660 3057 celebrabantur.
699 3003 958 3058 Ceterum
985 3002 1198 3072 optime
1218 3001 1371 3057 Orel-

241 3071 354 3126 lius·
413 3073 693 3142 „Propter
739 3073 893 3143 erile,
937 3079 1003 3128 ut
1037 3075 1216 3142 aiunt,
1266 3074 1374 3129 hoc

239 3113 430 3200 iussum
469 3144 714 3215 (prome)
749 3145 1004 3200 nonnulli
1035 3145 1230 3213 Lyden
1268 3163 1370 3216 pro

239 3213 442 3270 Horatii
465 3216 642 3272 vilica
667 3217 760 3272 vel
783 3217 1014 3272 cellaria
1036 3217 1371 3272 habuerunt.

238 3283 354 3340 Noli
387 3288 644 3343 credere.
679 3305 810 3344 nam
839 3289 1140 3344 ridiculum
1175 3289 1374 3343 fuisset

239 3357 492 3415 eiusmodi
531 3377 659 3415 cum
695 3361 902 3416 ancilla
937 3357 1258 3432 συμπόσιον
1293 3366 1372 3415 et·

239 3428 338 3482 iam
372 3431 618 3486 carmine
659 3433 992 3487 celebrareffi‘

305 3499 360 3555 V.
403 3503 453 3557 2.
519 3503 748 3572 faciam]
815 3503 1000 3558 Bentl.
1059 3503 1244 3570 facias
1303 3521 1373 3558 ex

245 3573 372 3626 coni.
406 3580 644 3644 propter
677 3576 973 3644 insequens
1004 3591 1205 3644 prome.
1265 3575 1374 3630 Sed

240 3643 370 3697 nihil
418 3663 596 3730 opus
613 3647 1029 3716 emendatione;
1085 3652 1170 3702 est
1224 3647 1374 3701 euim

241 3709 451 3795 ὕστερον
483 3711 772 3786 πρότερον,
801 3718 906 3788 vel,
929 3719 977 3772 si
1015 3720 1208 3786 mavis,
1245 3735 1371 3788 ape-

243 3784 308 3838 rit
345 3787 610 3844 Horatius
649 3806 792 3858 quae
833 3790 1040 3844 tacitus
1083 3795 1214 3844 ante
1263 3807 1372 3844 me-

244 3855 436 3913 ditatus
489 3861 568 3915 sit
611 3860 680 3915 de
725 3861 960 3924 ratione,
1008 3879 1119 3930 qua
1163 3861 1373 3930 Neptu-

245 3928 382 3984 nalia
402 3932 542 3986 velit
577 3932 878 3987 celebrare.
912 3961 977 3972 —
1014 3933 1375 4002 reconditum]

247 4004 526 4073 vetustum,
551 4004 748 4072 molle;
775 4003 846 4058 cf.
869 4005 1045 4059 Carm.
1067 4004 1139 4073 ΙΙ,
1160 4007 1212 4067 3,
1234 4006 1284 4058 8.
1303 4033 1375 4044 ——

245 4077 451 4127 strenua
511 4044 892 4131 Adiect'ivum
937 4093 1041 4146 pro
1091 4076 1374 4131 adverbio.

248 4141 309 4195 cf.
341 4145 408 4198 ad
483 4163 624 4202 arm.
661 4147 706 4215 1,
735 4148 787 4210 2,
814 4149 900 4201 45.
937 4147 1185 4217 Epistl,
1209 4149 1262 4213 2,
1288 4149 1370 4202 70.

248 4211 359 4295 Npu
393 4216 522 4272 licet
554 4219 894 4290 coniungere
929 4219 1087 4289 Lyde
1121 4223 1373 4288 εινσιωας

249 4283 291 4336 εἰ
339 4295 604 4346 commate
657 4290 928 4346 utendum
983 4295 1084 4360 est,
1132 4295 1191 4346 et
1246 4295 1375 4345 ante

253 4354 392 4423 Lyde
450 4364 506 4414 et
569 4367 700 4432 post
752 4361 912 4434 Lyde
967 4367 1226 4432 ponatur.
1303 4361 1372 4418 cf.

251 4424 412 4494 Epist.
447 4431 491 4497 Ι,
523 4435 577 4502 2,
616 4435 704 4488 70.
759 4463 820 4474 -
871 4435 1114 4490 munitae
1161 4433 1373 4504 sapien-

253 4497 368 4566 tiae]
403 4474 577 4568 Quae
583 4505 662 4559 sit
701 4504 923 4561 munita
967 4505 1316 4588 sapientiap
1317 4523 1374 4559 a·

255 4568 692 4632 tebitexcarm.
729 4576 830 4647 ΙΙΙ,
866 4577 956 4647 21,
994 4580 1076 4632 14.
1113 4577 1374 4634 -ιποίἰ-

1465 1998 1625 2070 ποτε]
1662 1998 1736 2054 ad
1769 2015 2060 2068 vesperam
2094 2015 2353 2070 verger03
2388 1999 2618 2070 proprie

1467 2073 1540 2127 de
1575 2072 1711 2140 sole,
1746 2075 1813 2126 ut
1828 2071 2021 2125 Iuven.
2040 2073 2091 2139 Β,
2112 2071 2218 2124 316
2242 2070 2333 2126 Sol
2364 2071 2617 2125 inclinat.

1467 2143 1785 2198 Pronomen
1832 2158 1889 2198 se
1934 2111 2091 2212 apud,
2119 2142 2347 2198 Livium
2396 2159 2618 2212 quoque

1468 2211 2617 2341 ἕξεξίζιιῗῗῖιειῖὶῗιιοῑωῖἓᾱέῃᾶῗωνοιῖ·

1469 2359 1618 2412 tavit
1648 2363 1733 2426 αις
1772 2357 1870 2412 sed
1893 2357 2279 2412 coniunctivae
2310 2356 2531 2427 particu
2554 2372 2619 2410 ae

1467 2430 1805 2485 adversante
1827 2445 1991 2499 saepe
2014 2428 2285 2484 facultate
2310 2429 2621 2483 instructae

1470 2505 1625 2555 sunt:
1684 2517 1749 2556 ac
1792 2505 1995 2567 tamem
2052 2499 2309 2571 exempla
2349 2517 2421 2555 ne
2468 2499 2619 2571 apud

1473 2573 1796 2628 Ciceronem
1853 2572 2081 2642 quidem
2132 2572 2348 2628 desunt.
2436 2571 2620 2626 Maior

1471 2661 1605 2714 pars
1641 2643 1799 2699 codd.
1836 2643 2071 2714 praebet
2095 2659 2179 2712 ac,
2214 2661 2330 2698 ιιοιι
2362 2649 2432 2713 et,
2470 2642 2621 2712 quod

1468 2733 1503 2770 a
1550 2715 1808 2771 Schiitzio
1858 2721 1917 2770 et
1958 2715 2283 2770 Ecksteinio
2332 2720 2619 2784 receptum

1469 2791 1573 2842 est.
1611 2816 1678 2827 —
1714 2787 1895 2856 veluti]
1932 2804 2035 2856 pro
2071 2787 2214 2841 velut
2248 2788 2318 2855 si,
2355 2792 2420 2841 ιιι
2457 2785 2618 2841 Ovid.

1468 2858 1605 2913 Met.
1642 2856 1737 2926 IV,
1776 2859 1897 2912 596.
1968 2857 2127 2914 Stare
2162 2861 2349 2913 autem
2384 2859 2619 2914 verbum

1469 2929 1771 2984 admodum
1796 2928 2058 2999 frequens
2088 2932 2175 2984 est
2209 2929 2280 2985 de
2313 2930 2481 2986 rebus
2516 2930 2618 2984 im·

1467 3000 1637 3056 motis
1673 3017 1739 3056 ac
1775 3001 2127 3062 durantibus,
2166 3001 2247 3055 sic
2280 3001 2333 3056 h.
2374 3002 2408 3055 1.
2446 3018 2617 3071 oppo-

1467 3074 1638 3127 situm
1676 3078 1763 3128 est
1798 3072 2075 3142 superiori
2111 3073 2284 3127 verbo
2329 3072 2612 3128 inclinare.

1467 3144 1765 3213 —parcis
1817 3143 2274 3202 videadcarm.
2311 3143 2357 3213 Ι,
2386 3148 2435 3212 1,
2470 3147 2521 3198 8.
2550 3171 2617 3183 -

1467 3215 1677 3284 Bibuli]
1786 3215 2165 3286 ‚Calpurnius
2212 3215 2443 3270 Bibulus
2492 3233 2618 3270 cum

1469 3289 1528 3342 C.
1554 3287 1699 3341 Iulio
1728 3287 1963 3342 Caesare
2000 3287 2193 3342 consul
2228 3287 2341 3342 fuit
2384 3305 2435 3341 a.
2472 3305 2527 3340 u.
2567 3304 2613 3342 c.

1469 3361 1591 3413 695.
1646 3359 1752 3414 Sed
1788 3360 1971 3414 iocose
2005 3359 2114 3413 hoc
2148 3377 2351 3414 nomen
2386 3359 2617 3426 lectum;

1468 3430 1733 3485 videlicet
1768 3431 1945 3486 bibere
1990 3431 2255 3502 gestienti
2292 3431 2485 3485 vinum
2519 3430 2620 3485 Bi-

1466 3503 1581 3557 buli
1635 3503 1877 3557 consulis
1931 3502 2083 3557 haud
2130 3502 2307 3557 'dubie
2369 3502 2619 3572 gratissi·

1469 3591 1625 3628 mum
1672 3578 1773 3628 est.
1848 3573 1933 3628 De
1984 3574 2277 3629 consulatu
2312 3573 2501 3628 Bibuli
2548 3573 2618 3628 cf.

1469 3645 1621 3700 Suet.
1661 3645 1812 3700 Caes.
1858 3645 1955 3700 26:
2018 3662 2163 3711 „non
2216 3645 2419 3700 Bibulo
2467 3645 2619 3715 quic-

1469 3733 1639 3786 quam
1695 3735 1903 3787 nuper,
1960 3687 2057 3772 sed
2119 3717 2351 3772 Caesare
2410 3719 2619 3782 (actum

1469 3787 1605 3859 εει),
1658 3807 1789 3845 nam
1833 3757 2039 3844 Bibulo
2095 3787 2217 3844 fieri
2266 3789 2489 3844 consule
2536 3789 2619 3843 nil

1467 3860 1733 3914 ιιιοιιιιιιι.ι
1790 3889 1865 3900 —
1897 3858 2125 3930 virides]
2166 3879 2201 3915 a
2224 3861 2409 3916 colore
2442 3877 2621 3930 aquae

1469 3933 1735 3987 marinae
1806 3931 1877 3986 cf.
1924 3931 2086 3987 Ovid.
2141 3931 2311 3986 Trist.
2359 3932 2405 4000 Ι,
2450 3934 2500 3996 2,
2548 3931 2617 3985 59

1472 4003 1719 4072 „virides
1756 4021 1827 4058 ue
1864 4004 1955 4058 dei
2000 4003 2203 4073 quibus
2247 4019 2492 4072 aequora
2528 4019 2618 4056 cu-

1469 4081 1603 4130 rae-⁶
1750 4092 1831 4129 or.
1872 4075 2054 4130 Carm.
2091 4075 2135 4135 Ι,
2177 4077 2261 4143 17,
2296 4076 2384 4128 20.
2423 4102 2490 4113 -
2530 4071 2615 4142 tu]

1470 4147 1816 4202 Lachmanui
1865 4147 2241 4202 coniecturam
2294 4150 2413 4201 tum
2464 4161 2619 4214 prae-

1469 4219 1728 4273 tulerunt
1745 4218 2070 4285 Meinakius,
2090 4217 2397 4301 Hauptius,
2422 4213 2620 4270 Lim-

1469 4307 1587 4359 m,
1625 4290 1909 4346 Manen-us.
1971 4319 2037 4332 -
2092 4288 2314 4360 recines]
2372 4287 2619 4343 canendo

1471 4362 1851 4433 respondebis,
1890 4366 1955 4416 ιιι
1978 4359 2620 4428 Carm.1,12,8.Ver·

1471 4451 1597 4488 sum
1662 4434 1939 4489 decimum
2005 4432 2304 4487 secundum
2362 4436 2621 4488 accurate

1474 4505 1628 4560 vides
1682 4505 2160 4561 accommodatum
2212 4519 2331 4558 esse
2383 4503 2619 4559 decimo.

1473 4577 1544 4632 cf.
1582 4577 1655 4632 ad
1692 4577 1872 4632 Germ.
1908 4577 1955 4646 1,
1992 4577 2077 4630 21.
2128 4603 2192 4614 -—
2248 4591 2455 4631 sumo
2496 4591 2619 4631 car-
