3092 5059
1052 249 1212 318 LIB.
1257 250 1308 317 Ι.
1355 248 1607 317 ΟΑΒΜ.
1656 252 1759 318 VI.
2526 248 2602 315 51

514 438 903 515 Conamur
953 452 1217 517 tenues
1266 439 1613 538 grandia,
1669 438 1853 515 dum
1904 438 2161 536 pudor

429 599 476 637 ιο
507 564 1006 665 Imbellisque
1054 565 1271 665 lyrae
1320 566 1549 642 Musa
1598 576 1867 663 potens
1919 577 2125 641 vetat

507 690 810 767 Laudes
865 691 1162 788 egregii
1216 692 1564 770 Caesaris
1612 703 1687 767 et
1738 704 1905 768 tuas

611 816 862 917 Culpa
914 817 1260 893 deterere
1309 816 1597 915 ingeni.

514 968 703 1061 Quis
751 968 1078 1043 Martem
1131 968 1392 1043 tunica
1437 978 1721 1043 tectum
1778 966 2267 1043 adamantina

509 1094 768 1193 Digne
813 1093 1208 1193 scripserit
1256 1104 1388 1168 aut
1438 1092 1757 1189 pulvere
1808 1093 2083 1169 Troico

432 1250 480 1291 ιε
509 1219 837 1317 Nigrum
888 1217 1287 1293 Merionen
1339 1228 1470 1292 aut
1517 1242 1665 1314 ope
1711 1216 2047 1293 Palladis

613 1341 964 1442 Tydiden
1014 1342 1308 1439 superis
1363 1344 1684 1441 parem?

507 1494 580 1569 N
584 1520 668 1569 os
722 1493 1092 1589 convivia,
1150 1520 1290 1569 nos
1338 1492 1636 1591 proelia
1686 1492 2073 1590 virginum

514 1618 758 1695 Sectis
811 1620 886 1693 in
939 1620 1254 1693 iuvenes
1308 1618 1689 1715 unguibus
1740 1619 2031 1693 acrium

517 1746 934 1823 cantamus
987 1744 1212 1818 vacui
1265 1744 1427 1818 sive
1482 1741 1671 1841 quid
1722 1742 2043 1839 urimur,

425 1902 478 1941 20
615 1866 784 1942 Non
839 1880 1142 1965 praeter
1187 1866 1500 1951 solitum
1557 1866 1787 1941 leves,

241 2117 430 2169 semper
494 2100 712 2156 Ulixes.
753 2128 824 2139 -—
879 2114 1096 2153 saevam
1147 2098 1372 2167 Pelopis

239 2171 444 2243 ἅοπιιιιη]
517 2171 799 2241 Spectant
871 2170 1008 2225 haec
1078 2170 1151 2225 ad
1211 2170 1370 2224 Varii

239 2242 506 2313 Thyesten,
544 2244 712 2298 cuius
754 2246 1148 2313 argumentum
1185 2258 1368 2309 sump-

239 2320 340 2369 tum
373 2315 481 2370 fuit
518 2333 590 2371 ex
635 2314 1019 2369 funestissima
1069 2313 1169 2367 illa
1211 2312 1369 2366 Pelo·

238 2386 474 2455 pidarum
493 2386 736 2449 familia,
778 2402 921 2455 quae
939 2385 1170 2455 tragicis
1189 2384 1371 2453 poetis

241 2458 430 2529 largam
453 2458 744 2515 scribendi
769 2457 1068 2511 materiam
1093 2456 1370 2525 praebuit.

239 2527 494 2599 Perpetua
555 2530 712 2586 enim
769 2528 937 2583 caede
993 2532 1118 2582 tota
1175 2527 1372 2581 domus

238 2602 490 2657 exstincta
513 2607 633 2657 est:
671 2600 872 2669 Pelops
909 2616 1162 2655 socerum
1198 2600 1372 2653 inter·

239 2670 356 2727 fecit
427 2674 809 2739 Oenomaum,
881 2672 1089 2725 Atreus
1164 2670 1372 2725 liberos

237 2741 484 2813 Thyestae
519 2745 742 2812 fratris,
780 2742 1084 2814 Aegisthus
1111 2746 1168 2796 et
1191 2742 1372 2810 Clyte-

235 2821 420 2871 mestra
437 2820 942 2887 Agamemnonem,
968 2814 1192 2869 Orestes
1218 2813 1370 2868 deni-

237 2902 328 2953 que
348 2888 681 2959 Aegisthum
723 2891 782 2941 et
809 2892 1048 2941 matrem
1071 2886 1372 2954 Clytemes-

241 2951 392 3013 tram?
403 2990 466 3001 -
495 2960 704 3029 termes]
747 2958 816 3013 cf.
839 2958 1020 3012 Carm.
1041 2957 1139 3023 IV,
1157 2956 1210 3025 2,
1230 2957 1374 3009 27-

241 3030 314 3084 32.
347 3031 440 3099 IV,
480 3034 566 3099 15,
608 3034 768 3085 1-4.
797 3058 860 3069 -
901 3029 1156 3097 deterere]
1193 3034 1372 3083 trans-

242 3099 399 3155 latum
435 3121 470 3157 a
505 3102 768 3157 metallis.

297 3172 356 3227 V.
379 3176 459 3227 18.
487 3174 784 3229 Caesarem
805 3176 864 3227 et
885 3172 1202 3243 Agrippam
1222 3170 1372 3224 Mar·

239 3242 301 3296 tis
337 3249 390 3299 et
423 3262 759 3317 graeeorum
809 3244 1044 3299 heroum
1090 3248 1376 3297 aeternam

241 3314 456 3382 gloriam
515 3318 804 3387 attingere
878 3318 935 3371 et
1011 3316 1378 3384 aequiperare

240 3389 480 3443 ostendit.
517 3388 658 3443 Tria
697 3393 884 3442 autem
921 3388 1151 3441 nomina
1186 3386 1378 3455 posuit

241 3474 324 3511 mo
356 3477 540 3529 more;
579 3460 642 3514 in
680 3459 880 3528 quibus
908 3458 1059 3527 quod
1083 3458 1375 3511 Merionen

239 3533 541 3599 reperimus,
580 3531 643 3586 id
681 3548 808 3585 eum
843 3548 960 3583 non
998 3528 1247 3583 offendet
1279 3528 1375 3597 qui

240 3617 298 3653 ex
317 3604 554 3658 eat-mine
581 3604 630 3671 1,
661 3606 729 3655 15
753 3602 1052 3657 Horatium
1089 3618 1204 3654 non
1230 3616 1374 3654 sum·

239 3688 342 3726 mos
393 3674 574 3729 solum
633 3674 852 3741 heroas,
925 3673 1021 3727 sed
1069 3672 1242 3727 etiam
1280 3671 1376 3741 qui

238 3746 445 3800 summis
489 3746 804 3817 proximam
860 3744 1132 3799 virtutem
1176 3743 1376 3813 proba·

240 3818 424 3885 verint,
459 3818 698 3873 laudare
735 3816 962 3871 viderit.
1003 3815 1072 3871 of.
1112 3814 1272 3869 Hom.
1311 3814 1378 3868 11.

240 3884 376 3954 xm,
429 3892 532 3943 159
571 3907 698 3958 sqq.
770 3890 876 3942 246
916 3904 1037 3957 sqq.
1113 3886 1219 3940 528
1257 3902 1376 3955 sqq.

241 3960 332 4013 ⁶6⁷
365 3978 482 4031 sqq.
521 3962 632 4015 650
669 3976 790 4028 sqq.
851 3959 919 4028 V,
957 3960 1028 4013 59
1065 3976 1184 4028 sqq.
1229 3956 1378 4023 VIII,

239 4032 346 4084 264.
405 4062 472 4073 —
531 4033 706 4086 tunic.
755 4036 874 4085 tect.
928 4029 1235 4096 adamant]
1293 4034 1380 4082 est

273 4096 451 4163 (ἕλκεος
480 4098 634 4171 Ἄρης
669 4102 836 4156 Hom.
873 4102 938 4155 Il.
978 4100 1044 4168 V,
1079 4102 1199 4155 704.
1252 4102 1376 4153 866.

236 4120 494 4244 ἔοωραη
531 4174 838 4229 Homerica
874 4173 1126 4243 epitheta
1175 4173 1377 4243 χαλκο·

238 4250 410 4367 ἔίῐων,
441 4239 856 4319 χαλκεοθώραξ.
897 4274 962 4285 ——
999 4244 1245 4314 myrum]
1304 4243 1377 4298 ef.

273 4333 404 4372 arm.
447 4319 519 4383 11,
563 4321 614 4387 1,
653 4319 739 4370 22.
793 4344 866 4356 —
923 4314 1195 4386 Tydiden]
1249 4316 1378 4369 vide

239 4386 386 4443 Hom.
419 4389 482 4445 11.
519 4388 586 4457 V,
625 4388 932 4456 846—887,
973 4390 1278 4442 330-352.
1305 4414 1378 4425 --·

1463 2098 1623 2153 sectis
1659 2098 1721 2153 in
1756 2098 1975 2153 iuvenes
2012 2098 2307 2169 unquibus]
2344 2098 2612 2154 Animad-

1462 2170 1793 2225 vertendum
1828 2176 1914 2223 est
1938 2188 2245 2239 oxymoron
2280 2172 2441 2225 sectis
2474 2171 2614 2225 acri-

1463 2258 1575 2309 um,
1636 2259 1778 2310 quae
1815 2241 1989 2296 verba
2023 2241 2175 2295 haud
2210 2246 2422 2297 temere
2477 2242 2613 2297 alte·

1463 2330 1593 2367 rum
1628 2314 1689 2367 iu
1724 2313 1889 2367 initio
1926 2314 2168 2368 alterum
2204 2314 2264 2367 in
2286 2313 2398 2369 fine
2423 2330 2613 2368 versus

1461 2384 1647 2454 posita
1683 2389 1831 2438 sunt.
1874 2384 2091 2439 Deinde
2115 2384 2315 2440 festive
2341 2386 2479 2441 haee
2500 2402 2615 2439 non

1465 2460 1697 2510 cruenta
1735 2456 1952 2525 proelia
1988 2461 2185 2511 eontra
2221 2474 2381 2512 veras
2419 2457 2613 2512 caedes

1464 2532 1522 2583 et
1541 2544 1761 2599 pugnas
1778 2532 2082 2597 ponuntur.
2105 2528 2253 2582 Aliis
2274 2534 2339 2583 ut
2352 2528 2612 2583 Schiitzio

1463 2600 1677 2669 placuit
1732 2600 2054 2654 coniectura
2092 2599 2335 2654 Bentleii
2388 2600 2614 2667 strictis,

1466 2670 1617 2740 quod
1654 2670 1727 2725 ab
1762 2671 1871 2725 hoe
1895 2671 2017 2725 loeo
2044 2671 2287 2725 alienum
2326 2676 2410 2726 est
2440 2676 2499 2726 et
2521 2688 2613 2725 ve-

1465 2746 1746 2797 nustatem
1786 2742 1956 2797 tollit.
1995 2741 2147 2798 Ordo
2183 2743 2484 2798 verborum
2520 2743 2615 2797 hio

1465 2818 1552 2868 est
1598 2815 1758 2869 sectis
1803 2814 2079 2883 “aquibus
2117 2816 2325 2869 aerium
2374 2816 2437 2869 in
2470 2816 2613 2869 iuve-

1465 2902 1592 3011 mi
1654 2886 2436 3029 ἶῗὲἓωὲἕῃῗῖἑῗθέἕῗῖἶῒέ
2480 2903 2615 3011 ‘¹¹33

1466 3046 1631 3098 saepe
1650 3028 1918 3083 Horatius
1944 3029 2236 3098 disposuit,
2274 3034 2337 3084 ut
2374 3030 2615 3085 alterum

1466 3116 1572 3169 par
1607 3101 1853 3169 primum
1890 3105 1948 3153 et
1980 3101 2233 3169 tertium,
2269 3102 2511 3155 alterum
2534 3117 2615 3154 se·-

1469 3171 1713 3226 eundum
1766 3176 1822 3225 et
1870 3177 2131 3240 quartum
2187 3173 2372 3227 locum
2424 3189 2615 3225 versus

1469 3242 1768 3297 obtineret.
1841 3244 2045 3297 Versus
2100 3244 2218 3313 ipse
2269 3259 2497 3298 caesura
2556 3244 2616 3297 in

1468 3313 1607 3368 duas
1644 3320 1831 3383 partes
1867 3314 2169 3379 dividitur;
2218 3315 2458 3369 alterum
2494 3332 2617 3368 ver·

1469 3385 1669 3439 borum
1696 3404 1801 3455 par
1838 3386 1897 3439 in
1935 3386 2140 3453 fronte,
2162 3386 2403 3441 alterum
2423 3386 2481 3439 in
2506 3384 2617 3439 fine

1469 3458 1721 3526 partium
1756 3474 1948 3511 versus
1985 3458 2334 3513 collocatum.
2398 3456 2519 3524 Qua
2556 3474 2618 3511 re

1471 3528 1614 3582 nihil
1648 3528 2001 3597 frequentius
2038 3534 2123 3583 est
2159 3530 2219 3583 in
2253 3528 2617 3599 pentametris

1471 3600 1746 3671 elegiacis.
1787 3600 1918 3654 Alia
1956 3601 2206 3669 exempla
2244 3618 2411 3669 supra
2448 3600 2619 3655 habes

1471 3690 1520 3725 v.
1562 3674 1611 3725 7.
1656 3674 1737 3725 13.
1776 3701 1840 3711 —
1878 3672 2059 3740 vacui]
2097 3672 2261 3727 liberi
2301 3672 2375 3727 ab
2412 3690 2616 3727 amore.

1472 3742 1833 3797 Adiectivum
1873 3748 1937 3797 ut
1971 3744 2335 3814 participium
2370 3744 2617 3813 positum

1465 3819 1586 3869 ‚estz
1624 3815 1733 3869 sive
1768 3814 1927 3869 vacui
1962 3832 2172 3878 summu
2232 3817 2314 3871 sio
2352 3814 2533 3870 carm.
2572 3814 2616 3876 1.

1474 3887 1562 3953 32,
1600 3888 1651 3942 6.
1729 3885 1844 3940 Sat.
1882 3885 1954 3953 11,
1990 3888 2041 3955 5,
2083 3890 2163 3941 11.
2205 3917 2272 3927 —
2333 3887 2466 3957 quid
2502 3887 2619 3941 uri-

1471 3958 1611 4027 mur]
1666 3959 2033 4011 Accusativus
2082 3958 2419 4014 adverbialis
2465 3975 2535 4011 ne
2589 3974 2622 4009 a

1472 4029 1723 4098 pedestri
1760 4028 1985 4098 quidem
2026 4030 2281 4085 oratione
2334 4029 2616 4083 abhorret.

1473 4130 1540 4141 —
1578 4117 1689 4155 non
1715 4106 1939 4169 praeter
1972 4102 2069 4156 sol.
2096 4102 2253 4172 leves]
2294 4100 2445 4168 Quae
2482 4100 2615 4154 levi-

1473 4176 1561 4226 tas
1616 4172 1873 4243 proxime
1924 4174 2172 4241 pertinet
2230 4174 2301 4227 ad
2358 4188 2621 4237 amorem,

1474 4243 1818 4298 transfertur
1866 4250 2054 4299 autem
2091 4246 2161 4299 ab
2199 4262 2390 4299 amore
2427 4244 2499 4299 ad
2533 4261 2620 4297 ra·

1472 4315 1684 4370 tionem
1719 4316 2013 4384 poetieam.
