3092 5059
370 211 495 276 290

1382 207 1737 277 EPODON

768 396 1137 474 Libenter
1187 396 1337 472 hoo
1389 410 1464 473 et
1515 423 1745 473 omne
1795 396 2248 475 militabitur

973 522 1275 598 Bellum
1328 524 1408 598 in
1454 535 1632 598 tuae
1683 548 1899 621 spem
1950 524 2268 621 gratiae,

690 679 740 719 π
773 647 946 723 Non
998 662 1081 723 ut
1131 648 1476 723 iuvencis
1528 646 1826 744 illigata
1878 648 2230 749 pluribus

976 773 1258 849 Aratra
1308 774 1654 849 nitantur
1703 798 1895 870 mea,

769 899 1109 974 Pecusve
1164 899 1511 977 Calabris
1568 911 1746 975 ante
1795 899 2006 975 sidus
2061 900 2446 977 fervidum

970 1022 1283 1099 Lucana
1330 1037 1577 1100 mutet
1625 1027 1948 1123 pascuis,

770 1148 1042 1248 Neque
1090 1161 1176 1225 ut
1225 1152 1540 1249 superni
1590 1149 1778 1225 villa
1829 1151 2166 1228 candens
2217 1152 2528 1229 Tusculi

692 1305 743 1345 so
980 1272 1301 1350 Circaea
1351 1288 1622 1373 tangat
1670 1278 2001 1354 moenia.

776 1396 975 1475 Satis
1027 1423 1412 1498 superque
1456 1426 1582 1477 me
1637 1401 2067 1499 benignitas
2122 1415 2255 1478 tua

974 1524 1299 1621 Ditavit3
1351 1525 1559 1602 haud
1607 1551 1986 1623 paravero

788 1648 1017 1741 Quod
1059 1664 1191 1725 aut
1244 1676 1519 1727 avarus
1571 1664 1657 1724 ut
1710 1651 2075 1729 Chremes
2129 1662 2336 1729 terra
2386 1678 2734 1752 premam

973 1766 1403 1851 Discinetus
1455 1790 1590 1852 aut
1637 1777 1964 1877 perdam
2017 1802 2283 1877 nepos.

373 2072 542 2123 otum.
580 2064 688 2121 Sed
708 2084 968 2136 eompara
992 2066 1197 2121 similia
1217 2066 1400 2122 Carm.
1418 2066 1519 2135 ΙΙΙ,

379 2140 463 2204 19,
483 2140 534 2192 4.
555 2138 657 2208 111,
683 2142 733 2207 8,
752 2141 841 2193 43.
862 2138 1044 2209 Epist.
1066 2137 1113 2208 1,
1142 2140 1227 2207 16,
1249 2140 1337 2193 25.
1366 2168 1432 2179 -
1458 2140 1521 2193 in

374 2210 541 2281 wem]
589 2210 875 2265 Particula
922 2210 984 2263 in
1036 2210 1369 2279 exprimitur
1414 2228 1519 2277 res,

375 2282 465 2337 eui
511 2280 840 2337 efficiendae
886 2280 1103 2350 aliquid
1148 2286 1235 2337 est
1280 2281 1521 2337 destina?

374 2358 514 2422 tum,
554 2353 627 2408 sd
663 2371 829 2423 quam
854 2370 1020 2408 conse
1059 2353 1302 2408 uendam
1324 2354 1519 2423 impel-

376 2425 546 2480 limur
570 2424 646 2479 ad
669 2424 962 2496 agendum.
1051 2426 1178 2479 acit.
1206 2427 1257 2479 A
1334 2426 1398 2480 ὀ.
1426 2427 1519 2479 24:

376 2500 631 2567 „partem
656 2496 1003 2559 Britanniae,
1029 2514 1171 2565 quae
1192 2495 1268 2550 Hi
1308 2497 1523 2551 erniam

375 2568 577 2638 aspicit
592 2607 607 2635 ,
667 2568 841 2637 copiis
914 2568 1185 2622 instruxit
1245 2569 1309 2621 in
1374 2584 1523 2694 egem

374 2657 431 2693 m
508 2640 555 2693 is
594 2656 762 2707 quam
798 2638 873 2693 ob
911 2639 1325 2696 formidinem.“
1448 2640 1521 2693 iv.

376 2710 479 2764 XX
511 2750 525 2778 ,
562 2711 650 2778 43,
690 2714 747 2764 7:
787 2711 881 2780 „in
916 2710 1063 2765 hane
1098 2711 1343 2780 opimam
1380 2728 1523 2766 mer·

378 2782 568 2837 oedem
604 2800 761 2837 arma
798 2782 1030 2853 eapite.“
1079 2782 1164 2835 Id.
1202 2780 1399 2851 XLIV,
1435 2784 1523 2851 25,

381 2855 471 2907 10:
513 2854 792 2922 „malebat
826 2854 890 2907 in
924 2870 1073 2923 spem
1105 2854 1393 2909 Romanae
1426 2870 1522 2925 pa-

376 2926 454 2979 ois
489 2942 603 2979 non
638 2942 895 2981 recusare
930 2925 1289 2994 impensam-‘⁸
1332 2954 1399 2965 —-
1436 2927 1522 2979 m·-

373 3000 569 3051 tantm·
602 2996 743 3067 mea]
768 2997 835 3051 In
868 2997 1272 3065 antiquissimis
1298 2998 1524 3066 quidem

374 3068 534 3122 libris
588 3069 743 3137 ’κοίη
809 3073 869 3124 at
903 3068 1213 3124 Bentleius:
1280 3086 1525 3139 „posses-

379 3140 577 3207 sivum,
614 3139 816 3210 inquit,
854 3156 979 3195 eum
1005 3141 1267 3212 propiore
1296 3142 1524 3196 nomine

378 3211 643 3282 ooniungi
679 3210 874 3267 debet:
912 3228 1092 3281 neque
1126 3229 1261 3267 vero
1300 3213 1360 3266 in
1390 3213 1525 3267 meis

372 3283 625 3353 pluribus
669 3283 910 3339 iuvencis
958 3288 1057 3338 aut
1114 3284 1322 3354 duplex
1376 3283 1525 3339 adie-

377 3355 589 3408 otivum
629 3360 728 3408 aut
763 3371 939 3423 prava
976 3360 1035 3410 et
1071 3355 1266 3409 luxata
1290 3355 1522 3411 oollooa-

377 3426 458 3479 tio
494 3425 727 3480 tolerari
758 3427 996 3495 potest.“
1042 3426 1300 3481 Kellerus
1334 3432 1525 3481 tamen

374 3497 776 3624 }nd3·?ropggr
802 3498 974 3623 foedil'
1000 3498 1523 3625 auctoritibtglizique·

510 3586 529 3621 1
1017 3610 1032 3624 .
1108 3599 1174 3610 —

376 3586 593 3766 ξιιὲᾳιιὲ
648 3587 715 3694 iit
748 3586 1015 3767 offanaiimr:
1066 3658 1171 3713 ego
1210 3568 1525 3767 gatifqndiai

378 3728 630 3838 „51:³²3ss
665 3730 1209 3840 ‘iiiviiagssiffiiss
1238 3729 1524 3839 2:3,3233

378 3855 531 3910 niam
584 3855 767 3910 minus
823 3861 1137 3912 aestuosam
1187 3857 1524 3912 aestivatum

378 3928 603 3983 mittere
638 3928 900 3997 possim.“
938 3928 1119 3983 Varro
1148 3928 1218 3982 R.
1255 3928 1325 3983 R.
1363 3926 1435 3994 H,
1479 3930 1523 3991 1,

383 4002 475 4053 16:
552 3998 728 4068 „Mihi
763 4016 965 4071 greges
1003 4000 1061 4053 in
1095 4000 1304 4070 Apulia
1340 3999 1523 4053 hiber·

377 4071 614 4139 nabent,
670 4072 767 4141 qui
819 4072 879 4125 in
934 4070 1185 4126 Reatinis
1238 4070 1525 4125 montibus

376 4142 779 4198 sautiabant!
814 4141 897 4197 De
921 4142 1178 4197 mutandi
1198 4142 1372 4197 verbo
1396 4142 1525 4197 vide

378 4214 452 4268 ad
476 4214 655 4270 Carm.
682 4215 727 4277 Ι,
756 4218 839 4280 17,
865 4216 915 4267 2.
942 4242 1011 4254 -
1035 4213 1189 4268 sidus
1228 4212 1501 4281 fervidum

380 4290 511 4340 ante
547 4286 841 4341 Caniculae
889 4290 1091 4341 ortum.
1154 4314 1221 4325 --
1270 4285 1499 4355 pascuis

379 4357 447 4410 In
482 4356 643 4411 codd.
681 4358 891 4429 legitur
934 4358 1105 4411 etiam
1141 4372 1371 4425 pascua.
1442 4359 1523 4411 At

380 4428 689 4483 Bentleius:
728 4444 879 4498 „nos,
912 4428 1114 4498 inquit,
1148 4427 1273 4482 ideo
1292 4427 1523 4498 pascuis

381 4498 767 4567 praeferimus,
810 4516 883 4553 ne
928 4500 989 4553 in
1026 4499 1208 4555 tribus
1241 4498 1520 4555 continuis

383 4570 573 4639 epodis
645 4570 838 4626 eadem
910 4575 1071 4626 exeat
1140 4569 1517 4627 terminatio.“

1623 2066 1778 2122 Idem
1827 2070 2059 2123 tuentur
2103 2066 2326 2123 Miiuer.
2373 2068 2584 2124 Keller.
2629 2068 2772 2123 Euk-

1623 2139 1787 2193 stein.
1846 2138 2065 2194 Schiitz.
2123 2169 2189 2180 —
2247 2141 2476 2209 supa-m·
2527 2138 2776 2209 Manli]

1622 2210 1937 2279 Antiquam
1961 2210 2264 2266 Tusculum
2289 2212 2350 2265 in
2377 2228 2592 2266 summo
2619 2228 2773 2265 mon·

1623 2287 1680 2336 te
1725 2282 2016 2337 eonditum
2061 2287 2200 2351 erat,
2245 2282 2345 2337 ubi
2393 2300 2540 2337 nuno
2585 2288 2670 2337 est
2718 2284 2778 2337 la

1621 2354 1752 2409 villa
1804 2354 1946 2408 della
1997 2352 2287 2421 Rufimlla,
2341 2372 2456 2409 non
2512 2354 2571 2408 in
2629 2354 2776 2409 olivo

1622 2425 1826 2480 leniter
1867 2430 2211 2496 assurgente,
2259 2425 2359 2480 ubi
2409 2442 2558 2480 nunc
2602 2426 2774 2480 situm

1623 2501 1708 2551 est
1768 2496 2038 2567 oppidum
2099 2496 2398 2566 Frascati3
2471 2499 2584 2551 iam
2647 2514 2774 2552 oum

1622 2568 1774 2623 haud
1837 2568 2008 2623 dubie
2078 2568 2363 2622 amoenior
2433 2571 2579 2624 esset
2639 2569 2776 2622 villa

1625 2656 1768 2709 quae
1811 2640 1964 2695 haud
2009 2640 2205 2709 procul
2257 2658 2291 2693 a
2335 2640 2628 2695 moenibus
2676 2656 2776 2709 op-

1623 2712 1744 2781 pidi
1803 2716 1862 2766 et
1923 2713 1984 2765 in
2045 2712 2332 2781 superiore
2389 2717 2552 2781 parte
2619 2711 2774 2767 oollis

1625 2800 1792 2853 quam
1848 2799 1991 2852 quae
2047 2783 2104 2836 in
2149 2782 2418 2837 inferiore
2461 2786 2583 2838 erat
2631 2782 2742 2837 sits
2757 2823 2772 2852 ,

1623 2855 1766 2909 nihil
1804 2856 1914 2909 erit
1964 2872 2162 2910 causae
2197 2872 2298 2909 eur
2331 2854 2634 2909 redativum
2677 2854 2771 2908 ad-

1625 2926 1892 2982 ieetivum
1941 2940 2225 2995 supernus,
2271 2942 2382 2995 quo
2431 2925 2686 2980 infernae
2719 2944 2775 2979 v.

1625 2998 1907 3053 inferioris
1964 2998 2143 3068 partis
2191 2998 2338 3051 ratio
2393 2996 2650 3060 habetur,
2701 2996 2775 3051 ad

1627 3070 1940 3141 exemplum
1990 3070 2100 3124 loci
2147 3069 2327 3124 Germ.
2373 3068 2472 3136 111,
2519 3071 2570 3129 4,
2609 3070 2677 3121 23
2713 3068 2775 3121 in

1625 3141 1821 3212 supini
1865 3158 1993 3196 eum
2029 3140 2284 3195 Bentleio
2335 3144 2602 3194 mutetur.
2673 3138 2776 3194 Su-

1624 3228 1829 3281 per-nus
1885 3229 2066 3281 neque
2121 3211 2270 3281 apud
2315 3211 2636 3267 Cioeronem
2677 3228 2776 3265 ne-

1627 3301 1734 3354 que
1759 3283 1910 3353 apud
1947 3284 2237 3339 Caesarem
2262 3283 2486 3355 legitur.
2523 3282 2774 3354 Madvig.

1627 3373 1695 3410 ex
1737 3355 1954 3410 duobus
1983 3354 2142 3410 eodd.
2167 3354 2344 3409 Paris.
2369 3370 2615 3424 superne,
2651 3355 2688 3409 i.
2725 3370 2774 3410 e.

1625 3444 1864 3496 superne
1917 3427 2073 3481 urbis
2115 3426 2337 3481 moenia
2383 3426 2573 3497 tangit
2617 3425 2772 3492 villa,

1626 3498 1836 3568 quaein
1864 3498 2004 3553 oolle
2023 3498 2206 3554 vicino
2221 3497 2456 3553 adiacet.
2467 3526 2534 3538 -
2547 3496 2778 3553 circaea

1625 3570 1858 3640 moenia]
1895 3570 2026 3624 vide
2061 3570 2132 3624 ad
2169 3570 2350 3625 Carm.
2387 3568 2493 3638 111,
2517 3570 2604 3624 29.
2627 3570 2681 3623 Β.
2703 3596 2775 3609 -

1625 3641 1766 3697 satis
1821 3642 1889 3697 of.
1927 3642 2111 3697 Germ.
2137 3641 2209 3709 H,
2239 3643 2322 3706 18,
2348 3643 2432 3695 12.
2454 3640 2558 3709 ΠΙ,
2583 3642 2665 3707 16,
2687 3642 2774 3694 38.

1625 3712 1739 3768 Sat.
1826 3754 1840 3782 ‚
1875 3714 1925 3779 6,
1966 3717 2013 3767 1.
2039 3740 2106 3752 -
2133 3712 2398 3781 Chremes]
2440 3712 2774 3783 Exemplum

1626 3786 1782 3840 avari
1803 3786 1948 3839 senis
1967 3802 2035 3838 ex
2047 3783 2343 3840 Menandri
2363 3784 2554 3853 aliqua
2563 3783 2774 3837 fabula.

1627 3886 1694 3896 -
1707 3855 2031 3926 discinctus]
2051 3856 2386 3910 luxuriosus.
2413 3854 2576 3910 Ovid.
2589 3857 2713 3909 Am.
2727 3854 2774 3924 1,

1626 3929 1678 3996 9,
1703 3929 1796 3981 41:
1840 3928 1998 4001 „Ipse
2023 3945 2125 3998 ego
2163 3927 2348 3998 segnis
2383 3944 2538 3982 eram
2573 3926 2777 3981 discin-

1627 4005 1826 4069 ctaque
1862 4000 1923 4053 in
1971 3999 2092 4053 otia
2141 3998 2362 4053 natus.“
2427 4026 2494 4038 --
2544 3997 2778 4069 perdam

1625 4072 1814 4141 nepos]
1839 4070 1931 4126 Sic
1953 4070 2326 4139 antiquissimi
2347 4068 2590 4137 oodioes3
2627 4069 2777 4124 unde

1625 4148 1820 4212 postea
1877 4141 2121 4225 faetum-
2147 4141 2389 4225 videtur·
2424 4140 2653 4211 perdam
2711 4144 2778 4195 ut

1624 4211 2776 4366 ἧρέὢίὲῗέἓὴῆξῗξῗὴξῗῗιῗῧῇῗὲἷέ

1625 4356 1752 4411 Hau
1793 4362 1834 4410 t.
1860 4355 2116 4411 Mueller.
2155 4357 2357 4412 merito
2383 4354 2774 4427 repudiarunt.

1627 4428 1697 4483 cf.
1773 4427 1901 4498 pod.
1927 4428 1978 4495 2,
2003 4430 2054 4482 δ.
2111 4426 2227 4482 Sat.
2251 4427 2297 4497 1,
2338 4430 2386 4496 1,
2427 4428 2547 4481 101.
2583 4426 2770 4496 Nepos

1625 4502 1710 4553 est
1745 4500 1910 4554 homo
1947 4499 2281 4563 luxuriosus,
2302 4502 2368 4553 ut
2393 4497 2509 4553 Sat.
2533 4496 2578 4565 1,
2603 4500 2655 4568 4,
2681 4499 2775 4553 49.

1623 4570 1696 4635 11,
1733 4572 1785 4639 8,
1823 4570 1945 4626 225.
2017 4570 2197 4641 Epist.
2235 4570 2308 4640 11,
2345 4571 2400 4639 2,
2442 4570 2560 4624 193.
