3092 5059
1103 207 1268 294 Lm.
1311 226 1422 292 1v.
1469 225 1721 292 GARM.
1762 226 1872 291 IV.

2571 231 2697 295 253

692 411 988 492 Videre
1035 414 1255 490 Raeti
1304 413 1514 491 bella
1564 413 1707 488 sub
1762 409 2093 512 Alpibus

695 539 1028 616 Drusum
1079 552 1500 637 gerentem,
1556 537 1945 616 Vindelici
1994 579 2081 592 -
2139 539 2417 638 quibus

797 665 966 741 Mos
1021 664 1226 740 unde
1280 663 1651 740 deductus
1704 689 1844 763 per
1897 689 2124 739 omne

607 817 661 856 ιο
894 790 1230 887 Tempus
1277 788 1703 864 Amazonia
1752 788 2002 864 securi

700 939 1021 1014 Dextrae
1077 938 1428 1013 obarmet
1478 962 1849 1037 quaerere
1903 935 2191 1032 distuli,

699 1063 858 1139 Nec
911 1063 1110 1140 scire
1155 1064 1273 1138 fas
1326 1075 1438 1138 est
1485 1061 1775 1159 omnia,
1828 1101 1929 1113 --
1978 1061 2113 1137 sed
2170 1063 2302 1138 diu

799 1179 1144 1287 Lateque
1200 1188 1542 1264 victrices
1596 1200 1945 1262 catervae

903 1313 1260 1392 Consiliis
1313 1313 1607 1390 iuvenis
1659 1312 1996 1390 revictae

305 1509 362 1559 et
399 1504 703 1560 serioribus
728 1503 1096 1572 scriptoribus
1117 1521 1152 1557 a
1169 1503 1342 1556 sacris
1367 1518 1452 1556 re-

303 1577 406 1630 bus
444 1577 518 1630 ad
554 1576 818 1646 profanas
847 1576 1018 1630 etiam
1045 1575 1317 1629 translata
1343 1591 1450 1627 vox

304 1653 404 1702 est.
425 1678 497 1687 —
515 1649 630 1702 iam
666 1647 816 1716 lacte]
835 1665 960 1702 cum
993 1653 1174 1701 mater
1195 1645 1454 1699 iuvenem

303 1719 520 1774 leonem
562 1719 634 1773 ab
671 1719 842 1772 ubere
894 1719 1159 1787 depellat,
1207 1722 1272 1771 ut
1308 1717 1453 1771 lacte

305 1807 430 1845 eum
451 1790 766 1860 prohibeat,
804 1791 922 1844 sine
959 1790 1254 1844 verborum
1282 1788 1454 1843 abun-

304 1862 499 1917 dantia
535 1863 622 1916 leo
659 1861 772 1916 dici
815 1868 1004 1931 potest
1041 1863 1110 1916 ab
1148 1862 1306 1916 ubere
1340 1877 1452 1914 ma·

305 1935 413 1988 tris
465 1936 605 1989 lactc
649 1933 934 2002 depulsu33
991 1933 1247 1987 additum
1305 1933 1453 1986 enim

305 2006 442 2060 lacto
489 2005 647 2074 quasi
693 2006 757 2059 ἐκ
796 1999 1138 2074 παραλλήλου
1175 2009 1274 2058 est.
1345 2002 1453 2056 Lo-

307 2094 430 2130 cum
475 2077 576 2131 alii
623 2075 748 2130 aliis
778 2075 1114 2131 coniecturis
1153 2075 1454 2129 infeliciter

307 2152 624 2203 tentarunt:
665 2149 780 2202 iam
796 2149 1030 2216 iamque,
1053 2149 1167 2200 iam
1191 2148 1453 2215 (mactcl),

305 2220 420 2273 iam
467 2225 638 2287 tacta,
687 2220 937 2284 lactante,
984 2235 1096 2272 mm
1143 2223 1296 2286 ante,
1341 2219 1454 2271 iam

305 2296 494 2354 mente,
551 2291 666 2344 iam
709 2307 883 2358 mane,
931 2291 1044 2344 iam
1090 2295 1292 2358 sponte,
1341 2291 1454 2342 iam

307 2362 509 2417 Marte.
549 2361 850 2418 Horatium
885 2362 1139 2416 imitatus
1177 2367 1262 2414 est
1295 2360 1453 2414 Clau-

306 2434 457 2488 dian.
493 2433 594 2488 ΠΙ.
633 2451 780 2488 cons.
830 2432 973 2487 Hon.
1028 2434 1122 2485 ⁷¹7:
1198 2429 1314 2500 „Ut
1351 2433 1454 2496 leo,

309 2523 472 2576 quem
493 2503 674 2568 fulvae
710 2505 908 2558 matris
939 2505 1202 2575 spelunca
1226 2503 1456 2573 tegebat

321 2576 580 2634 Ubeffbue
610 2576 836 2632 solitum
859 2577 1032 2646 pasci,
1057 2593 1182 2631 cum
1209 2591 1456 2630 crescere

307 2649 481 2704 sensit
535 2647 736 2718 Ungue
790 2647 958 2718 pedes
1009 2654 1065 2702 et
1112 2653 1270 2718 terga
1308 2647 1456 2700 iubis

311 2723 369 2775 et
392 2719 654 2775 dentibus
691 2737 808 2787 ora,
844 2719 960 2773 Iam
996 2724 1168 2790 negat
1205 2718 1456 2773 imbelles

311 2792 502 2861 epulas
551 2797 608 2845 et
661 2808 802 2860 rupe
846 2791 1046 2846 relicta
1092 2790 1330 2846 Gaetulo
1369 2807 1456 2844 co-

310 2881 426 2918 mes
493 2864 576 2918 ire
633 2863 785 2932 patri
849 2862 1194 2932 stabulisque
1251 2861 1458 2916 minori

313 2937 552 2990 Aestuat
589 2938 646 2988 et
683 2934 813 2988 celsi
832 2933 968 2989 tabo
1006 2935 1231 2989 sordere
1267 2935 1456 2987 iuven-

313 3007 417 3074 ci“,
489 3005 682 3060 Etiam
720 3004 932 3060 Statius
970 3006 1173 3061 Achill.
1211 3005 1284 3073 11,
1327 3006 1456 3058 184:

313 3077 426 3146 „Ut
485 3081 598 3146 leo,
657 3083 898 3132 materno
954 3095 1078 3132 cum
1137 3083 1333 3146 raptus
1388 3076 1457 3130 ab

313 3149 468 3204 ubere
508 3166 691 3204 mores
731 3149 966 3218 Accepit
1003 3149 1264 3220 pectique
1300 3147 1458 3202 iubas

313 3221 702 3290 hominemque
765 3220 947 3274 vereri
1002 3220 1255 3275 Edidicit
1315 3219 1455 3274 cet.“

315 3292 680 3362 Comparetur
718 3291 889 3346 etiam
927 3291 1214 3346 Claudian.
1253 3290 1313 3345 in
1346 3291 1458 3344 Eu-

313 3367 461 3433 trop.
487 3363 529 3428 1,
568 3365 661 3417 45:
701 3362 980 3432 „Rapitur
1022 3363 1348 3418 castrandus
1387 3363 1458 3418 ab

314 3436 332 3488 i
374 3453 436 3489 so
481 3435 692 3494 ubere,“
777 3434 990 3506 Vergil.
1033 3435 1224 3490 Bucol.
1272 3433 1325 3503 7,
1376 3435 1458 3487 15.

365 3524 516 3576 eorg.
560 3506 661 3575 111,
717 3507 834 3563 187.
911 3506 1178 3562 Prudent.
1228 3507 1459 3576 periste-

357 3578 486 3632 han.
507 3575 576 3644 X,
599 3579 703 3631 662
727 3595 872 3647 sqq.:
913 3578 1254 3649 „Amplexus
1291 3594 1460 3632 unam

315 3595 386 3704 Se
440 3653 668 3704 caterva
721 3648 1024 3705 infantium
1077 3668 1314 3721 parvum
1363 3664 1460 3704 nec

313 3721 440 3776 olim
475 3721 612 3775 lacte
647 3721 926 3790 deptdsum
968 3721 1093 3791 capi
1123 3727 1460 3792 captumque

315 3793 505 3848 adesse
539 3791 870 3861 praecipit.“
920 3793 1165 3848 Martial.
1203 3793 1301 3859 IX,
1333 3795 1386 3861 9,
1423 3794 1454 3844 3

315 3865 464 3934 „iam
487 3881 660 3919 cunae
684 3864 860 3918 leonis
897 3870 1074 3925 erant.
1099 3870 1164 3920 ut
1200 3866 1267 3920 ab
1301 3866 1459 3919 ubere

310 3941 502 4004 raptos
523 3934 760 3990 Sordida
800 3937 994 4006 vagitu
1026 3941 1280 4006 posceret
1329 3953 1459 3990 aera

315 4007 507 4077 puer.“
547 4007 670 4062 Iam
705 4007 851 4062 idem
890 4013 977 4063 est
1011 4009 1164 4078 quod
1195 4007 1364 4063 modo.
1390 4037 1457 4048 —

309 4076 514 4147 fulvae]
552 4079 746 4132 leaena
776 4083 878 4144 est,
904 4098 1016 4134 non
1045 4098 1262 4150 caprea,
1291 4098 1460 4150 quam

316 4150 414 4204 alii
451 4149 751 4205 infeliciter
801 4151 1214 4207 intellexerunt.
1267 4182 1332 4192 -
1378 4152 1460 4206 vi-

317 4219 464 4291 dere]
501 4221 712 4276 Iterato
749 4222 856 4277 hoc
899 4223 1071 4278 verbo
1125 4243 1194 4279 ex
1237 4241 1461 4294 praece·

316 4293 484 4347 dente
527 4310 693 4347 versu
735 4293 913 4348 omnis
957 4295 1118 4350 istius
1175 4312 1460 4365 compara·

318 4364 485 4419 tionis
521 4365 608 4419 vis
644 4365 754 4420 huc
787 4366 1144 4421 transfertur.

388 4436 454 4491 V.
497 4437 578 4490 17.
633 4435 820 4506 Ram]
858 4437 949 4492 Sic
996 4439 1055 4492 in
1099 4438 1358 4509 plurimis
1404 4441 1462 4492 et

318 4507 718 4576 antiquissimis
768 4509 1051 4564 codicibus
1097 4513 1156 4564 et
1203 4509 1462 4564 editioni-

317 4580 446 4650 bus3
493 4579 753 4634 Heinsius
803 4586 861 4635 et
897 4581 1185 4636 Bentleius
1231 4599 1301 4636 ex
1339 4599 1464 4636 con-

1556 1502 1773 1556 iectura
1808 1501 2021 1570 Raetis,
2058 1503 2208 1572 quod
2245 1521 2371 1559 cum
2400 1504 2459 1558 in
2486 1503 2703 1558 duobus

1554 1573 1808 1627 tribusve
1835 1573 1995 1628 libris
2028 1573 2188 1629 Mstis
2219 1576 2508 1630 inventum
2540 1579 2702 1642 esset,

1554 1648 1888 1713 receperunt
1926 1645 2093 1700 multi
2141 1647 2479 1702 recentiores
2526 1647 2702 1701 edito-

1554 1732 1662 1783 res,
1699 1721 1765 1769 ut
1786 1715 2057 1770 Miillerus
2094 1722 2154 1772 et
2171 1718 2541 1774 Ecksteinius.
2577 1717 2703 1772 Non

1556 1793 1726 1855 recte,
1762 1788 1979 1856 opinor.
2050 1788 2277 1843 Etenim
2326 1791 2372 1844 si
2416 1791 2530 1844 iam
2564 1795 2704 1843 tunc

1557 1859 1707 1913 inter
1744 1859 1950 1914 Raetos
1998 1865 2057 1914 et
2090 1860 2409 1916 Vindelicos
2446 1865 2705 1916 accurate

1556 1930 1857 1985 discrimen
1898 1931 2221 1987 statuebant
2258 1933 2513 1998 Romani,
2569 1950 2702 2002 quo·

1556 2002 1722 2056 modo
1760 2003 1986 2056 tandem
2009 2003 2288 2059 Vindelici
2326 2005 2427 2059 sub
2460 2004 2704 2058 Raeticis

1557 2074 1796 2143 Alpibus
1854 2074 2121 2137 Drusum·
2153 2076 2364 2130 bellum
2416 2081 2703 2147 gerentem

1556 2151 1863 2214 potuerunt
1897 2145 2135 2201 videre?
2189 2146 2375 2215 Quare
2427 2152 2524 2203 aut
2578 2165 2702 2202 cum

1557 2217 1869 2271 scholiastis
1922 2218 2249 2273 Horatianis
2304 2225 2361 2274 et
2396 2219 2589 2274 Servio
2631 2217 2705 2273 ad

1559 2287 1725 2359 Verg.
1764 2289 1903 2342 Aen.
1948 2289 1993 2352 1,
2038 2291 2143 2342 247
2200 2291 2371 2346 Raeti
2434 2290 2707 2345 Vindelici

1557 2377 1669 2413 uno
1716 2362 1939 2414 nomine
1992 2362 2367 2432 coniungendi
2424 2367 2573 2430 sunt,
2621 2362 2705 2416 ita

1556 2436 1623 2485 ut
1662 2431 1996 2501 Vindelicos,
2049 2433 2301 2502 ignotam
2352 2451 2530 2504 prope
2574 2451 2703 2504 gen·

1556 2507 1689 2570 tem,
1728 2502 2031 2557 Raetorum
2072 2513 2294 2573 partem
2313 2504 2485 2560 fuisse
2524 2504 2703 2558 Hora-

1558 2575 1671 2628 tius
1712 2575 2138 2644 existimaverit,
2175 2581 2277 2632 aut
2310 2581 2589 2632 commate
2606 2593 2704 2646 po-

1558 2645 1667 2700 sito
1686 2651 1815 2714 post
1841 2653 2107 2717 gerentem
2142 2649 2499 2703 anacoluthia
2518 2649 2578 2702 in
2598 2647 2706 2702 hoc

1558 2717 1680 2772 loco
1713 2717 1975 2786 videnda,
2013 2723 2070 2773 et
2104 2719 2188 2774 ita
2230 2720 2474 2790 quidem,
2511 2725 2576 2774 ut
2594 2719 2705 2773 Ho-

1559 2790 1787 2858 ratium,
1826 2807 1952 2850 cum
1988 2790 2235 2846 scribere
2270 2792 2541 2846 voluisset
2574 2790 2705 2846 Vin·

1559 2860 1723 2916 delict·
1744 2891 1806 2900 --
1828 2877 2055 2930 sensere,
2088 2862 2424 2933 interposita
2454 2863 2706 2934 longiore

1559 2933 1837 2987 sententia
1875 2935 2210 2988 nominativi
2239 2935 2398 3004 quasi
2420 2935 2705 2989 immemo-

1558 3021 1679 3058 rem
1725 3005 1967 3058 alterum
2001 3006 2413 3061 nominativum
2456 3005 2709 3061 victrices

1560 3081 1807 3130 catervae
1880 3075 2160 3132 addidisse
2226 3078 2541 3148 putandum
2614 3077 2705 3132 sit.

1561 3145 1713 3213 Quae
1751 3147 1977 3217 quidem
2012 3149 2159 3203 ratio
2190 3150 2573 3204 adiumentum
2609 3149 2705 3204 ha-

1559 3218 1657 3272 bet
1718 3235 1783 3272 ex
1837 3219 2116 3288 particula
2178 3221 2273 3276 sed
2326 3222 2387 3275 in
2434 3219 2711 3276 eiusmodi

1558 3293 1844 3344 structura
1878 3291 2013 3344 satis
2063 3291 2362 3361 frequenti.
2443 3293 2586 3348 Nam
2636 3309 2709 3348 ne

1558 3360 1665 3416 hoc
1702 3360 1929 3430 quidem
1952 3363 2138 3432 placet
2181 3369 2453 3434 gerentem
2484 3369 2533 3420 et
2572 3363 2705 3418 Vin-

1559 3432 1735 3501 ddici,
1774 3433 1925 3502 quod
1962 3440 2047 3489 est
2093 3435 2153 3488 in
2204 3435 2490 3490 nonnullis
2527 3435 2707 3490 Metis.

1558 3503 1625 3558 In
1674 3506 1950 3559 sententia
2013 3510 2197 3561 autem
2258 3524 2401 3576 quae
2454 3507 2707 3577 sequitur

1560 3575 1757 3646 quibus
1804 3607 1867 3615 —
1923 3578 2110 3632 omnia
2153 3578 2202 3632 si
2248 3579 2385 3649 quid
2434 3584 2521 3633 est
2557 3578 2708 3648 quod

1558 3653 1784 3717 poetam
1836 3648 2119 3717 dedeceat,
2176 3650 2235 3704 in
2290 3651 2413 3720 ipso
2468 3650 2705 3706 Horatio

1560 3724 1626 3773 tu
1664 3735 1867 3788 quaere
1893 3721 2132 3790 culpam,
2174 3739 2287 3776 non
2323 3724 2381 3776 in
2414 3721 2703 3778 innocenti

1558 3792 1746 3846 nescio
1770 3808 1881 3861 quo
1908 3793 2092 3846 scriba
2118 3793 2207 3848 vel
2233 3795 2559 3864 interprete.
2594 3793 2703 3861 Qui

1560 3863 1739 3918 eiecta
1792 3863 2026 3933 stropha
2066 3863 2158 3919 sed
2206 3865 2265 3920 in
2310 3871 2361 3920 et
2416 3869 2708 3920 mutarunt

1562 3933 1867 4004 (Vindelici
1936 3965 2003 3974 -—
2068 3936 2165 4006 et),
2222 3953 2335 3992 non
2388 3942 2704 3999 senserunt,

1562 4005 1787 4077 longam
1832 4006 2083 4062 vocalem
2135 4009 2159 4062 i
2211 4010 2271 4063 in
2313 4013 2514 4078 quarto
2556 4008 2703 4063 libro

1561 4095 1675 4133 non
1711 4078 1915 4133 debere
1947 4078 2079 4134 elidi
2116 4081 2205 4134 vel
2239 4082 2545 4135 coalescere
2581 4096 2708 4134 cum

1563 4149 1675 4204 alia
1719 4153 1776 4204 et
1812 4150 2139 4220 insequente
2182 4151 2378 4208 vocali.
2427 4181 2491 4191 —
2538 4150 2705 4205 Ama-

1562 4220 1739 4289 zonia]
1790 4221 1897 4292 „Hi
1936 4221 2211 4278 Vindelici
2258 4241 2289 4278 e
2334 4224 2448 4278 suis
2484 4222 2709 4276 sedibus

1564 4293 1635 4347 ab
1672 4293 2049 4349 Amazonibus
2098 4295 2263 4350 eiecti
2314 4300 2372 4350 et
2423 4313 2493 4349 ex
2528 4293 2708 4348 Thra·

1564 4365 1651 4420 cia
1702 4365 1761 4417 in
1810 4365 2067 4420 exsilium
2112 4384 2171 4422 se
2213 4365 2514 4422 contulisse
2550 4365 2707 4434 Alpi-

1564 4453 1767 4505 umque
1792 4436 1916 4492 loca
1939 4438 2208 4492 insedisse
2232 4436 2547 4493 dicuntur.“
2574 4436 2708 4491 Por·

1563 4508 1724 4578 phyr.
1770 4539 1837 4548 —
1878 4509 1973 4575 fas
2028 4509 2131 4580 est]
2186 4509 2223 4563 i.
2281 4528 2328 4566 e.
2386 4525 2705 4564 concessum

1564 4597 1677 4634 non
1714 4587 1815 4651 est,
1852 4579 1977 4635 fieri
2011 4599 2125 4635 non
2160 4584 2364 4652 potest,
2399 4586 2465 4638 ut
2506 4587 2609 4638 cet.
2638 4609 2705 4623 -
