3092 5059
931 255 1095 323 LIB.
1140 254 1222 323 11.
1268 252 1519 335 GARM.
1565 254 1708 322 VII.
1754 252 1932 323 VIII.

2507 255 2628 323 129

638 442 865 519 Dicet
916 441 1285 518 bibendi?
1389 442 1566 519 Non
1622 468 1766 541 ego
1819 442 2074 518 sanius

733 566 1186 643 Bacchabor
1234 566 1565 643 Edonis:
1608 579 1916 667 recepto

832 690 1072 767 Dulce
1122 692 1315 767 mihi
1364 694 1627 769 furere
1678 704 1789 767 est
1839 692 2111 769 amico,

1335 888 1531 897 -0———-

1109 1006 1357 1096 OARM
1367 1032 1493 1095 EN
1550 1010 1761 1096 VIII.

636 1175 817 1253 Ulla
868 1176 931 1252 si
981 1176 1169 1252 iuris
1220 1176 1367 1251 tibi
1418 1175 1742 1274 peierati

639 1301 920 1396 Poena,
968 1300 1271 1396 Barine,
1322 1301 1703 1375 nocuisset
1753 1325 2114 1401 unquam,

645 1428 892 1503 Dente
941 1428 1007 1501 si
1057 1426 1282 1524 nigro
1333 1425 1558 1501 fieres
1608 1424 1736 1501 vel
1784 1452 1938 1502 uno

836 1550 1171 1650 Turpior
1220 1551 1484 1648 ungui,

570 1733 599 1775 s
639 1700 1077 1777 Crederem.
1183 1700 1337 1777 Sed
1387 1713 1467 1774 tu
1523 1699 1753 1777 simul
1807 1700 2167 1797 obligasti

636 1825 1022 1902 Perfidum
1078 1826 1269 1901 votis
1323 1839 1570 1921 caput,
1629 1824 1979 1901 enitescis

312 2030 376 2087 V.
430 2033 524 2087 25.
596 2030 795 2101 Venus]
857 2031 1036 2087 iactus
1093 2029 1389 2087 venereus.

246 2102 513 2173 solebant
554 2108 773 2159 veteres
818 2104 879 2157 in
913 2104 1083 2158 lautis
1121 2102 1392 2159 conviviis

244 2176 551 2301 trffissristros
584 2192 675 2301 ¹st:e
709 2192 869 2301 εἵρξει
924 2176 1155 2301 δίδοῃὲἰθί
1202 2192 1392 2297 creatis

322 2264 483 2301 orum
521 2264 585 2301 so
678 2288 690 2300 .
778 2264 1090 2301 aorumau
1150 2265 1207 2301 m
1270 2265 1391 2301 ua-

246 2322 369 2372 tuor
404 2320 591 2373 latera
636 2318 892 2389 longiora
934 2318 1160 2387 punctis
1196 2264 1394 2373 ngtata

248 2396 417 2460 erant,
454 2391 547 2445 ita
580 2394 645 2443 ut
684 2407 857 2444 unum
895 2389 1041 2444 latus
1086 2407 1260 2443 unum
1296 2390 1391 2443 ha-

246 2460 397 2516 beret
429 2466 725 2532 punctum,
780 2462 1021 2516 alterum
1057 2461 1189 2516 huie
1221 2478 1391 2531 oppo-

253 2533 407 2587 situm
444 2550 549 2588 sex
594 2536 805 2603 puncta
840 2533 1175 2601 ostenderet,
1212 2532 1271 2586 in
1306 2550 1391 2587 re-

253 2602 523 2674 liquisque
550 2604 766 2659 duobus
788 2604 903 2658 tria
927 2609 1110 2660 essent
1136 2609 1194 2659 et
1229 2609 1388 2672 quat-

255 2678 369 2730 tuor
402 2682 639 2747 puncta.
694 2674 1021 2730 Ludebatur
1064 2676 1192 2729 talis
1232 2678 1389 2744 quat-

250 2750 390 2815 tuor3
410 2748 605 2803 Venus
625 2752 749 2801 erat
762 2748 957 2815 iactus,
975 2764 1103 2801 cum
1120 2752 1391 2816 quattuor

250 2818 343 2873 tali
365 2820 503 2875 iacti
543 2824 813 2888 quattuor
836 2818 1087 2873 diversos
1109 2836 1389 2887 numeros,

248 2890 391 2945 canis
408 2892 447 2945 i.
468 2908 523 2946 e.
540 2890 814 2959 pessimus
832 2890 1029 2959 iactus,
1054 2908 1177 2945 cum
1199 2906 1389 2944 omnes

244 2978 407 3016 unum
432 2966 711 3033 punctum
740 2961 1123 3017 ostendebant.
1162 2961 1227 3016 In
1260 2962 1387 3015 reli·

244 3035 361 3101 quis
397 3033 642 3090 iactibus
667 3034 893 3088 valebat
926 3039 1263 3103 punctorum
1287 3050 1388 3086 nu-

242 3121 439 3160 merus.
494 3108 551 3160 A
587 3104 719 3159 talis
756 3104 1090 3161 differebant
1130 3109 1386 3189 tesserae,

243 3192 523 3303 {mat
558 3192 941 3318 ”3333OEss
975 3176 1389 3317 ‘'Zssrssffliff'ffiffi

244 3316 479 3389 Edonis]
529 3318 803 3373 Thraciae
857 3321 1096 3389 populo;
1151 3336 1387 3389 quorum

244 3392 493 3461 exemplo
552 3391 762 3458 utitur,
829 3391 1093 3459 quoniam
1148 3389 1389 3444 Thraces

246 3460 446 3517 Bacchi
484 3462 659 3516 sacris
696 3466 755 3516 et
784 3462 961 3533 orgiis
997 3461 1175 3516 dediti
1210 3466 1387 3516 erant.

250 3533 339 3587 Ad
373 3550 545 3603 quam
580 3550 697 3587 rem
731 3532 965 3588 verbum
1001 3532 1257 3588 bacchari
1301 3550 1387 3588 ac-

248 3604 662 3660 commodatum
701 3608 801 3659 est.

578 3718 857 3773 Carmen
888 3716 1038 3773 VIII.

308 3813 539 3870 Festiva
576 3815 953 3885 expostulatio
1004 3832 1129 3870 cum
1166 3814 1387 3879 Bai-ine,

243 3885 621 3953 pulcherrima
657 3887 883 3955 quidem
919 3887 1017 3941 sed
1062 3886 1228 3941 nimis
1262 3904 1386 3956 per·

242 3954 351 4011 fida
384 3958 601 4041 puella..
635 3958 755 4026 Quo
780 3975 927 4041 anno
957 3958 1068 4042 ,¹¹9⁰
1102 3959 1389 4029 egregium

245 4036 765 4156 ἓξὲιῖῗωῖᾟῑῗέῗ
774 4029 1025 4156 ἒὲἱηῖῗ
1033 4034 1389 4156 ὃὲἔέιέἰοῗξέῑ

246 4168 343 4235 III,
379 4174 431 4241 3,
473 4176 531 4227 l:

310 4242 449 4298 Esse
486 4243 637 4313 deos,
682 4245 719 4313 i,
758 4244 945 4315 cred03
984 4244 1153 4299 fidem
1202 4246 1388 4299 iurata

1092 4315 1313 4382 fefellit,

384 4384 465 4441 Et
508 4386 681 4441 facies
730 4388 831 4457 illi,
882 4404 1025 4457 quae
1078 4387 1192 4441 fuit
1240 4392 1388 4454 ante,

964 4472 969 4476 ’
1108 4464 1315 4513 manet.

318 4526 495 4595 Quam
532 4530 727 4601 longos
751 4529 951 4585 habuit
976 4531 1224 4585 nondum
1260 4547 1384 4599 per—

902 4602 1027 4655 iura
1063 4602 1311 4671 capillos,

352 4718 572 4764 Horatius
598 4722 673 4767 od.
698 4701 1031 4773 Dmenbnrger
1061 4722 1133 4763 ed.
1161 4722 1262 4763 Vn.

1629 2030 1768 2087 Tam
1805 2032 2019 2101 longos,
2059 2036 2356 2101 postquam
2399 2033 2632 2089 numina

2027 2102 2210 2171 laesit,
2247 2104 2418 2157 habet
2455 2108 2558 2159 etc.

1484 2174 1564 2228 Et
1599 2192 1652 2229 v.
1684 2177 1765 2227 11.
1800 2173 2026 2231 Scilicet
2049 2180 2276 2230 aeterno
2305 2174 2509 2229 falsum
2545 2177 2626 2231 iu-

2193 2264 2320 2302 rare
2355 2248 2558 2316 puellis

1882 2317 1958 2371 Di
1997 2333 2218 2387 quoque
2256 2318 2584 2373 concedunt.

1556 2388 1624 2443 V.
1649 2391 1696 2442 1.
1732 2387 1800 2442 In
1831 2389 2017 2458 prima
2053 2390 2284 2459 stropha
2308 2388 2438 2443 vide
2462 2407 2632 2459 quam

1485 2459 1788 2515 artificiose
1842 2462 2016 2515 verba
2066 2460 2342 2515 collocata
2389 2462 2504 2515 sint
2559 2462 2632 2516 ad

1484 2530 1886 2587 ostendendam
1910 2532 2307 2601 impunitatem
2327 2533 2632 2602 peierantis

1484 2602 1582 2657 sed
1629 2603 1896 2673 pulchrae
1944 2603 2178 2672 puellae,
2235 2621 2378 2673 quae
2422 2621 2493 2659 ne
2529 2604 2632 2658 mi·

1484 2674 1638 2728 nima
1686 2674 1911 2743 quidem
1954 2692 2136 2744 poena
2179 2676 2416 2744 periurii
2452 2693 2485 2730 a
2525 2676 2633 2730 diis

1483 2746 1544 2800 in
1591 2746 1730 2800 alios
1777 2746 2029 2801 homines
2086 2748 2292 2801 severis
2353 2746 2630 2801 adficitur.

1482 2816 1628 2872 Nam
1663 2835 1780 2872 non
1801 2824 2012 2873 temere
2033 2817 2474 2873 haeo‘vocabula
2498 2820 2632 2887 ulla,

1483 2904 1746 2958 unquam,
1793 2889 1964 2957 dente,
2009 2906 2138 2957 tono,
2187 2890 2364 2959 nmque·
2407 2890 2467 2943 in
2510 2907 2630 2944 ver-

1484 2976 1648 3014 suum
1704 2961 1958 3015 terminis
2015 2962 2202 3029 posita
2253 2966 2406 3029 sunt3
2463 2965 2633 3031 atque

1483 3032 1778 3087 consilium
1813 3038 2014 3101 poetae
2053 3033 2412 3101 conspicuum
2453 3038 2538 3087 est
2572 3034 2631 3087 in

1480 3103 1655 3158 verbo
1701 3104 1960 3159 crederem
2013 3104 2072 3157 in
2122 3104 2309 3158 fronte
2363 3105 2632 3174 strophae

1480 3176 1666 3244 posito
1704 3180 1762 3229 et
1798 3180 1978 3230 totam
2015 3176 2305 3244 apodosim
2353 3174 2632 3231 efficiente

1483 3274 1552 3285 -
1589 3247 1737 3301 iuris
1763 3246 2024 3316 peiorum]
2062 3246 2347 3301 Audacius
2395 3264 2431 3300 a
2465 3252 2634 3317 poeta

1482 3318 1697 3371 dictum
1735 3334 1837 3386 pro
1866 3318 2122 3387 periurii.
2166 3347 2230 3358 --
2269 3334 2380 3372 uno
2415 3320 2634 3387 turpior

1481 3389 1680 3459 amyoti]
1746 3387 1866 3443 Uno
1919 3389 2272 3444 referendum
2333 3390 2503 3443 etiam
2561 3390 2632 3444 ad

1481 3459 1654 3514 dente.
1730 3458 1873 3514 Vide
1908 3460 1980 3514 ad
2018 3460 2200 3515 Carm.
2244 3461 2287 3526 1,
2329 3462 2380 3528 2,
2429 3464 2472 3515 l.
2545 3462 2633 3515 In·

1483 3531 1804 3601 tellegenda
1841 3532 2110 3586 scabritia
2147 3532 2440 3602 unguium,
2478 3534 2634 3587 cuius

1482 3602 1894 3657 medicamenta
1920 3603 2097 3657 multa
2123 3604 2274 3673 apud
2301 3603 2546 3657 Plinium
2573 3605 2630 3658 in

1482 3674 1612 3728 Nat.
1657 3674 1801 3728 Hist.
1851 3674 2224 3743 reperiuntur.
2301 3675 2367 3729 In
2413 3692 2524 3745 qua
2571 3694 2632 3731 re

1482 3746 1784 3801 tenendum
1823 3750 1922 3811 est,
1971 3746 2124 3800 haud
2161 3764 2396 3817 parvam
2440 3764 2633 3802 curam

1482 3817 1700 3886 puellas
1746 3817 1805 3871 in
1840 3818 2234 3872 conservandis
2277 3819 2536 3873 dentibus
2577 3824 2636 3874 et

1482 3889 1764 3959 unguibus
1800 3889 2073 3958 posuisse;
2116 3889 2264 3944 unde
2301 3890 2440 3943 haec
2473 3906 2632 3959 prae·

1485 3965 1648 4029 cepta
1674 3959 1863 4015 Ovidii
1889 3963 1957 4015 A.
1983 3962 2050 4014 A.
2078 3960 2176 4028 111,
2201 3962 2332 4015 276:
2376 3960 2631 4031 „Exiguo

1484 4031 2633 4175 wigtssssfflfflfflbsst'ssffl

1486 4176 1714 4243 erunt“;
1750 4179 1812 4229 et
1846 4193 1901 4230 v.
1924 4176 2054 4229 279:
2095 4174 2189 4243 „Si
2219 4175 2376 4243 πέραν
2413 4180 2514 4228 aut
2547 4174 2630 4228 in-

1483 4263 1622 4316 gens
1661 4250 1758 4300 aut
1789 4263 1902 4301 non
1937 4248 2050 4301 erit
2071 4246 2270 4300 ordine
2291 4249 2456 4299 natus
2477 4246 2634 4301 Dens

1482 4318 1610 4385 tibi,
1647 4318 1883 4372 ridendo
1917 4317 2162 4372 maxima
2191 4316 2398 4371 damna
2431 4317 2629 4372 feres.“

1482 4416 1556 4428 -—
1589 4388 1866 4458 obligasti]
1905 4389 2034 4444 vide
2069 4389 2141 4442 ad
2164 4388 2346 4442 Carm.
2371 4388 2518 4457 11,·7,
2549 4390 2632 4443 17.

1484 4459 1774 4515 Sententia
1822 4461 1959 4515 haec
1993 4465 2101 4514 est:
2161 4458 2406 4514 Tantum
2453 4460 2630 4529 abest,

1482 4536 1547 4585 ut
1581 4530 1851 4600 perfidiae
1885 4537 1943 4586 et
1959 4530 2195 4601 periurii
2223 4548 2460 4601 poenam
2489 4533 2629 4600 luas,

1482 4606 1547 4657 ut
1585 4620 1695 4671 quo
1739 4603 1960 4672 saepius
2006 4603 2344 4672 peioraveris
2393 4620 2458 4657 eo
2505 4603 2630 4672 pul-

2203 4700 2236 4759 9
