<?xml version="1.0" encoding="UTF-8"?>
<!DOCTYPE html PUBLIC "-//W3C//DTD XHTML 1.0 Transitional//EN"
    "http://www.w3.org/TR/xhtml1/DTD/xhtml1-transitional.dtd">
<html xmlns="http://www.w3.org/1999/xhtml" xml:lang="en" lang="en">
 <head>
  <title>
</title>
<meta http-equiv="Content-Type" content="text/html;charset=utf-8" />
  <meta name='ocr-system' content='tesseract 3.04.00' />
  <meta name='ocr-capabilities' content='ocr_page ocr_carea ocr_par ocr_line ocrx_word'/>
</head>
<body>
  <div class='ocr_page' id='page_1' title='image "./qhoratiiflaccio05unkngoog_0031.png"; bbox 0 0 3092 5059; ppageno 0'>
   <div class='ocr_carea' id='block_1_1' title="bbox 799 1170 2159 1277">
    <p class='ocr_par' dir='ltr' id='par_1_1' title="bbox 799 1170 2159 1277">
     <span class='ocr_line' id='line_1_1' title="bbox 799 1170 2159 1277; baseline -0.004 -18"><span class='ocrx_word' id='word_1_1' title='bbox 799 1173 880 1277; x_wconf 82' lang='lat' dir='ltr'><strong>Q.</strong></span> <span class='ocrx_word' id='word_1_2' title='bbox 944 1171 1386 1257; x_wconf 82' lang='lat' dir='ltr'>HORATII</span> <span class='ocrx_word' id='word_1_3' title='bbox 1447 1170 1829 1256; x_wconf 80' lang='lat' dir='ltr'><strong>FLAOOI</strong></span> <span class='ocrx_word' id='word_1_4' title='bbox 1892 1171 2159 1256; x_wconf 82' lang='lat' dir='ltr'><strong>VITA.</strong></span> 
     </span>
    </p>
   </div>
   <div class='ocr_carea' id='block_1_2' title="bbox 1337 1394 1635 1401">
    <p class='ocr_par' dir='ltr' id='par_1_2' title="bbox 1337 1394 1635 1401">
     <span class='ocr_line' id='line_1_2' title="bbox 1337 1394 1635 1401; baseline -0.007 0"><span class='ocrx_word' id='word_1_5' title='bbox 1337 1394 1635 1401; x_wconf 76' lang='lat'><strong>——.——</strong></span> 
     </span>
    </p>
   </div>
   <div class='ocr_carea' id='block_1_3' title="bbox 269 1520 2688 3678">
    <p class='ocr_par' dir='ltr' id='par_1_3' title="bbox 269 1520 2688 3678">
     <span class='ocr_line' id='line_1_3' title="bbox 477 1520 2673 1607; baseline 0 -22"><span class='ocrx_word' id='word_1_6' title='bbox 477 1520 550 1601; x_wconf 79' lang='lat' dir='ltr'><strong>Q.</strong></span> <span class='ocrx_word' id='word_1_7' title='bbox 581 1520 894 1607; x_wconf 73' lang='lat' dir='ltr'><strong>Horatius</strong></span> <span class='ocrx_word' id='word_1_8' title='bbox 921 1520 1216 1605; x_wconf 65' lang='lat' dir='ltr'><strong>anomcs,</strong></span> <span class='ocrx_word' id='word_1_9' title='bbox 1259 1524 1440 1589; x_wconf 89' lang='lat' dir='ltr'><strong>cuius</strong></span> <span class='ocrx_word' id='word_1_10' title='bbox 1485 1522 1707 1587; x_wconf 88' lang='lat' dir='ltr'><strong>omnia</strong></span> <span class='ocrx_word' id='word_1_11' title='bbox 1732 1540 1901 1605; x_wconf 88' lang='lat' dir='ltr'><strong>quae</strong></span> <span class='ocrx_word' id='word_1_12' title='bbox 1946 1542 2091 1587; x_wconf 88' lang='lat' dir='ltr'><strong>cum</strong></span> <span class='ocrx_word' id='word_1_13' title='bbox 2122 1520 2506 1603; x_wconf 78' lang='lat' dir='ltr'><strong>aequalibus</strong></span> <span class='ocrx_word' id='word_1_14' title='bbox 2538 1522 2673 1586; x_wconf 90' lang='lat' dir='ltr'><strong>suis</strong></span> 
     </span>
     <span class='ocr_line' id='line_1_4' title="bbox 273 1629 2674 1716; baseline 0 -23"><span class='ocrx_word' id='word_1_15' title='bbox 273 1631 418 1713; x_wconf 83' lang='lat' dir='ltr'><strong>ipse</strong></span> <span class='ocrx_word' id='word_1_16' title='bbox 463 1631 938 1695; x_wconf 88' lang='lat' dir='ltr'><strong>communicare</strong></span> <span class='ocrx_word' id='word_1_17' title='bbox 989 1632 1196 1697; x_wconf 87' lang='lat' dir='ltr'><strong>voluit</strong></span> <span class='ocrx_word' id='word_1_18' title='bbox 1243 1638 1543 1716; x_wconf 79' lang='lat' dir='ltr'><strong>poemata</strong></span> <span class='ocrx_word' id='word_1_19' title='bbox 1595 1630 1680 1696; x_wconf 90' lang='lat' dir='ltr'><strong>ad</strong></span> <span class='ocrx_word' id='word_1_20' title='bbox 1740 1650 1859 1696; x_wconf 89' lang='lat' dir='ltr'><strong>uos</strong></span> <span class='ocrx_word' id='word_1_21' title='bbox 1918 1635 2367 1714; x_wconf 86' lang='lat' dir='ltr'><strong>pervenerunt,</strong></span> <span class='ocrx_word' id='word_1_22' title='bbox 2432 1629 2503 1693; x_wconf 91' lang='lat' dir='ltr'><strong>L.</strong></span> <span class='ocrx_word' id='word_1_23' title='bbox 2547 1630 2674 1693; x_wconf 88' lang='lat' dir='ltr'><strong>Au-</strong></span> 
     </span>
     <span class='ocr_line' id='line_1_5' title="bbox 269 1739 2677 1824; baseline -0 -19"><span class='ocrx_word' id='word_1_24' title='bbox 269 1740 436 1805; x_wconf 87' lang='lat' dir='ltr'><strong>relio</strong></span> <span class='ocrx_word' id='word_1_25' title='bbox 501 1739 692 1807; x_wconf 83' lang='lat' dir='ltr'><strong>Cotta</strong></span> <span class='ocrx_word' id='word_1_26' title='bbox 756 1741 826 1805; x_wconf 91' lang='lat' dir='ltr'><strong>L.</strong></span> <span class='ocrx_word' id='word_1_27' title='bbox 875 1741 1114 1807; x_wconf 87' lang='lat' dir='ltr'><strong>Manlio</strong></span> <span class='ocrx_word' id='word_1_28' title='bbox 1183 1742 1514 1824; x_wconf 84' lang='lat' dir='ltr'><strong>Torquato</strong></span> <span class='ocrx_word' id='word_1_29' title='bbox 1584 1741 1763 1807; x_wconf 86' lang='lat' dir='ltr'><strong>Ooss.</strong></span> <span class='ocrx_word' id='word_1_30' title='bbox 1808 1762 1866 1806; x_wconf 89' lang='lat' dir='ltr'><strong>a.</strong></span> <span class='ocrx_word' id='word_1_31' title='bbox 1914 1741 1977 1806; x_wconf 95' lang='lat' dir='ltr'><strong>d.</strong></span> <span class='ocrx_word' id='word_1_32' title='bbox 2024 1740 2136 1805; x_wconf 89' lang='lat' dir='ltr'><strong>VI.</strong></span> <span class='ocrx_word' id='word_1_33' title='bbox 2182 1740 2277 1805; x_wconf 92' lang='lat' dir='ltr'><strong>Id.</strong></span> <span class='ocrx_word' id='word_1_34' title='bbox 2326 1740 2477 1805; x_wconf 89' lang='lat' dir='ltr'><strong>Dec.</strong></span> <span class='ocrx_word' id='word_1_35' title='bbox 2522 1740 2677 1804; x_wconf 88' lang='lat' dir='ltr'><strong>anni</strong></span> 
     </span>
     <span class='ocr_line' id='line_1_6' title="bbox 273 1847 2673 1933; baseline -0 -20"><span class='ocrx_word' id='word_1_36' title='bbox 273 1847 740 1914; x_wconf 84' lang='lat' dir='ltr'>DGLXXXIX</span> <span class='ocrx_word' id='word_1_37' title='bbox 783 1870 844 1933; x_wconf 90' lang='lat' dir='ltr'><strong>p.</strong></span> <span class='ocrx_word' id='word_1_38' title='bbox 891 1870 952 1914; x_wconf 92' lang='lat' dir='ltr'><strong>u.</strong></span> <span class='ocrx_word' id='word_1_39' title='bbox 1001 1870 1053 1915; x_wconf 91' lang='lat' dir='ltr'><strong>c.</strong></span> <span class='ocrx_word' id='word_1_40' title='bbox 1117 1856 1308 1915; x_wconf 88' lang='lat' dir='ltr'><strong>natus</strong></span> <span class='ocrx_word' id='word_1_41' title='bbox 1373 1857 1474 1916; x_wconf 89' lang='lat' dir='ltr'><strong>est</strong></span> <span class='ocrx_word' id='word_1_42' title='bbox 1517 1848 1863 1931; x_wconf 80' lang='lat' dir='ltr'><strong>Venusiae,</strong></span> <span class='ocrx_word' id='word_1_43' title='bbox 1930 1848 2221 1914; x_wconf 87' lang='lat' dir='ltr'><strong>Romana</strong></span> <span class='ocrx_word' id='word_1_44' title='bbox 2286 1850 2543 1915; x_wconf 87' lang='lat' dir='ltr'><strong>colonia</strong></span> <span class='ocrx_word' id='word_1_45' title='bbox 2608 1847 2673 1912; x_wconf 87' lang='lat' dir='ltr'><strong>in</strong></span> 
     </span>
     <span class='ocr_line' id='line_1_7' title="bbox 269 1957 2678 2043; baseline -0 -21"><span class='ocrx_word' id='word_1_46' title='bbox 269 1958 521 2042; x_wconf 84' lang='lat' dir='ltr'><strong>Apulia</strong></span> <span class='ocrx_word' id='word_1_47' title='bbox 563 1959 706 2023; x_wconf 87' lang='lat' dir='ltr'><strong>sita.</strong></span> <span class='ocrx_word' id='word_1_48' title='bbox 753 1957 836 2023; x_wconf 84' lang='lat' dir='ltr'><strong>Et</strong></span> <span class='ocrx_word' id='word_1_49' title='bbox 873 1958 1002 2042; x_wconf 89' lang='lat' dir='ltr'><strong>ipsi</strong></span> <span class='ocrx_word' id='word_1_50' title='bbox 1047 1958 1310 2041; x_wconf 90' lang='lat' dir='ltr'><strong>quidem</strong></span> <span class='ocrx_word' id='word_1_51' title='bbox 1355 1964 1587 2043; x_wconf 87' lang='lat' dir='ltr'><strong>poetae</strong></span> <span class='ocrx_word' id='word_1_52' title='bbox 1628 1978 2069 2041; x_wconf 88' lang='lat' dir='ltr'><strong>quaecumque</strong></span> <span class='ocrx_word' id='word_1_53' title='bbox 2112 1959 2193 2024; x_wconf 89' lang='lat' dir='ltr'><strong>de</strong></span> <span class='ocrx_word' id='word_1_54' title='bbox 2238 1959 2378 2024; x_wconf 86' lang='lat' dir='ltr'><strong>eius</strong></span> <span class='ocrx_word' id='word_1_55' title='bbox 2428 1964 2678 2038; x_wconf 84' lang='lat' dir='ltr'><strong>natura,</strong></span> 
     </span>
     <span class='ocr_line' id='line_1_8' title="bbox 271 2066 2679 2149; baseline -0 -17"><span class='ocrx_word' id='word_1_56' title='bbox 271 2066 584 2149; x_wconf 88' lang='lat' dir='ltr'><strong>moribus,</strong></span> <span class='ocrx_word' id='word_1_57' title='bbox 649 2068 858 2134; x_wconf 89' lang='lat' dir='ltr'><strong>omnis</strong></span> <span class='ocrx_word' id='word_1_58' title='bbox 922 2070 1095 2134; x_wconf 84' lang='lat' dir='ltr'><strong>vitae</strong></span> <span class='ocrx_word' id='word_1_59' title='bbox 1163 2068 1651 2135; x_wconf 75' lang='lat' dir='ltr'><strong>condicionibus</strong></span> <span class='ocrx_word' id='word_1_60' title='bbox 1716 2070 1904 2134; x_wconf 90' lang='lat' dir='ltr'><strong>nobis</strong></span> <span class='ocrx_word' id='word_1_61' title='bbox 1976 2070 2389 2133; x_wconf 86' lang='lat' dir='ltr'><strong>innotuerunt</strong></span> <span class='ocrx_word' id='word_1_62' title='bbox 2436 2066 2528 2131; x_wconf 91' lang='lat' dir='ltr'><strong>ita</strong></span> <span class='ocrx_word' id='word_1_63' title='bbox 2570 2066 2679 2131; x_wconf 88' lang='lat' dir='ltr'><strong>de-</strong></span> 
     </span>
     <span class='ocr_line' id='line_1_9' title="bbox 274 2176 2677 2263; baseline -0 -22"><span class='ocrx_word' id='word_1_64' title='bbox 274 2177 524 2258; x_wconf 83' lang='lat' dir='ltr'><strong>bemus,</strong></span> <span class='ocrx_word' id='word_1_65' title='bbox 591 2182 661 2241; x_wconf 89' lang='lat' dir='ltr'><strong>ut</strong></span> <span class='ocrx_word' id='word_1_66' title='bbox 721 2177 827 2241; x_wconf 83' lang='lat' dir='ltr'><strong>vel</strong></span> <span class='ocrx_word' id='word_1_67' title='bbox 890 2178 1018 2242; x_wconf 90' lang='lat' dir='ltr'><strong>tria</strong></span> <span class='ocrx_word' id='word_1_68' title='bbox 1083 2196 1248 2260; x_wconf 87' lang='lat' dir='ltr'><strong>quae</strong></span> <span class='ocrx_word' id='word_1_69' title='bbox 1315 2178 1542 2244; x_wconf 84' lang='lat' dir='ltr'><strong>habuit</strong></span> <span class='ocrx_word' id='word_1_70' title='bbox 1584 2180 1847 2243; x_wconf 87' lang='lat' dir='ltr'><strong>nomina</strong></span> <span class='ocrx_word' id='word_1_71' title='bbox 1873 2176 1942 2259; x_wconf 87' lang='lat'><strong>¹),</strong></span> <span class='ocrx_word' id='word_1_72' title='bbox 2016 2178 2291 2263; x_wconf 86' lang='lat' dir='ltr'><strong>patriam</strong></span> <span class='ocrx_word' id='word_1_73' title='bbox 2361 2176 2583 2241; x_wconf 88' lang='lat' dir='ltr'><strong>urbem</strong></span> <span class='ocrx_word' id='word_1_74' title='bbox 2606 2176 2677 2255; x_wconf 79' lang='lat'><strong>²),</strong></span> 
     </span>
     <span class='ocr_line' id='line_1_10' title="bbox 269 2284 2679 2375; baseline 0 -26"><span class='ocrx_word' id='word_1_75' title='bbox 269 2304 514 2349; x_wconf 85' lang='lat' dir='ltr'><strong>annum</strong></span> <span class='ocrx_word' id='word_1_76' title='bbox 587 2304 998 2367; x_wconf 86' lang='lat' dir='ltr'><strong>mensemque</strong></span> <span class='ocrx_word' id='word_1_77' title='bbox 1019 2286 1074 2375; x_wconf 22' lang='grc' dir='ltr'><strong>Β.)</strong></span> <span class='ocrx_word' id='word_1_78' title='bbox 1141 2286 1420 2351; x_wconf 84' lang='lat' dir='ltr'><strong>natalem</strong></span> <span class='ocrx_word' id='word_1_79' title='bbox 1471 2287 1537 2351; x_wconf 90' lang='lat' dir='ltr'><strong>in</strong></span> <span class='ocrx_word' id='word_1_80' title='bbox 1581 2288 1899 2370; x_wconf 88' lang='lat' dir='ltr'><strong>poematis</strong></span> <span class='ocrx_word' id='word_1_81' title='bbox 1966 2286 2264 2370; x_wconf 85' lang='lat' dir='ltr'><strong>deposita</strong></span> <span class='ocrx_word' id='word_1_82' title='bbox 2326 2284 2679 2351; x_wconf 88' lang='lat' dir='ltr'><strong>habeamus</strong></span> 
     </span>
     <span class='ocr_line' id='line_1_11' title="bbox 271 2392 2680 2478; baseline 0.001 -20"><span class='ocrx_word' id='word_1_83' title='bbox 271 2412 490 2477; x_wconf 89' lang='lat' dir='ltr'><strong>neque</strong></span> <span class='ocrx_word' id='word_1_84' title='bbox 533 2392 622 2459; x_wconf 87' lang='lat' dir='ltr'><strong>ad</strong></span> <span class='ocrx_word' id='word_1_85' title='bbox 683 2396 858 2459; x_wconf 81' lang='lat' dir='ltr'><strong>vitae</strong></span> <span class='ocrx_word' id='word_1_86' title='bbox 924 2395 1356 2461; x_wconf 85' lang='lat' dir='ltr'><strong>narrationem</strong></span> <span class='ocrx_word' id='word_1_87' title='bbox 1420 2415 1588 2478; x_wconf 87' lang='lat' dir='ltr'><strong>quac</strong></span> <span class='ocrx_word' id='word_1_88' title='bbox 1635 2395 1927 2461; x_wconf 88' lang='lat' dir='ltr'><strong>Suetonii</strong></span> <span class='ocrx_word' id='word_1_89' title='bbox 1994 2415 2227 2461; x_wconf 89' lang='lat' dir='ltr'><strong>nomen</strong></span> <span class='ocrx_word' id='word_1_90' title='bbox 2294 2396 2419 2460; x_wconf 87' lang='lat' dir='ltr'><strong>fert</strong></span> <span class='ocrx_word' id='word_1_91' title='bbox 2484 2414 2680 2478; x_wconf 86' lang='lat' dir='ltr'><strong>saepe</strong></span> 
     </span>
     <span class='ocr_line' id='line_1_12' title="bbox 272 2502 2683 2597; baseline 0 -29"><span class='ocrx_word' id='word_1_92' title='bbox 272 2503 628 2586; x_wconf 78' lang='lat' dir='ltr'><strong>confugere</strong></span> <span class='ocrx_word' id='word_1_93' title='bbox 673 2510 786 2568; x_wconf 92' lang='lat' dir='ltr'><strong>aut</strong></span> <span class='ocrx_word' id='word_1_94' title='bbox 829 2502 1180 2569; x_wconf 87' lang='lat' dir='ltr'><strong>debeamus</strong></span> <span class='ocrx_word' id='word_1_95' title='bbox 1221 2510 1335 2569; x_wconf 87' lang='lat' dir='ltr'><strong>aut</strong></span> <span class='ocrx_word' id='word_1_96' title='bbox 1363 2506 1707 2588; x_wconf 89' lang='lat' dir='ltr'><strong>possimus.</strong></span> <span class='ocrx_word' id='word_1_97' title='bbox 1756 2503 1947 2569; x_wconf 90' lang='lat' dir='ltr'><strong>Patre</strong></span> <span class='ocrx_word' id='word_1_98' title='bbox 1977 2524 2135 2569; x_wconf 88' lang='lat' dir='ltr'><strong>usus</strong></span> <span class='ocrx_word' id='word_1_99' title='bbox 2166 2510 2265 2569; x_wconf 89' lang='lat' dir='ltr'><strong>est</strong></span> <span class='ocrx_word' id='word_1_100' title='bbox 2294 2504 2683 2597; x_wconf 74' lang='lat' dir='ltr'><strong>libertin04),</strong></span> 
     </span>
     <span class='ocr_line' id='line_1_13' title="bbox 269 2613 2681 2697; baseline 0 -21"><span class='ocrx_word' id='word_1_101' title='bbox 269 2618 488 2677; x_wconf 88' lang='lat' dir='ltr'><strong>mater</strong></span> <span class='ocrx_word' id='word_1_102' title='bbox 531 2632 698 2695; x_wconf 88' lang='lat' dir='ltr'><strong>quae</strong></span> <span class='ocrx_word' id='word_1_103' title='bbox 743 2613 939 2679; x_wconf 87' lang='lat' dir='ltr'><strong>fuerit</strong></span> <span class='ocrx_word' id='word_1_104' title='bbox 985 2616 1327 2697; x_wconf 82' lang='lat' dir='ltr'><strong>nescimus,</strong></span> <span class='ocrx_word' id='word_1_105' title='bbox 1401 2634 1544 2680; x_wconf 89' lang='lat' dir='ltr'><strong>cum</strong></span> <span class='ocrx_word' id='word_1_106' title='bbox 1592 2633 1907 2696; x_wconf 84' lang='lat' dir='ltr'><strong>nusquam</strong></span> <span class='ocrx_word' id='word_1_107' title='bbox 1952 2615 2094 2680; x_wconf 85' lang='lat' dir='ltr'><strong>eius</strong></span> <span class='ocrx_word' id='word_1_108' title='bbox 2138 2634 2217 2679; x_wconf 91' lang='lat' dir='ltr'><strong>ne</strong></span> <span class='ocrx_word' id='word_1_109' title='bbox 2263 2634 2493 2680; x_wconf 88' lang='lat' dir='ltr'><strong>nomen</strong></span> <span class='ocrx_word' id='word_1_110' title='bbox 2540 2614 2681 2696; x_wconf 89' lang='lat' dir='ltr'><strong>qui-</strong></span> 
     </span>
     <span class='ocr_line' id='line_1_14' title="bbox 274 2720 2681 2808; baseline 0.001 -23"><span class='ocrx_word' id='word_1_111' title='bbox 274 2720 426 2786; x_wconf 89' lang='lat' dir='ltr'><strong>dem</strong></span> <span class='ocrx_word' id='word_1_112' title='bbox 494 2723 885 2802; x_wconf 71' lang='lat' dir='ltr'><strong>nominetur-3</strong></span> <span class='ocrx_word' id='word_1_113' title='bbox 953 2730 1022 2788; x_wconf 92' lang='lat' dir='ltr'><strong>ut</strong></span> <span class='ocrx_word' id='word_1_114' title='bbox 1081 2731 1346 2808; x_wconf 86' lang='lat' dir='ltr'><strong>propter</strong></span> <span class='ocrx_word' id='word_1_115' title='bbox 1409 2724 1741 2807; x_wconf 85' lang='lat' dir='ltr'><strong>egregiam</strong></span> <span class='ocrx_word' id='word_1_116' title='bbox 1800 2722 1919 2787; x_wconf 87' lang='lat' dir='ltr'><strong>filii</strong></span> <span class='ocrx_word' id='word_1_117' title='bbox 1963 2723 2029 2788; x_wconf 96' lang='lat' dir='ltr'><strong>in</strong></span> <span class='ocrx_word' id='word_1_118' title='bbox 2075 2730 2324 2807; x_wconf 87' lang='lat' dir='ltr'><strong>patrem</strong></span> <span class='ocrx_word' id='word_1_119' title='bbox 2370 2724 2681 2807; x_wconf 89' lang='lat' dir='ltr'><strong>pietatem</strong></span> 
     </span>
     <span class='ocr_line' id='line_1_15' title="bbox 275 2830 2683 2908; baseline 0.002 -14"><span class='ocrx_word' id='word_1_120' title='bbox 275 2841 454 2897; x_wconf 88' lang='lat' dir='ltr'><strong>recte</strong></span> <span class='ocrx_word' id='word_1_121' title='bbox 519 2831 706 2897; x_wconf 88' lang='lat' dir='ltr'><strong>nobis</strong></span> <span class='ocrx_word' id='word_1_122' title='bbox 766 2830 1102 2898; x_wconf 84' lang='lat' dir='ltr'><strong>videamur</strong></span> <span class='ocrx_word' id='word_1_123' title='bbox 1165 2833 1318 2899; x_wconf 90' lang='lat' dir='ltr'><strong>inde</strong></span> <span class='ocrx_word' id='word_1_124' title='bbox 1385 2833 1661 2908; x_wconf 84' lang='lat' dir='ltr'><strong>efficere,</strong></span> <span class='ocrx_word' id='word_1_125' title='bbox 1737 2831 1873 2897; x_wconf 88' lang='lat' dir='ltr'><strong>filio</strong></span> <span class='ocrx_word' id='word_1_126' title='bbox 1941 2834 2135 2898; x_wconf 88' lang='lat' dir='ltr'><strong>etiam</strong></span> <span class='ocrx_word' id='word_1_127' title='bbox 2205 2834 2448 2898; x_wconf 88' lang='lat' dir='ltr'><strong>infante</strong></span> <span class='ocrx_word' id='word_1_128' title='bbox 2493 2833 2683 2899; x_wconf 82' lang='lat' dir='ltr'><strong>morti</strong></span> 
     </span>
     <span class='ocr_line' id='line_1_16' title="bbox 276 2941 2682 3026; baseline 0.001 -21"><span class='ocrx_word' id='word_1_129' title='bbox 276 2960 426 3006; x_wconf 87' lang='lat' dir='ltr'><strong>eam</strong></span> <span class='ocrx_word' id='word_1_130' title='bbox 473 2941 907 3008; x_wconf 86' lang='lat' dir='ltr'><strong>succubuisse.</strong></span> <span class='ocrx_word' id='word_1_131' title='bbox 993 2943 1220 3025; x_wconf 87' lang='lat' dir='ltr'><strong>Neque</strong></span> <span class='ocrx_word' id='word_1_132' title='bbox 1276 2945 1492 3009; x_wconf 82' lang='lat' dir='ltr'><strong>fratris</strong></span> <span class='ocrx_word' id='word_1_133' title='bbox 1562 2949 1678 3008; x_wconf 87' lang='lat' dir='ltr'><strong>aut</strong></span> <span class='ocrx_word' id='word_1_134' title='bbox 1742 2944 1982 3007; x_wconf 87' lang='lat' dir='ltr'><strong>sororis</strong></span> <span class='ocrx_word' id='word_1_135' title='bbox 2045 2944 2367 3026; x_wconf 87' lang='lat' dir='ltr'><strong>reperitur</strong></span> <span class='ocrx_word' id='word_1_136' title='bbox 2429 2962 2682 3025; x_wconf 89' lang='lat' dir='ltr'><strong>nomen,</strong></span> 
     </span>
     <span class='ocr_line' id='line_1_17' title="bbox 277 3048 2684 3134; baseline -0 -19"><span class='ocrx_word' id='word_1_137' title='bbox 277 3058 350 3115; x_wconf 84' lang='lat' dir='ltr'><strong>ut</strong></span> <span class='ocrx_word' id='word_1_138' title='bbox 389 3070 558 3116; x_wconf 89' lang='lat' dir='ltr'><strong>unus</strong></span> <span class='ocrx_word' id='word_1_139' title='bbox 601 3057 944 3134; x_wconf 86' lang='lat' dir='ltr'><strong>parentum</strong></span> <span class='ocrx_word' id='word_1_140' title='bbox 980 3048 1150 3115; x_wconf 89' lang='lat' dir='ltr'><strong>filius</strong></span> <span class='ocrx_word' id='word_1_141' title='bbox 1195 3049 1400 3115; x_wconf 84' lang='lat' dir='ltr'><strong>fuisse</strong></span> <span class='ocrx_word' id='word_1_142' title='bbox 1441 3049 1756 3115; x_wconf 81' lang='lat' dir='ltr'><strong>videatur.</strong></span> <span class='ocrx_word' id='word_1_143' title='bbox 1844 3048 2061 3126; x_wconf 83' lang='lat' dir='ltr'><strong>Quare</strong></span> <span class='ocrx_word' id='word_1_144' title='bbox 2107 3055 2309 3131; x_wconf 88' lang='lat' dir='ltr'><strong>pater,</strong></span> <span class='ocrx_word' id='word_1_145' title='bbox 2356 3050 2471 3130; x_wconf 90' lang='lat' dir='ltr'><strong>qui</strong></span> <span class='ocrx_word' id='word_1_146' title='bbox 2515 3070 2684 3131; x_wconf 83' lang='lat' dir='ltr'><strong>„ma-</strong></span> 
     </span>
     <span class='ocr_line' id='line_1_18' title="bbox 277 3158 2684 3243; baseline -0 -19"><span class='ocrx_word' id='word_1_147' title='bbox 277 3180 391 3224; x_wconf 88' lang='lat' dir='ltr'><strong>cro</strong></span> <span class='ocrx_word' id='word_1_148' title='bbox 433 3180 686 3243; x_wconf 86' lang='lat' dir='ltr'><strong>pauper</strong></span> <span class='ocrx_word' id='word_1_149' title='bbox 727 3158 978 3243; x_wconf 87' lang='lat' dir='ltr'><strong>agello“</strong></span> <span class='ocrx_word' id='word_1_150' title='bbox 1021 3158 1178 3239; x_wconf 87' lang='lat' dir='ltr'><strong>(Sat.</strong></span> <span class='ocrx_word' id='word_1_151' title='bbox 1221 3158 1269 3233; x_wconf 84' lang='grc' dir='ltr'>Ι,</span> <span class='ocrx_word' id='word_1_152' title='bbox 1317 3160 1374 3232; x_wconf 91' lang='lat'><strong>6,</strong></span> <span class='ocrx_word' id='word_1_153' title='bbox 1421 3158 1520 3222; x_wconf 87' lang='grc'><strong>71.</strong></span> <span class='ocrx_word' id='word_1_154' title='bbox 1610 3158 1822 3224; x_wconf 86' lang='lat' dir='ltr'><strong>Oarm.</strong></span> <span class='ocrx_word' id='word_1_155' title='bbox 1887 3158 1971 3237; x_wconf 90' lang='grc' dir='ltr'>ΙΙ,</span> <span class='ocrx_word' id='word_1_156' title='bbox 2016 3160 2116 3233; x_wconf 90' lang='grc'><strong>20,</strong></span> <span class='ocrx_word' id='word_1_157' title='bbox 2162 3158 2249 3239; x_wconf 94' lang='lat'><strong>6.)</strong></span> <span class='ocrx_word' id='word_1_158' title='bbox 2309 3159 2613 3223; x_wconf 58' lang='lat' dir='ltr'><strong>coactor-is</strong></span> <span class='ocrx_word' id='word_1_159' title='bbox 2632 3158 2684 3236; x_wconf 60' lang='grc' dir='ltr'><strong>ι5)</strong></span> 
     </span>
     <span class='ocr_line' id='line_1_19' title="bbox 279 3264 2686 3352; baseline -0.001 -19"><span class='ocrx_word' id='word_1_160' title='bbox 279 3269 523 3352; x_wconf 87' lang='lat' dir='ltr'><strong>exiguo</strong></span> <span class='ocrx_word' id='word_1_161' title='bbox 565 3288 829 3335; x_wconf 89' lang='lat' dir='ltr'><strong>munere</strong></span> <span class='ocrx_word' id='word_1_162' title='bbox 873 3268 1280 3351; x_wconf 86' lang='lat' dir='ltr'><strong>fungebatur,</strong></span> <span class='ocrx_word' id='word_1_163' title='bbox 1348 3286 1491 3331; x_wconf 91' lang='lat' dir='ltr'><strong>cum</strong></span> <span class='ocrx_word' id='word_1_164' title='bbox 1537 3274 1778 3349; x_wconf 87' lang='lat' dir='ltr'><strong>quanto</strong></span> <span class='ocrx_word' id='word_1_165' title='bbox 1832 3266 2099 3347; x_wconf 89' lang='lat' dir='ltr'><strong>ingenio</strong></span> <span class='ocrx_word' id='word_1_166' title='bbox 2138 3264 2305 3331; x_wconf 88' lang='lat' dir='ltr'><strong>filius</strong></span> <span class='ocrx_word' id='word_1_167' title='bbox 2351 3266 2686 3349; x_wconf 87' lang='lat' dir='ltr'><strong>praeditus</strong></span> 
     </span>
     <span class='ocr_line' id='line_1_20' title="bbox 281 3374 2685 3459; baseline -0.001 -18"><span class='ocrx_word' id='word_1_168' title='bbox 281 3384 460 3442; x_wconf 87' lang='lat' dir='ltr'><strong>esset</strong></span> <span class='ocrx_word' id='word_1_169' title='bbox 504 3376 934 3443; x_wconf 85' lang='lat' dir='ltr'><strong>intellexisset</strong></span> <span class='ocrx_word' id='word_1_170' title='bbox 975 3392 1184 3457; x_wconf 89' lang='lat' dir='ltr'><strong>neque</strong></span> <span class='ocrx_word' id='word_1_171' title='bbox 1227 3374 1459 3439; x_wconf 90' lang='lat' dir='ltr'><strong>melius</strong></span> <span class='ocrx_word' id='word_1_172' title='bbox 1500 3394 1570 3439; x_wconf 93' lang='lat' dir='ltr'><strong>se</strong></span> <span class='ocrx_word' id='word_1_173' title='bbox 1615 3394 1815 3459; x_wconf 89' lang='lat' dir='ltr'><strong>puero</strong></span> <span class='ocrx_word' id='word_1_174' title='bbox 1861 3374 2299 3441; x_wconf 87' lang='lat' dir='ltr'><strong>consulturum</strong></span> <span class='ocrx_word' id='word_1_175' title='bbox 2349 3374 2685 3453; x_wconf 87' lang='lat' dir='ltr'><strong>iudicaret,</strong></span> 
     </span>
     <span class='ocr_line' id='line_1_21' title="bbox 279 3484 2688 3569; baseline -0.001 -17"><span class='ocrx_word' id='word_1_176' title='bbox 279 3506 482 3569; x_wconf 86' lang='lat' dir='ltr'><strong>quam</strong></span> <span class='ocrx_word' id='word_1_177' title='bbox 525 3486 584 3551; x_wconf 89' lang='lat' dir='ltr'><strong>si</strong></span> <span class='ocrx_word' id='word_1_178' title='bbox 628 3485 815 3551; x_wconf 88' lang='lat' dir='ltr'><strong>bonis</strong></span> <span class='ocrx_word' id='word_1_179' title='bbox 860 3486 1092 3551; x_wconf 86' lang='lat' dir='ltr'><strong>litteris</strong></span> <span class='ocrx_word' id='word_1_180' title='bbox 1137 3484 1562 3549; x_wconf 86' lang='lat' dir='ltr'><strong>erudiendum</strong></span> <span class='ocrx_word' id='word_1_181' title='bbox 1618 3485 1805 3551; x_wconf 81' lang='lat' dir='ltr'><strong>bonis</strong></span> <span class='ocrx_word' id='word_1_182' title='bbox 1849 3484 2177 3568; x_wconf 81' lang='lat' dir='ltr'><strong>magistris</strong></span> <span class='ocrx_word' id='word_1_183' title='bbox 2210 3504 2356 3550; x_wconf 91' lang='lat' dir='ltr'><strong>eum</strong></span> <span class='ocrx_word' id='word_1_184' title='bbox 2384 3484 2688 3566; x_wconf 85' lang='lat' dir='ltr'><strong>traderet,</strong></span> 
     </span>
     <span class='ocr_line' id='line_1_22' title="bbox 278 3592 2686 3678; baseline 0 -20"><span class='ocrx_word' id='word_1_185' title='bbox 278 3593 682 3660; x_wconf 77' lang='lat' dir='ltr'><strong>Venusinam</strong></span> <span class='ocrx_word' id='word_1_186' title='bbox 723 3593 946 3660; x_wconf 92' lang='lat' dir='ltr'><strong>ludum</strong></span> <span class='ocrx_word' id='word_1_187' title='bbox 991 3592 1414 3676; x_wconf 79' lang='lat' dir='ltr'><strong>Flaviumque</strong></span> <span class='ocrx_word' id='word_1_188' title='bbox 1459 3593 1856 3676; x_wconf 86' lang='lat' dir='ltr'><strong>magistrum,</strong></span> <span class='ocrx_word' id='word_1_189' title='bbox 1902 3612 2091 3675; x_wconf 89' lang='lat' dir='ltr'><strong>quem</strong></span> <span class='ocrx_word' id='word_1_190' title='bbox 2144 3594 2373 3677; x_wconf 88' lang='lat' dir='ltr'><strong>„pueri</strong></span> <span class='ocrx_word' id='word_1_191' title='bbox 2431 3594 2686 3678; x_wconf 87' lang='lat' dir='ltr'><strong>magnis</strong></span> 
     </span>
    </p>
   </div>
   <div class='ocr_carea' id='block_1_4' title="bbox 281 3845 2694 4201">
    <p class='ocr_par' dir='ltr' id='par_1_4' title="bbox 281 3845 2694 4061">
     <span class='ocr_line' id='line_1_23' title="bbox 359 3845 2689 3917; baseline -0 -16"><span class='ocrx_word' id='word_1_192' title='bbox 359 3849 418 3917; x_wconf 86' lang='lat'><strong>1)</strong></span> <span class='ocrx_word' id='word_1_193' title='bbox 458 3846 576 3901; x_wconf 79' lang='lat' dir='ltr'><strong>Sat.</strong></span> <span class='ocrx_word' id='word_1_194' title='bbox 611 3845 684 3911; x_wconf 84' lang='lat'><strong>11,</strong></span> <span class='ocrx_word' id='word_1_195' title='bbox 723 3849 775 3915; x_wconf 91' lang='lat'><strong>6,</strong></span> <span class='ocrx_word' id='word_1_196' title='bbox 813 3848 896 3901; x_wconf 82' lang='lat'><strong>37.</strong></span> <span class='ocrx_word' id='word_1_197' title='bbox 935 3846 1112 3901; x_wconf 86' lang='lat' dir='ltr'><strong>Carm.</strong></span> <span class='ocrx_word' id='word_1_198' title='bbox 1149 3846 1245 3914; x_wconf 88' lang='lat' dir='ltr'><strong>IV,</strong></span> <span class='ocrx_word' id='word_1_199' title='bbox 1272 3848 1323 3914; x_wconf 89' lang='lat'><strong>6,</strong></span> <span class='ocrx_word' id='word_1_200' title='bbox 1351 3848 1437 3899; x_wconf 78' lang='lat'><strong>44.</strong></span> <span class='ocrx_word' id='word_1_201' title='bbox 1538 3850 1639 3907; x_wconf 85' lang='lat' dir='ltr'><strong>est,</strong></span> <span class='ocrx_word' id='word_1_202' title='bbox 1670 3845 1805 3913; x_wconf 90' lang='lat' dir='ltr'><strong>quin</strong></span> <span class='ocrx_word' id='word_1_203' title='bbox 1826 3845 1977 3913; x_wconf 83' lang='lat' dir='ltr'><strong>patri</strong></span> <span class='ocrx_word' id='word_1_204' title='bbox 1999 3845 2111 3899; x_wconf 86' lang='lat' dir='ltr'><strong>iam</strong></span> <span class='ocrx_word' id='word_1_205' title='bbox 2140 3862 2253 3899; x_wconf 93' lang='lat' dir='ltr'><strong>non</strong></span> <span class='ocrx_word' id='word_1_206' title='bbox 2272 3863 2431 3900; x_wconf 84' lang='lat' dir='ltr'><strong>servo</strong></span> <span class='ocrx_word' id='word_1_207' title='bbox 2456 3845 2555 3900; x_wconf 85' lang='lat' dir='ltr'><strong>sed</strong></span> <span class='ocrx_word' id='word_1_208' title='bbox 2574 3864 2689 3901; x_wconf 85' lang='lat' dir='ltr'><strong>ma·</strong></span> 
     </span>
     <span class='ocr_line' id='line_1_24' title="bbox 281 3916 2694 3990; baseline -0.002 -15"><span class='ocrx_word' id='word_1_209' title='bbox 281 3920 472 3990; x_wconf 84' lang='lat' dir='ltr'><strong>Epist.</strong></span> <span class='ocrx_word' id='word_1_210' title='bbox 499 3920 548 3987; x_wconf 89' lang='grc' dir='ltr'>Ι,</span> <span class='ocrx_word' id='word_1_211' title='bbox 583 3922 666 3986; x_wconf 81' lang='lat'><strong>14,</strong></span> <span class='ocrx_word' id='word_1_212' title='bbox 691 3919 743 3973; x_wconf 87' lang='lat'><strong>5.</strong></span> <span class='ocrx_word' id='word_1_213' title='bbox 779 3918 893 3973; x_wconf 85' lang='lat' dir='ltr'><strong>Sat.</strong></span> <span class='ocrx_word' id='word_1_214' title='bbox 931 3918 1004 3987; x_wconf 89' lang='lat'><strong>11,</strong></span> <span class='ocrx_word' id='word_1_215' title='bbox 1045 3919 1092 3979; x_wconf 90' lang='grc'>1,</span> <span class='ocrx_word' id='word_1_216' title='bbox 1133 3920 1214 3973; x_wconf 88' lang='grc'><strong>18.</strong></span> <span class='ocrx_word' id='word_1_217' title='bbox 1257 3917 1438 3987; x_wconf 87' lang='lat' dir='ltr'><strong>Epod.</strong></span> <span class='ocrx_word' id='word_1_218' title='bbox 1537 3918 1783 3971; x_wconf 86' lang='lat' dir='ltr'><strong>numisso</strong></span> <span class='ocrx_word' id='word_1_219' title='bbox 1802 3920 1966 3969; x_wconf 86' lang='lat' dir='ltr'><strong>natus</strong></span> <span class='ocrx_word' id='word_1_220' title='bbox 1992 3916 2082 3970; x_wconf 86' lang='lat' dir='ltr'><strong>sit.</strong></span> <span class='ocrx_word' id='word_1_221' title='bbox 2121 3917 2283 3972; x_wconf 86' lang='lat' dir='ltr'><strong>Unde</strong></span> <span class='ocrx_word' id='word_1_222' title='bbox 2297 3918 2449 3986; x_wconf 82' lang='lat' dir='ltr'><strong>patri</strong></span> <span class='ocrx_word' id='word_1_223' title='bbox 2465 3917 2694 3972; x_wconf 77' lang='lat' dir='ltr'><strong>Horatii</strong></span> 
     </span>
     <span class='ocr_line' id='line_1_25' title="bbox 285 3988 2689 4061; baseline -0.001 -16"><span class='ocrx_word' id='word_1_224' title='bbox 285 3996 378 4061; x_wconf 83' lang='lat'><strong>15,</strong></span> <span class='ocrx_word' id='word_1_225' title='bbox 421 3992 503 4044; x_wconf 82' lang='lat'><strong>12.</strong></span> <span class='ocrx_word' id='word_1_226' title='bbox 1539 4005 1741 4042; x_wconf 84' lang='lat' dir='ltr'><strong>nomen</strong></span> <span class='ocrx_word' id='word_1_227' title='bbox 1765 3988 2007 4041; x_wconf 87' lang='lat' dir='ltr'><strong>inditum</strong></span> <span class='ocrx_word' id='word_1_228' title='bbox 2026 3988 2117 4055; x_wconf 87' lang='lat' dir='ltr'><strong>sit,</strong></span> <span class='ocrx_word' id='word_1_229' title='bbox 2140 3989 2415 4043; x_wconf 86' lang='lat' dir='ltr'><strong>incertum</strong></span> <span class='ocrx_word' id='word_1_230' title='bbox 2434 3993 2547 4056; x_wconf 81' lang='lat' dir='ltr'><strong>est3</strong></span> <span class='ocrx_word' id='word_1_231' title='bbox 2578 3988 2689 4043; x_wconf 79' lang='lat' dir='ltr'><strong>for-</strong></span> 
     </span>
    </p>

    <p class='ocr_par' dir='ltr' id='par_1_5' title="bbox 283 4059 2694 4201">
     <span class='ocr_line' id='line_1_26' title="bbox 359 4059 2691 4131; baseline -0.001 -16"><span class='ocrx_word' id='word_1_232' title='bbox 359 4064 420 4131; x_wconf 87' lang='lat'><strong>2)</strong></span> <span class='ocrx_word' id='word_1_233' title='bbox 459 4061 574 4117; x_wconf 84' lang='lat' dir='ltr'><strong>Sat.</strong></span> <span class='ocrx_word' id='word_1_234' title='bbox 603 4061 678 4129; x_wconf 93' lang='lat'><strong>11,</strong></span> <span class='ocrx_word' id='word_1_235' title='bbox 719 4063 768 4128; x_wconf 88' lang='lat'><strong>1,</strong></span> <span class='ocrx_word' id='word_1_236' title='bbox 804 4064 888 4115; x_wconf 83' lang='lat'><strong>34.</strong></span> <span class='ocrx_word' id='word_1_237' title='bbox 929 4063 1012 4116; x_wconf 79' lang='lat'><strong>35.</strong></span> <span class='ocrx_word' id='word_1_238' title='bbox 1053 4060 1236 4115; x_wconf 87' lang='lat' dir='ltr'><strong>Carm.</strong></span> <span class='ocrx_word' id='word_1_239' title='bbox 1263 4059 1363 4127; x_wconf 87' lang='lat'><strong>111,</strong></span> <span class='ocrx_word' id='word_1_240' title='bbox 1387 4060 1441 4127; x_wconf 80' lang='lat'><strong>4,</strong></span> <span class='ocrx_word' id='word_1_241' title='bbox 1538 4065 1688 4114; x_wconf 85' lang='lat' dir='ltr'><strong>tasse</strong></span> <span class='ocrx_word' id='word_1_242' title='bbox 1723 4064 1955 4128; x_wconf 86' lang='lat' dir='ltr'><strong>propter</strong></span> <span class='ocrx_word' id='word_1_243' title='bbox 1992 4060 2204 4114; x_wconf 87' lang='lat' dir='ltr'><strong>tribum</strong></span> <span class='ocrx_word' id='word_1_244' title='bbox 2245 4061 2561 4128; x_wconf 77' lang='lat' dir='ltr'><strong>Horatium,</strong></span> <span class='ocrx_word' id='word_1_245' title='bbox 2601 4060 2691 4114; x_wconf 89' lang='lat' dir='ltr'><strong>cui</strong></span> 
     </span>
     <span class='ocr_line' id='line_1_27' title="bbox 283 4130 2694 4201; baseline -0.001 -12"><span class='ocrx_word' id='word_1_246' title='bbox 283 4136 484 4189; x_wconf 82' lang='lat'><strong>9-18.</strong></span> <span class='ocrx_word' id='word_1_247' title='bbox 533 4132 625 4200; x_wconf 83' lang='lat' dir='ltr'><strong>lv,</strong></span> <span class='ocrx_word' id='word_1_248' title='bbox 664 4133 715 4197; x_wconf 82' lang='lat'><strong>9,</strong></span> <span class='ocrx_word' id='word_1_249' title='bbox 753 4135 804 4187; x_wconf 87' lang='lat'><strong>2.</strong></span> <span class='ocrx_word' id='word_1_250' title='bbox 846 4132 948 4201; x_wconf 91' lang='lat'><strong>111,</strong></span> <span class='ocrx_word' id='word_1_251' title='bbox 985 4135 1073 4200; x_wconf 81' lang='lat'><strong>30,</strong></span> <span class='ocrx_word' id='word_1_252' title='bbox 1113 4134 1195 4187; x_wconf 89' lang='lat'><strong>10.</strong></span> <span class='ocrx_word' id='word_1_253' title='bbox 1244 4130 1356 4186; x_wconf 89' lang='lat' dir='ltr'><strong>Sat.</strong></span> <span class='ocrx_word' id='word_1_254' title='bbox 1394 4131 1440 4198; x_wconf 95' lang='grc' dir='ltr'>Ι,</span> <span class='ocrx_word' id='word_1_255' title='bbox 1539 4149 1729 4185; x_wconf 89' lang='lat' dir='ltr'><strong>omnes</strong></span> <span class='ocrx_word' id='word_1_256' title='bbox 1754 4130 2019 4185; x_wconf 86' lang='lat' dir='ltr'><strong>Venusini</strong></span> <span class='ocrx_word' id='word_1_257' title='bbox 2057 4136 2219 4185; x_wconf 84' lang='lat' dir='ltr'><strong>erant</strong></span> <span class='ocrx_word' id='word_1_258' title='bbox 2260 4132 2557 4201; x_wconf 82' lang='lat' dir='ltr'><strong>adscripti3</strong></span> <span class='ocrx_word' id='word_1_259' title='bbox 2595 4137 2694 4186; x_wconf 84' lang='lat' dir='ltr'><strong>aut</strong></span> 
     </span>
    </p>
   </div>
   <div class='ocr_carea' id='block_1_5' title="bbox 287 4203 2693 4419">
    <p class='ocr_par' dir='ltr' id='par_1_6' title="bbox 287 4203 2693 4419">
     <span class='ocr_line' id='line_1_28' title="bbox 289 4203 2309 4271; baseline -0.001 -11"><span class='ocrx_word' id='word_1_260' title='bbox 289 4208 374 4271; x_wconf 86' lang='lat'><strong>10,</strong></span> <span class='ocrx_word' id='word_1_261' title='bbox 415 4208 502 4259; x_wconf 84' lang='lat'><strong>30.</strong></span> <span class='ocrx_word' id='word_1_262' title='bbox 1541 4222 1575 4257; x_wconf 86' lang='lat' dir='ltr'><strong>a</strong></span> <span class='ocrx_word' id='word_1_263' title='bbox 1610 4203 1837 4256; x_wconf 87' lang='lat' dir='ltr'><strong>domino</strong></span> <span class='ocrx_word' id='word_1_264' title='bbox 1876 4219 2079 4257; x_wconf 88' lang='lat' dir='ltr'><strong>nomen</strong></span> <span class='ocrx_word' id='word_1_265' title='bbox 2114 4204 2309 4257; x_wconf 83' lang='lat' dir='ltr'><strong>traxit.</strong></span> 
     </span>
     <span class='ocr_line' id='line_1_29' title="bbox 359 4273 2693 4346; baseline -0.002 -15"><span class='ocrx_word' id='word_1_266' title='bbox 359 4278 420 4346; x_wconf 79' lang='lat'><strong>3)</strong></span> <span class='ocrx_word' id='word_1_267' title='bbox 459 4276 640 4331; x_wconf 85' lang='lat' dir='ltr'><strong>Carm.</strong></span> <span class='ocrx_word' id='word_1_268' title='bbox 680 4274 776 4335; x_wconf 88' lang='lat'><strong>111.</strong></span> <span class='ocrx_word' id='word_1_269' title='bbox 811 4276 900 4337; x_wconf 88' lang='lat'><strong>21,</strong></span> <span class='ocrx_word' id='word_1_270' title='bbox 941 4279 986 4329; x_wconf 90' lang='grc'><strong>1.</strong></span> <span class='ocrx_word' id='word_1_271' title='bbox 1044 4274 1226 4344; x_wconf 84' lang='lat' dir='ltr'><strong>Epod.</strong></span> <span class='ocrx_word' id='word_1_272' title='bbox 1271 4276 1353 4342; x_wconf 80' lang='lat'><strong>13,</strong></span> <span class='ocrx_word' id='word_1_273' title='bbox 1391 4275 1438 4327; x_wconf 93' lang='grc'><strong>6.</strong></span> <span class='ocrx_word' id='word_1_274' title='bbox 1615 4276 1670 4341; x_wconf 78' lang='lat'><strong>5)</strong></span> <span class='ocrx_word' id='word_1_275' title='bbox 1728 4273 1841 4328; x_wconf 85' lang='lat' dir='ltr'><strong>Sat.</strong></span> <span class='ocrx_word' id='word_1_276' title='bbox 1891 4274 1935 4337; x_wconf 87' lang='grc' dir='ltr'>Ι,</span> <span class='ocrx_word' id='word_1_277' title='bbox 1985 4274 2037 4335; x_wconf 86' lang='grc'>6,</span> <span class='ocrx_word' id='word_1_278' title='bbox 2100 4276 2183 4328; x_wconf 86' lang='grc'><strong>86.</strong></span> <span class='ocrx_word' id='word_1_279' title='bbox 2258 4273 2537 4329; x_wconf 74' lang='lat' dir='ltr'><strong>coactores</strong></span> <span class='ocrx_word' id='word_1_280' title='bbox 2589 4291 2693 4343; x_wconf 88' lang='lat' dir='ltr'><strong>pro</strong></span> 
     </span>
     <span class='ocr_line' id='line_1_30' title="bbox 287 4345 2693 4419; baseline -0.002 -16"><span class='ocrx_word' id='word_1_281' title='bbox 287 4349 472 4419; x_wconf 85' lang='lat' dir='ltr'><strong>Epist.</strong></span> <span class='ocrx_word' id='word_1_282' title='bbox 511 4348 557 4415; x_wconf 90' lang='lat'><strong>1,</strong></span> <span class='ocrx_word' id='word_1_283' title='bbox 593 4349 681 4414; x_wconf 87' lang='grc'>20,</span> <span class='ocrx_word' id='word_1_284' title='bbox 717 4348 808 4400; x_wconf 84' lang='grc'><strong>27.</strong></span> <span class='ocrx_word' id='word_1_285' title='bbox 1541 4346 1973 4415; x_wconf 84' lang='lat' dir='ltr'><strong>publicanorum</strong></span> <span class='ocrx_word' id='word_1_286' title='bbox 2022 4345 2381 4401; x_wconf 82' lang='lat' dir='ltr'><strong>societatibus</strong></span> <span class='ocrx_word' id='word_1_287' title='bbox 2431 4346 2693 4415; x_wconf 87' lang='lat' dir='ltr'><strong>pecunias</strong></span> 
     </span>
    </p>
   </div>
   <div class='ocr_carea' id='block_1_6' title="bbox 286 4416 2694 4633">
    <p class='ocr_par' dir='ltr' id='par_1_7' title="bbox 286 4416 2694 4633">
     <span class='ocr_line' id='line_1_31' title="bbox 359 4416 2694 4488; baseline -0.001 -15"><span class='ocrx_word' id='word_1_288' title='bbox 359 4421 418 4488; x_wconf 79' lang='lat'><strong>4)</strong></span> <span class='ocrx_word' id='word_1_289' title='bbox 457 4418 571 4475; x_wconf 84' lang='lat' dir='ltr'><strong>Sat.</strong></span> <span class='ocrx_word' id='word_1_290' title='bbox 603 4420 646 4479; x_wconf 86' lang='lat'><strong>1.</strong></span> <span class='ocrx_word' id='word_1_291' title='bbox 678 4421 731 4486; x_wconf 92' lang='lat'><strong>6,</strong></span> <span class='ocrx_word' id='word_1_292' title='bbox 757 4420 809 4471; x_wconf 91' lang='lat'><strong>6.</strong></span> <span class='ocrx_word' id='word_1_293' title='bbox 836 4418 922 4471; x_wconf 84' lang='lat'><strong>45.</strong></span> <span class='ocrx_word' id='word_1_294' title='bbox 957 4418 1134 4486; x_wconf 85' lang='lat' dir='ltr'><strong>Epist.</strong></span> <span class='ocrx_word' id='word_1_295' title='bbox 1172 4416 1218 4484; x_wconf 95' lang='lat' dir='ltr'><strong>I,</strong></span> <span class='ocrx_word' id='word_1_296' title='bbox 1244 4418 1333 4485; x_wconf 86' lang='lat'><strong>20,</strong></span> <span class='ocrx_word' id='word_1_297' title='bbox 1356 4418 1444 4470; x_wconf 87' lang='grc'><strong>20.</strong></span> <span class='ocrx_word' id='word_1_298' title='bbox 1543 4418 1865 4488; x_wconf 81' lang='lat' dir='ltr'><strong>exigebant3</strong></span> <span class='ocrx_word' id='word_1_299' title='bbox 1894 4417 2342 4486; x_wconf 81' lang='lat' dir='ltr'><strong>argentariorum</strong></span> <span class='ocrx_word' id='word_1_300' title='bbox 2364 4418 2535 4473; x_wconf 87' lang='lat' dir='ltr'><strong>etiam</strong></span> <span class='ocrx_word' id='word_1_301' title='bbox 2554 4434 2694 4470; x_wconf 87' lang='lat' dir='ltr'><strong>mer-</strong></span> 
     </span>
     <span class='ocr_line' id='line_1_32' title="bbox 286 4488 2011 4561; baseline -0.002 -15"><span class='ocrx_word' id='word_1_302' title='bbox 286 4491 558 4547; x_wconf 80' lang='lat' dir='ltr'><strong>Horatius</strong></span> <span class='ocrx_word' id='word_1_303' title='bbox 580 4496 753 4561; x_wconf 85' lang='lat' dir='ltr'><strong>poeta</strong></span> <span class='ocrx_word' id='word_1_304' title='bbox 775 4507 902 4544; x_wconf 88' lang='lat' dir='ltr'><strong>cum</strong></span> <span class='ocrx_word' id='word_1_305' title='bbox 925 4507 984 4543; x_wconf 87' lang='lat' dir='ltr'><strong>se</strong></span> <span class='ocrx_word' id='word_1_306' title='bbox 1007 4490 1128 4557; x_wconf 86' lang='lat' dir='ltr'><strong>ipse</strong></span> <span class='ocrx_word' id='word_1_307' title='bbox 1150 4489 1446 4557; x_wconf 72' lang='lat' dir='ltr'><strong>inqenuum</strong></span> <span class='ocrx_word' id='word_1_308' title='bbox 1545 4488 1793 4543; x_wconf 86' lang='lat' dir='ltr'><strong>cennarii</strong></span> <span class='ocrx_word' id='word_1_309' title='bbox 1835 4494 2011 4543; x_wconf 86' lang='lat' dir='ltr'><strong>erant.</strong></span> 
     </span>
     <span class='ocr_line' id='line_1_33' title="bbox 288 4558 1446 4633; baseline -0.006 -15"><span class='ocrx_word' id='word_1_310' title='bbox 288 4562 432 4631; x_wconf 85' lang='lat' dir='ltr'><strong>(Sat.</strong></span> <span class='ocrx_word' id='word_1_311' title='bbox 452 4562 498 4633; x_wconf 92' lang='lat'><strong>1,</strong></span> <span class='ocrx_word' id='word_1_312' title='bbox 518 4564 570 4631; x_wconf 81' lang='lat'><strong>6,</strong></span> <span class='ocrx_word' id='word_1_313' title='bbox 593 4562 652 4633; x_wconf 88' lang='grc'><strong>8)</strong></span> <span class='ocrx_word' id='word_1_314' title='bbox 671 4561 1062 4632; x_wconf 80' lang='lat' dir='ltr'><strong>appellaverit,</strong></span> <span class='ocrx_word' id='word_1_315' title='bbox 1081 4558 1314 4615; x_wconf 88' lang='lat' dir='ltr'><strong>dubium</strong></span> <span class='ocrx_word' id='word_1_316' title='bbox 1332 4577 1446 4613; x_wconf 88' lang='lat' dir='ltr'><strong>non</strong></span> 
     </span>
    </p>
   </div>
   <div class='ocr_carea' id='block_1_7' title="bbox 387 4658 2293 4731">
    <p class='ocr_par' dir='ltr' id='par_1_8' title="bbox 387 4658 2293 4731">
     <span class='ocr_line' id='line_1_34' title="bbox 387 4658 2293 4731; baseline -0.004 -6"><span class='ocrx_word' id='word_1_317' title='bbox 387 4684 611 4727; x_wconf 69' lang='lat' dir='ltr'><strong>nonnus</strong></span> <span class='ocrx_word' id='word_1_318' title='bbox 639 4684 712 4725; x_wconf 81' lang='lat' dir='ltr'><strong>ed.</strong></span> <span class='ocrx_word' id='word_1_319' title='bbox 739 4680 1074 4731; x_wconf 76' lang='lat' dir='ltr'><strong>nmenburger</strong></span> <span class='ocrx_word' id='word_1_320' title='bbox 1102 4682 1176 4723; x_wconf 80' lang='lat' dir='ltr'><strong>ed.</strong></span> <span class='ocrx_word' id='word_1_321' title='bbox 1205 4681 1308 4723; x_wconf 75' lang='lat' dir='ltr'><strong>Vn.</strong></span> <span class='ocrx_word' id='word_1_322' title='bbox 2272 4658 2293 4707; x_wconf 81' lang='grc' dir='ltr'>Ῑ</span> 
     </span>
    </p>
   </div>
  </div>
 </body>
</html>
