3092 5059
869 536 1122 621 Index
1184 540 1614 619 metrorum
1682 534 2311 621 Horatianorum.

1497 736 1697 745 -———-.

399 847 450 911 Ι.
535 846 752 913 Metra
794 848 1095 915 iambica.-

482 956 548 1038 a)
587 954 980 1038 μονόστιχον
1020 977 1070 1023 8.
1117 952 1279 1021 κατὰ
1320 956 1573 1039 στίχονε

697 1092 914 1148 ῧιζυ-,
957 1065 1182 1147 ἱῖἔῷυ-’
1227 1096 1438 1131 ῧΔνΜ

565 1173 770 1259 Epod.
820 1174 918 1239 17.

482 1283 551 1361 b)
592 1280 979 1371 δίστροφονε

695 1420 910 1471 vau„
953 1395 1175 1479 vlssvq
1219 1421 1418 1458 0:2⁹2

928 1531 1131 1566 0·va

695 1530 888 1567 vssu-

2112 1070 2293 1130 Trim.
2337 1069 2512 1130 iamb.
2558 1074 2713 1128 acat.

2114 1399 2294 1459 Trim.
2336 1396 2512 1459 iamb.
2555 1402 2712 1457 acat.

1980 1508 2241 1569 Dimeter
2282 1509 2458 1567 iamb.
2504 1506 2713 1566 acatal.

564 1612 770 1698 Epod.
821 1615 1045 1678 1—10.
1121 1614 1306 1680 Arsis
1348 1612 1456 1679 hic
1500 1612 1641 1679 illic
1682 1613 1910 1696 soluta,
1953 1621 2050 1678 ter
2093 1613 2297 1698 Epod.
2344 1612 2442 1691 17,
2494 1611 2598 1694 123
2642 1630 2804 1675 ana-

566 1726 827 1805 paestus
879 1722 1204 1789 admissus
1267 1722 1336 1787 in
1391 1722 1603 1806 prima
1668 1729 1731 1786 et
1783 1721 2183 1806 paenultima
2233 1720 2416 1800 sede,
2483 1719 2584 1786 bis
2649 1740 2800 1786 cum

565 1830 888 1897 secundae
951 1829 1120 1897 arsis
1187 1831 1504 1897 solutione
1572 1829 1777 1914 Epod.
1844 1832 1913 1913 2,
1978 1830 2089 1911 35,
2154 1829 2283 1897 nisi
2346 1830 2415 1895 in
2480 1824 2800 1912 „laqueo“

571 1939 968 2025 synaloephe
1039 1940 1385 2007 statuenda
1459 1945 1577 2005 est.

1684 1940 1761 2004 In
1833 1938 2091 2005 dimetri
2166 1938 2440 2022 dipodia
2510 1935 2801 2005 secunda

563 2050 874 2115 Horatius
913 2050 1112 2115 arsim
1168 2050 1447 2117 solutam
1501 2068 1834 2133 nunquam
1897 2048 2177 2114 admisit.
2264 2048 2553 2114 Dimeter
2596 2046 2799 2114 semel

563 2159 632 2224 in
693 2159 975 2227 secundo
1027 2156 1406 2244 tribrachyn·
1445 2158 1651 2243 Epod.
1697 2160 1754 2243 2,
1804 2160 1886 2224 62
1932 2158 2156 2235 habet3
2208 2158 2428 2223 hiatus
2473 2157 2799 2222 invenitur

562 2268 771 2353 Epod.
815 2270 876 2351 5,
924 2270 1043 2335 100
1059 2272 1137 2349 *).

465 2486 513 2555 *)
552 2488 636 2543 De
679 2488 896 2559 legibus
921 2489 980 2543 in
1011 2491 1406 2559 componendis
1441 2493 1542 2546 tri·

397 2560 592 2614 metris
632 2578 666 2614 a
709 2561 944 2631 tragicis
985 2561 1326 2617 Graecorum
1361 2564 1543 2633 poetis

395 2629 706 2685 observatis
755 2632 982 2687 Person.
1045 2634 1118 2688 ad
1165 2634 1362 2704 Eur-ip.
1410 2634 1541 2691 Hec.

394 2702 569 2771 praef.
608 2721 662 2772 p.
699 2703 805 2757 VI:
865 2702 1142 2773 „Tantum
1183 2707 1332 2760 enim
1367 2706 1542 2775 abest,

396 2779 462 2829 ut
479 2779 812 2843 anapaestus
832 2793 936 2845 pro
957 2776 1198 2831 secundo
1219 2783 1318 2831 aut
1339 2783 1542 2845 quarto

393 2845 536 2915 pede
572 2851 833 2915 ponatur,
873 2851 937 2900 ut
972 2865 1043 2901 ne
1078 2864 1184 2917 pro
1213 2850 1384 2903 tertio
1423 2850 1541 2917 qui·

395 2918 523 2972 dem
579 2924 678 2971 aut
723 2920 921 2987 quinto
977 2918 1244 2974 substitui
1300 2921 1538 2989 possit;“

394 3006 449 3058 p.
486 2988 644 3043 XIX:
705 2988 964 3061 „Tragici
1019 2996 1246 3061 praeter
1295 2992 1542 3047 iambum

394 3065 452 3116 et
486 3060 833 3131 tribrachyn,
859 3080 998 3132 quos
1035 3080 1159 3118 cum
1195 3063 1426 3133 paribus
1464 3065 1542 3119 lo·

394 3132 474 3188 cis
525 3150 842 3188 communes
887 3134 1188 3203 habebant,
1235 3134 1542 3204 spondeum

396 3204 568 3259 etiam
593 3204 650 3257 in
669 3206 873 3275 prim0,
897 3206 1068 3260 tertio
1091 3210 1149 3261 et
1167 3207 1366 3275 quinto
1384 3224 1540 3260 usur-

392 3275 621 3345 pabant.
693 3276 896 3332 Postea
952 3278 1100 3333 hunc
1136 3278 1444 3347 spondeum
1481 3279 1542 3333 in

393 3348 579 3417 primo
652 3347 800 3413 1000,
881 3354 1052 3417 prout
1132 3366 1220 3405 res
1293 3349 1538 3415 ferebat,

395 3419 486 3474 vel
555 3419 615 3473 in
684 3419 967 3489 dactylum
1026 3420 1118 3475 vel
1189 3421 1248 3475 in
1303 3438 1540 3491 anapae-

395 3495 540 3545 stum
579 3490 951 3561 dissecabant,
976 3492 1036 3546 in
1071 3492 1242 3547 tertio
1269 3492 1390 3547 loco
1417 3498 1539 3547 tan·

393 3565 516 3615 tum
553 3562 612 3615 in
649 3562 951 3633 dactylum,
977 3564 1035 3617 in
1063 3565 1260 3633 quinto
1281 3582 1460 3633 neque
1481 3565 1540 3619 in

395 3638 756 3701 anapaestum
817 3652 996 3703 neque
1063 3636 1124 3690 in
1192 3636 1536 3705 dactylum;“

393 3722 448 3773 p.
498 3704 672 3758 XXX.
755 3706 998 3777 „Nempe
1069 3706 1216 3762 hanc
1287 3710 1538 3779 regulam

392 3776 723 3846 plerumque
774 3778 834 3831 in
889 3779 1121 3835 senariis
1167 3779 1540 3834 observabant

392 3848 615 3919 tragici,
662 3853 744 3917 ut,
789 3851 836 3903 si
873 3867 1024 3919 voce,
1075 3868 1216 3919 quae
1260 3851 1538 3905 Creticum

393 3920 590 3990 pedem
645 3920 908 3984 efficeret,
961 3922 1360 3976 terminaretur
1413 3940 1537 3977 ver-

394 4008 505 4059 sus,
541 4010 774 4061 eamque
809 4009 1004 4047 vocem
1027 3992 1536 4063 hypermonosylla·

395 4064 506 4117 bon
550 4064 925 4133 praecederet,
975 4066 1202 4134 quintus
1257 4083 1354 4134 pes
1401 4066 1536 4121 iam·

391 4134 496 4189 bus
556 4135 648 4189 vel
699 4136 1017 4206 tribrachys
1075 4154 1192 4193 esse
1255 4136 1534 4193 deberet.“

393 4205 473 4259 De
509 4205 614 4260 hac
649 4208 820 4261 tertia
865 4208 988 4279 lege
1040 4209 1182 4264 adde
1219 4226 1360 4278 quae
1399 4207 1536 4263 Mei-

393 4276 584 4331 nekius
620 4278 813 4334 docuit
891 4279 1028 4335 raef.
1066 4280 1140 4335 ad
1178 4280 1312 4335 edit.
1338 4280 1535 4334 Horat.

393 4366 447 4419 p.
461 4348 773 4406 XXXVIII:
799 4394 824 4421 ,‚
883 4352 1212 4406 stendiolim
1229 4352 1288 4405 in
1311 4351 1534 4421 Fragm.

395 4420 546 4475 Com.
595 4440 679 4492 gr.
725 4424 832 4478 vol.
881 4423 976 4479 IV.
1013 4440 1080 4493 ·p.
1121 4426 1225 4477 713
1281 4422 1535 4477 Archilo-

393 4493 559 4548 chum
579 4499 902 4564 ceterosque
918 4494 1349 4565 iambographos
1371 4493 1538 4549 Grae-

1645 2508 1837 2546 corum
1876 2508 2065 2545 omnes
2099 2490 2158 2543 in
2194 2486 2505 2559 pangendis
2539 2486 2791 2543 iambicis

1644 2563 2055 2631 trochaicisque
2076 2560 2331 2616 versibus
2356 2558 2590 2615 eandem
2612 2558 2792 2629 legem

1644 2639 1862 2689 secutos
1908 2651 2025 2689 esse
2062 2651 2229 2702 quam
2280 2649 2313 2685 a
2354 2630 2587 2701 tragicis
2625 2630 2789 2686 Grae-

1645 2706 1723 2760 cis
1764 2711 2085 2760 constanter
2121 2705 2477 2760 observatam
2522 2719 2641 2757 esse
2679 2703 2789 2771 pri-

1643 2795 1765 2831 mus
1788 2777 2075 2831 intellexit
2093 2776 2387 2831 Porsonus.
2425 2773 2588 2829 Hanc
2612 2773 2789 2845 legem

1645 2848 1912 2903 Horatius
1959 2848 2097 2902 adeo
2146 2865 2259 2901 non
2299 2846 2499 2910 tenuit,
2558 2850 2622 2900 ut
2672 2863 2789 2899 eam

1646 2921 1705 2975 in
1752 2920 2028 2974 trimetris
2076 2918 2330 2975 iambicis
2378 2918 2565 2986 vicies,
2615 2917 2673 2971 in
2709 2916 2787 2971 di·

1642 2992 1839 3047 metris
1908 2997 2099 3045 autem
2165 2991 2290 3060 plus
2361 2989 2611 3059 sexagies
2678 3006 2788 3043 non

1644 3064 2039 3118 observaverit.
2132 3062 2241 3117 Sed
2302 3060 2647 3116 excusandus
2708 3066 2787 3115 est

1646 3140 1945 3205 propterea
1994 3134 2143 3205 quod
2194 3134 2402 3188 latinus
2451 3148 2631 3187 sermo
2676 3150 2782 3187 non

1644 3212 1849 3276 aequat
1866 3224 2129 3277 graecum
2146 3222 2378 3259 numero
2393 3204 2784 3259 vocabulorum

1641 3278 2061 3347 formarumque
2114 3278 2175 3331 in
2234 3278 2462 3332 brevem
2520 3276 2781 3344 syllabam

1642 3351 2015 3405 exeuntium.“
2092 3350 2176 3403 De
2239 3366 2350 3417 qua
2405 3365 2468 3403 re
2528 3364 2782 3417 compara

1643 3421 1776 3475 Hor.
1808 3421 1915 3491 Ep.
1952 3423 2112 3490 1,27.
2148 3420 2198 3483 2,
2242 3420 2323 3475 13.
2362 3420 2448 3473 23.
2486 3419 2570 3473 33.
2612 3421 2695 3473 47.
2732 3422 2777 3487 3,

1642 3494 1694 3546 9.
1733 3496 1817 3547 13.
1854 3496 1908 3560 4,
1948 3495 2031 3547 13.
2072 3496 2122 3559 5,
2156 3495 2232 3546 17.
2278 3494 2357 3545 19.
2397 3492 2480 3545 93.
2520 3492 2572 3558 8,
2616 3493 2694 3544 15.
2731 3492 2777 3555 9,

1643 3566 1726 3618 27.
1765 3566 1850 3618 29.
1895 3567 1979 3633 10,
2021 3565 2068 3618 7.
2105 3566 2193 3617 21.
2234 3566 2316 3631 11,
2354 3564 2400 3615 3.
2440 3564 2527 3615 27.
2564 3590 2634 3601 -—

1714 3636 1799 3690 De
1834 3636 2121 3705 anapaesti
2159 3653 2262 3689 usu
2308 3635 2368 3687 in
2412 3634 2610 3703 quinto
2648 3634 2779 3703 pede

1642 3707 1949 3762 Meinekius
1986 3708 2020 3760 l.
2061 3707 2096 3761 1.
2133 3724 2188 3775 p.
2228 3706 2384 3759 XXI:
2434 3708 2777 3774 „Anapaesto

1642 3781 1703 3833 in
1766 3779 1871 3835 hac
1933 3779 2181 3833 trimetri
2239 3782 2401 3847 parte
2456 3794 2617 3831 usum
2672 3794 2779 3832 esse

1641 3850 1940 3905 Horatium
2012 3850 2244 3904 difficile
2317 3848 2388 3903 ad
2451 3846 2775 3903 credendum

1642 3927 1742 3977 est.
1801 3921 2038 3992 Legitur
2077 3922 2301 3991 quidem
2338 3921 2399 3973 in
2434 3920 2612 3989 Epod.
2642 3924 2691 3990 5,
2714 3921 2775 3975 79

1642 3999 1700 4047 et
1740 3996 1822 4061 11,
1846 3994 1933 4046 23.
2007 3992 2113 4047 Sed
2160 3994 2219 4047 in
2257 3992 2342 4045 his
2380 3992 2677 4046 videndum
2714 4010 2775 4046 ne

1640 4066 1833 4119 littera
1878 4066 1897 4117 i
1943 4082 2217 4120 consonae
2251 4064 2367 4117 vim
2410 4064 2633 4119 habeat.
2700 4066 2774 4118 Ac

1640 4136 1875 4190 fortasse
1923 4136 2095 4191 etiam
2147 4138 2207 4190 in
2250 4136 2442 4205 laqueo
2491 4134 2692 4205 (Epod.
2726 4138 2770 4201 2,

1639 4206 1733 4275 35)
1770 4208 2107 4277 synaloephe
2131 4209 2315 4263 locum
2351 4206 2538 4273 habet,
2575 4225 2684 4262 non
2717 4212 2772 4261 ut

1640 4278 1917 4333 eximatur
1951 4280 2161 4335 vocalis
2198 4297 2239 4345 e,
2285 4278 2381 4333 sed
2428 4282 2493 4332 ut
2531 4280 2769 4334 obscure·

1638 4355 1734 4404 tur
1770 4354 1991 4405 tantum
2029 4352 2089 4405 in
2135 4350 2575 4421 pronuntiand0,
2615 4356 2676 4405 ut
2712 4349 2769 4403 fit

1638 4423 1699 4475 in
1750 4421 2075 4489 Rometheo,
2120 4438 2302 4491 aureo,
2358 4422 2523 4484 alveo,
2572 4422 2769 4476 multis·

1640 4510 1751 4562 que
1789 4494 1963 4549 aliis.“
