3092 5059
882 912 972 1021 Q.
1045 914 1489 1003 HORA'PII
1550 914 1935 1003 FLAccl

645 1096 736 1205 O
837 1100 948 1205 A
1037 1097 1148 1206 R
1241 1096 1376 1204 M
1466 1097 1532 1205 I
1614 1098 1739 1209 N
1828 1098 1939 1206 U
2036 1100 2175 1207 M

1014 1298 1270 1365 LIBER
1311 1297 1789 1367 SECUNDUS.

1293 1484 1495 1497 *—

1144 1608 1526 1695 CARMEN
1588 1611 1653 1694 I.

595 1774 877 1851 Motum
932 1802 1024 1851 ex
1078 1774 1390 1851 Metello
1445 1774 1757 1851 consule
1810 1776 2133 1851 civicum

595 1899 949 2000 Bellique
1002 1926 1266 1977 causas
1321 1912 1394 1977 et
1441 1902 1629 1977 vitia
1676 1913 1753 1976 et
1802 1898 2075 1975 modos

696 2025 1160 2124 Ludumque
1202 2025 1562 2102 fortunae
1616 2050 2044 2125 gravesque

798 2150 1245 2250 Principum
1299 2151 1673 2225 amicitias
1725 2163 1800 2225 et
1842 2176 2058 2225 arma

535 2335 562 2375 ιι
597 2300 959 2377 Nondum
1017 2302 1336 2402 expiatis
1385 2314 1614 2378 uncta
1665 2304 2091 2398 cruoribus,

584 2499 865 2555 Carmen
899 2500 943 2554 Ι.

272 2570 329 2625 G.
382 2570 612 2625 Asinius
670 2571 852 2626 Pollio
906 2571 1036 2641 (679
1054 2572 1234 2625 -758
1290 2589 1342 2626 a.

221 2657 258 2695 u.
277 2641 349 2712 c.)
363 2643 580 2713 magnis
605 2642 822 2713 ingenii
851 2644 1134 2711 animique
1163 2644 1342 2697 virtu·

221 2712 352 2767 tibus
373 2714 679 2769 instructus
705 2714 968 2769 civilibus
998 2714 1163 2770 bellis
1187 2732 1346 2785 egre·

220 2784 356 2852 giam
386 2786 492 2839 sibi
522 2786 660 2839 belli
689 2788 952 2855 pacisque
985 2786 1226 2857 gloriam
1249 2804 1344 2857 pa-

219 2856 368 2911 ravit.
403 2857 546 2911 Nam
583 2874 712 2912 eum
747 2874 796 2911 a.
836 2860 868 2911 7
877 2860 942 2910 14
979 2858 1172 2912 consul
1199 2862 1344 2913 esset

219 2931 432 2992 meatus,
479 2946 677 2998 pacem
733 2930 882 2983 inter
933 2930 1241 2983 Antonium
1287 2934 1346 2984 et

218 2996 566 3054 Octavianum
582 3000 979 3054 Brundisinam
999 3000 1341 3065 conciliavit,

217 3074 274 3122 et
304 3070 605 3141 insequenti
645 3089 791 3126 anno
839 3072 1000 3126 victis
1037 3071 1343 3140 Parthinis‚

219 3139 424 3209 Illyrica
454 3148 643 3214 gente,
691 3143 1036 3212 triumphum
1077 3144 1342 3213 impetra-

221 3212 310 3265 vit.
353 3214 566 3273 Deinde
601 3214 752 3270 bello
790 3215 1066 3269 abstinuit
1101 3232 1346 3269 omnem·

225 3300 316 3351 que
348 3286 568 3341 laudem
609 3288 668 3339 in
707 3286 914 3340 litteris
949 3286 1222 3355 bonisque
1260 3304 1344 3341 ar-

226 3355 353 3410 tibus
389 3358 681 3427 quaesivit.
754 3358 873 3412 Iam
911 3358 1232 3425 eloquentia
1269 3358 1345 3413 ci-

224 3427 363 3481 vibus
399 3428 600 3497 adfuit,
639 3429 890 3483 civilium
915 3446 1105 3483 rerum
1139 3430 1347 3500 peritia

227 3506 452 3555 senatum
499 3501 737 3566 adiuvit,
784 3500 1094 3571 tragoediis
1141 3502 1347 3555 amicos

225 3568 519 3626 delectavit.
557 3572 780 3627 Primus
813 3571 1028 3627 Romae
1063 3572 1348 3641 publicam

226 3640 602 3699 bibliothecam
639 3649 696 3698 et
731 3644 1068 3713 scriptorum
1093 3644 1346 3713 privatas

225 3714 556 3770 recitationes
593 3720 898 3784 mutuaque
933 3715 1241 3769 amicorum
1265 3715 1346 3769 iu-

227 3782 354 3839 dicia
387 3786 648 3841 instituit.
694 3787 812 3841 Iam
837 3786 1039 3841 scimus
1065 3787 1350 3856 scripsisse

226 3856 459 3911 Asinium
505 3857 801 3913 Historias
845 3858 914 3911 de
961 3857 1124 3911 bellis
1173 3858 1349 3913 civili-

225 3924 336 3993 bus;
390 3934 526 3998 quot
572 3928 752 3995 libris,
809 3929 1118 3999 ignoratur,
1177 3946 1348 3997 quan-

227 4014 372 4066 quam
405 4006 522 4055 tres
546 4006 700 4055 certe
726 4000 906 4056 editos
931 4018 1049 4055 esse
1073 4000 1350 4071 intellegi-

221 4072 304 4123 tur
351 4089 416 4125 ex
461 4070 651 4126 Valer.
689 4070 840 4126 Max.
877 4071 1030 4139 VIII,
1073 4074 1136 4125 13
1190 4072 1349 4140 „Asi-

223 4142 332 4195 nius
351 4142 529 4197 Pollio
553 4144 612 4197 in
641 4144 812 4197 tertio
833 4142 1213 4198 Historiarum
1228 4162 1348 4199 sua-

224 4228 334 4267 rum
373 4214 570 4269 libro.“
644 4214 842 4269 Suidas
891 4233 934 4269 s.
972 4232 1022 4269 v.
1079 4218 1354 4287 „temptas

227 4282 488 4353 ρωμααὰς
535 4288 822 4346 συνέταξεν
866 4286 928 4340 ἐν
961 4288 1190 4354 βιβλίοις
1231 4282 1351 4351 ιζ’.“

229 4352 290 4407 cf.
310 4354 490 4413 Senec.
516 4357 779 4413 Controv.
807 4357 883 4411 IV
919 4357 1094 4427 praef.
1135 4358 1347 4427 „Pollio

233 4426 438 4483 Asinius
461 4430 674 4500 primus
699 4430 950 4484 omnium
971 4428 1352 4485 Romanorum

231 4496 497 4555 advocatis
513 4500 834 4555 hominibus
847 4500 1056 4570 scripta
1088 4519 1188 4556 sua
1214 4503 1352 4557 reci·

231 4570 408 4624 tavit.'‘
479 4570 570 4628 Sic
623 4572 893 4628 Horatius
949 4590 1170 4643 quoque
1214 4574 1354 4628 reci·

319 4690 529 4735 nonum
559 4696 634 4736 ed.
662 4692 998 4743 Dfflenburger
1022 4693 1095 4735 ed.
1124 4694 1219 4734 Vn.

1444 2504 1659 2555 tantem
1698 2500 1917 2555 audisse
1958 2500 2181 2555 videtur
2218 2518 2285 2555 ac
2328 2516 2489 2555 suum
2536 2504 2595 2554 et

1443 2572 1514 2626 de
1560 2590 1729 2641 opere
1765 2577 1823 2627 et
1872 2572 1943 2627 de
1992 2573 2114 2627 viro
2162 2572 2435 2626 iudicium
2484 2571 2593 2625 hoc

1446 2645 1692 2698 carmine
1715 2644 1981 2712 prodidit.
2011 2674 2077 2683 —-
2102 2642 2233 2698 Veri
2248 2643 2596 2697 simillimum

1445 2715 1689 2783 videtur,
1727 2732 1954 2770 carmen
1990 2716 2262 2785 scriptum
2297 2732 2432 2783 esse,
2468 2731 2596 2769 cum

1445 2786 1595 2841 bella
1633 2788 1944 2856 composita
1994 2788 2238 2856 quidem,
2288 2786 2382 2840 sed
2420 2786 2592 2841 animi

1445 2858 1695 2912 nondum
1714 2858 2063 2913 reconciliati
2082 2862 2263 2913 essent
2273 2876 2323 2912 a.
2337 2876 2389 2911 u.
2402 2875 2447 2913 c.
2472 2858 2597 2911 ⁷25.

1517 2928 1583 2984 V.
1628 2933 1671 2983 l.
1709 2928 1953 2999 Metello]
1991 2929 2054 2998 Q.
2090 2930 2328 2985 Caecilio
2367 2929 2597 2984 Metello

1447 2999 1635 3055 Celere
1662 3000 1723 3055 L.
1757 3001 1994 3055 Afranio
2033 3001 2180 3056 Coss.
2218 3020 2267 3056 a.
2306 3019 2358 3056 u.
2389 3019 2435 3055 c.
2473 3002 2595 3054 694.

1450 3102 1516 3111 --
1543 3072 1785 3143 civt‘cum]
1812 3074 2097 3142 antiquior
2122 3072 2306 3128 forma
2330 3071 2597 3127 adiectivi

1447 3149 1505 3198 et
1539 3161 1717 3213 prope
1752 3144 2013 3199 nobilior.
2052 3144 2121 3199 cf.
2164 3144 2342 3198 Carm.
2377 3144 2476 3205 111,
2510 3145 2596 3210 24,

1448 3217 1534 3269 26.
1573 3214 1755 3284 Epist.
1795 3216 1839 3283 1,
1878 3218 1927 3281 3,
1965 3218 2055 3271 23.
2096 3246 2160 3255 —
2199 3214 2442 3284 bellique]
2490 3214 2595 3268 Vv.

1451 3286 1589 3339 1—8
1628 3286 2017 3357 significantur
2054 3287 2298 3357 origines
2323 3286 2597 3341 rationes-

1449 3376 1557 3427 que
1585 3358 1861 3413 bellorum
1887 3358 2163 3424 civilium;
2188 3358 2469 3427 particula
2494 3373 2597 3425 que

1449 3428 1675 3499 triplice
1712 3434 1825 3484 tres
1860 3428 2182 3485 efficiuntur
2205 3434 2415 3500 partes,
2451 3446 2596 3497 quae

1448 3502 1603 3571 ipsae
1659 3501 2135 3557 intercedentibus
2192 3506 2243 3556 et
2302 3500 2599 3570 particulis

1449 3576 1657 3627 iterum
1692 3573 2039 3627 dividuntur.
2116 3572 2261 3627 Nam
2306 3573 2598 3643 genetivus

1447 3644 1572 3699 belli
1604 3661 1715 3698 non
1752 3644 1825 3698 ad
1864 3662 2053 3699 causas
2103 3644 2283 3715 magis
2321 3662 2489 3713 qua-m
2525 3642 2600 3698 ad

1448 3716 1593 3770 vitia
1654 3720 1711 3769 et
1756 3715 1942 3770 modos
1998 3715 2323 3771 referendus
2381 3720 2483 3781 est,
2534 3718 2602 3770 ut

1453 3787 1665 3841 bellum
1712 3787 1857 3841 unde
1894 3791 2081 3842 ortum
2128 3788 2219 3847 sit,
2258 3786 2394 3855 quid
2430 3787 2505 3841 sit
2540 3786 2601 3841 in

1453 3876 1517 3913 eo
1576 3863 1882 3927 peccatum,
1939 3864 2000 3913 et
2054 3858 2331 3927 quomodo
2378 3862 2599 3928 gestum

1453 3947 1619 3984 versu
1658 3930 1901 3987 secundo
1939 3930 2247 3985 indicatum
2281 3928 2599 3983 habeamus.

1453 4001 1689 4056 Accedit
1726 4000 1886 4055 ludus
1923 4001 2223 4069 haume,
2275 4017 2385 4069 quo
2421 3999 2597 4054 homi-

1451 4090 1549 4127 nes
1597 4073 1877 4127 iactantur
1892 4113 1907 4139 ‚
1952 4090 2132 4142 neque
2190 4077 2320 4127 sunt
2366 4071 2599 4126 minoris

1455 4144 1725 4198 momenti
1766 4144 2085 4215 principum
2131 4142 2422 4210 amicitiae,
2456 4160 2600 4211 quae

1452 4232 1575 4270 rem
1598 4215 1885 4285 publicam
1910 4234 2080 4285 quam
2104 4216 2298 4271 iuvare
2322 4215 2601 4271 debebant

1454 4286 1759 4342 turbarunt
1801 4286 2039 4356 ideoque
2085 4304 2275 4357 graves
2320 4288 2601 4356 appellan-

1452 4362 1564 4412 tur.
1606 4388 1671 4398 -
1708 4359 1891 4427 arma]
1936 4358 2090 4414 Haec
2172 4376 2355 4427 uoque
2392 4358 2601 4427 princi·

1452 4448 1589 4501 pum
1624 4435 1772 4498 sunt,
1818 4431 1901 4485 ita
1946 4435 2012 4483 ut
2046 4430 2137 4484 foe
2179 4447 2274 4484 era
2314 4447 2506 4484 eorum
2545 4434 2601 4484 et

1455 4520 1613 4557 arma
1652 4518 1829 4571 aeque
1865 4502 2180 4571 perniciosa
2217 4500 2387 4555 fuisse
2412 4500 2599 4555 dican-

1453 4578 1564 4627 tur.
1624 4602 1689 4613 —-
1746 4571 2050 4641 cruoribus]
2108 4572 2254 4641 plur.
2318 4590 2469 4625 num.
2530 4572 2599 4626 de

2170 4672 2205 4721 8
