3092 5059
347 219 472 284 266

1319 220 1780 288 ΟΑΒΜΙΝΠΜ

739 408 1126 485 Donarem
1179 408 1546 510 tripodem,
1602 411 1945 506 praemia
1988 413 2304 489 fortium

746 532 1184 628 Graiorum,
1238 557 1497 631 neque
1542 545 1626 608 tu
1678 535 2013 633 pessima
2061 560 2469 612 munerum

687 689 714 730 s
748 657 1024 734 Ferres
1077 657 1315 733 divite
1361 684 1487 734 me
1537 657 1825 736 seilicet
1876 659 2175 757 artium,

750 782 960 875 Quas
1012 795 1146 858 aut
1194 783 1643 860 Parrhasius
1698 784 2020 883 protulit
2068 797 2201 861 aut
2250 785 2563 885 Scopas,

742 905 897 982 Hie
949 932 1152 1002 saxo,
1207 906 1524 1007 liquidis
1576 906 1711 985 ille
1768 908 2156 986 coloribus

748 1031 1036 1109 Sollers
1089 1059 1292 1108 nune
1341 1033 1732 1110 hominem
1790 1060 2081 1132 ponere
2129 1060 2332 1111 nuno
2386 1034 2639 1112 deum.

743 1155 896 1234 Sed
954 1183 1107 1232 non
1163 1159 1352 1234 haee
1404 1159 1595 1234 mihi
1646 1161 1784 1254 vis,
1840 1187 1993 1236 non
2047 1161 2192 1237 tibi
2242 1160 2513 1237 talium

663 1313 712 1352 ιο
746 1284 894 1358 Res
949 1298 1065 1360 est
1113 1298 1248 1359 aut
1297 1285 1596 1361 animus
1652 1285 2101 1362 deliciarum
2156 1311 2412 1384 egens.

744 1405 1057 1484 Gaudes
1109 1409 1611 1506 carminibus3
1668 1412 2009 1486 earmina
2059 1436 2467 1508 possumus

741 1532 1048 1608 Donare
1096 1545 1174 1608 et
1217 1535 1546 1632 pretium
1601 1533 1861 1611 dicere
1914 1535 2237 1611 muneri.

739 1657 914 1732 Non
967 1658 1207 1733 incisa
1257 1659 1458 1735 notis
1513 1685 1899 1736 marmora
1950 1659 2301 1760 publicis,

743 1781 893 1858 Per
946 1808 1144 1882 quae
1196 1784 1510 1882 spiritus
1564 1798 1641 1858 et
1684 1785 1845 1859 vita
1894 1784 2100 1860 redit
2142 1785 2365 1861 bonis

657 1941 706 1982 ιι
743 1907 930 1985 Post
977 1921 1300 1984 mortem
1357 1908 1706 2006 ducibus,
1762 1936 1918 1985 non
1971 1908 2257 1986 celeres
2304 1911 2539 2007 fugae

739 2033 1245 2132 Reiectaeque
1291 2047 1713 2109 retrorsum
1764 2033 2228 2111 Hannibalis
2277 2033 2553 2126 minae,

738 2158 912 2234 Non
967 2158 1323 2235 incendia
1371 2157 1882 2258 Karthaginis
1936 2160 2218 2258 impiae

336 2451 510 2560 εει

395 2523 494 2559 ιιι
601 2545 616 2559 .
703 2522 862 2559 ιιι.
985 2545 1001 2574 ,
1079 2547 1092 2570 ,
1181 2522 1490 2574 :,‚sr1s

335 2575 578 2631 Romani
621 2576 798 2631 festae
846 2593 1049 2631 venere
1099 2577 1386 2632 Kalendae
1423 2617 1434 2630 .
1477 2618 1489 2631 .

334 2647 414 2702 Et
448 2665 596 2718 vaga
643 2664 794 2703 nune
829 2654 984 2703 certa
1031 2649 1356 2704 discurrunt
1391 2667 1490 2702 un-

335 2718 505 2788 dique
541 2736 748 2788 pompa
772 2719 990 2789 Perque
1020 2720 1140 2774 viss
1179 2721 1334 2775 urbis
1371 2737 1490 2774 mu-

335 2807 473 2845 nera
519 2808 732 2861 perque
769 2791 1016 2846 domos.“
1059 2822 1124 2832 —-
1164 2791 1488 2861 commodus]

333 2878 462 2916 cum
677 2879 758 2916 em
807 2863 1068 2934 coniungi
1116 2863 1320 2919 debere
1367 2881 1487 2918 ver-

335 2950 428 2988 sus
463 2935 611 2988 ratio
649 2934 830 3002 docet,
868 2952 980 2989 non
1027 2952 1152 2989 cum
1189 2935 1489 2990 sodalibus.

336 3004 408 3059 ef.
427 3004 610 3074 Epist.
639 3007 686 3073 Ι,
714 3007 767 3074 9,
792 3008 842 3061 9.
879 3007 954 3074 11,
979 3007 1024 3072 1,
1046 3009 1150 3061 227
1171 3011 1230 3061 et
1249 3006 1488 3076 Epist-1,

340 3078 428 3143 18,
449 3079 534 3132 75.
553 3107 619 3117 -
641 3077 796 3148 aera]
816 3095 969 3146 vass,
988 3078 1268 3147 imprimis
1297 3079 1489 3132 Corin-

335 3147 472 3203 thia.
499 3148 572 3203 ef.
599 3149 714 3204 Sat.
743 3149 815 3216 11,
840 3153 893 3214 3,
916 3149 1002 3202 21.
1039 3149 1221 3219 Epist.
1249 3149 1294 3216 1,
1321 3149 1373 3216 6,
1397 3153 1484 3216 17.

337 3249 403 3259 -
443 3219 717 3290 tripodas]
757 3220 827 3275 ef.
855 3220 1017 3275 Hom.
1045 3221 1114 3274 11.
1140 3221 1343 3286 XXIII,
1363 3223 1484 3275 513.

335 3291 434 3356 IX,
476 3295 593 3344 122.
632 3291 798 3362 Verg.
836 3295 974 3346 Aen.
1014 3291 1112 3354 ῙΧ,
1147 3295 1256 3346 264
1275 3311 1395 3362 sqq.
1422 3323 1484 3332 -·-

332 3363 529 3432 ferros]
579 3365 878 3433 aoeiperes,
929 3368 996 3417 ut
1042 3363 1222 3418 Csrm.
1259 3364 1359 3427 111,
1405 3365 1488 3432 16,

333 3435 419 3489 22.
482 3434 596 3489 Sat.
639 3435 712 3502 ΙΙ,
752 3437 799 3495 1.
843 3436 926 3488 12.
985 3434 1168 3505 Epist.
1205 3435 1276 3501 11,
1313 3437 1362 3500 2,
1405 3439 1487 3489 14.

335 3504 444 3573 Qui
478 3505 638 3560 verbi
677 3523 809 3560 usus
842 3506 992 3561 unde
1027 3507 1104 3560 sit
1139 3513 1367 3562 exortus
1407 3507 1486 3562 vi·

335 3576 492 3630 debis
529 3595 596 3631 ex
635 3578 802 3648 Verg.
839 3581 980 3633 Aen.
1021 3577 1090 3646 V,
1129 3580 1250 3632 248.
1289 3608 1358 3619 —
1396 3595 1485 3633 m·-

333 3647 493 3717 tium]
532 3666 764 3718 operum
799 3649 1036 3704 adfabre
1085 3649 1382 3716 factorum,
1419 3655 1488 3704 ιιι.

333 3718 515 3788 Epist.
553 3721 596 3788 Ι,
633 3721 686 3787 6,
723 3723 804 3777 17.
878 3721 958 3776 Ve
1031 3761 1044 3774 .
1081 3722 1220 3776 Aen.
1257 3721 1324 3790 V,
1363 3723 1488 3776 359.

335 3789 420 3844 De
463 3792 724 3860 genetivo
775 3792 965 3846 eonfer
1047 3793 1179 3862 pist.
1217 3793 1289 3861 ΙΙ,
1327 3793 1378 3859 2,
1415 3795 1482 3848 31

332 3865 392 3916 et
449 3863 590 3918 illud
659 3863 1046 3935 Vergilianum
1117 3864 1276 3919 dives*
1325 3879 1486 3933 opum

331 3933 558 4004 (Georg.
597 3934 670 4003 11,
709 3935 833 3990 468.
869 3938 1008 3990 Aen.
1045 3935 1090 4002 Ι,
1135 3938 1215 3989 14.
1267 3935 1340 4001 ΙΙ,
1374 3937 1486 4006 22).

331 4031 404 4045 —-
431 4005 790 4076 Pan-hosius]
833 4007 1018 4076 pictor
1055 4007 1260 4074 clarus,
1299 4007 1484 4076 Ephe-

333 4077 465 4145 sius,
504 4076 724 4148 Olymp.
761 4081 847 4132 98.
901 4107 966 4118 —-
1017 4077 1239 4147 Scopas]
1275 4083 1484 4133 status·

331 4165 455 4202 rum
511 4147 692 4214 fictor,
756 4148 970 4211 Parius,
1025 4149 1246 4218 Olymp.
1290 4151 1382 4204 87.
1417 4179 1482 4191 -

332 4219 521 4274 sollers
573 4219 798 4290 ponere]
856 4219 1096 4291 fingere,
1169 4221 1353 4276 facere
1413 4241 1486 4274 τι·

333 4294 515 4374 θένω,
564 4291 880 4346 darstellen.
953 4292 1024 4346 ef.
1077 4295 1143 4346 A.
1183 4291 1244 4346 P.
1288 4295 1374 4348 34.
1415 4323 1478 4332 -

332 4363 606 4487 32231331
635 4363 1485 4505 {impliessffissssffiuffenffniiiss

337 4531 404 4542 --
425 4504 661 4574 muneri]
687 4505 957 4560 Detivum
975 4505 1240 4576 genetivo
1265 4507 1484 4590 eleg-sn·

333 4573 538 4630 tiorem
574 4580 808 4632 tuentur
841 4577 1217 4647 antiquissimi
1241 4577 1486 4647 oodioes3

1593 2433 1814 2488 dicendi
1837 2433 2071 2488 verbum
2088 2433 2411 2504 graviorem
2440 2433 2746 2501 statuendi,

1592 2505 1839 2576 ponendi
1887 2505 2175 2560 notionem
2210 2504 2443 2575 aceepit.
2519 2503 2590 2561 of.
2628 2503 2747 2560 Sat.

1590 2576 1664 2645 H,
1703 2579 1752 2640 3,
1790 2579 1879 2630 23.
1953 2576 2068 2632 Ioci
2116 2579 2303 2631 sutem
2336 2575 2480 2630 nihil
2514 2577 2577 2630 in
2610 2576 2667 2631 h.
2704 2577 2742 2631 l.

1592 2649 1760 2717 inest3
1800 2666 1873 2702 sn
1910 2653 1974 2702 tu
2010 2651 2196 2718 putas,
2228 2647 2529 2703 Horatium
2560 2648 2745 2718 ipsum

1590 2720 1826 2774 iocando
1872 2721 2121 2789 potuisse
2170 2719 2485 2790 deprimere
2542 2721 2743 2775 carmi-

1590 2809 1724 2846 num
1774 2792 2021 2860 pretium
2070 2796 2128 2847 et
2169 2791 2525 2862 dignitatem.
2572 2809 2743 2860 quam

1589 2881 1723 2918 vere
1778 2879 1845 2918 ao
1914 2864 2127 2918 sineere
2190 2864 2385 2917 statim
2446 2863 2745 2918 additurus

1590 2936 1714 2989 esss‘?
1749 2933 2097 3004 Ingeniosius
2135 2951 2305 3004 quam
2349 2935 2537 2990 verius
2574 2934 2741 2990 Ferd.

1592 3005 1905 3060 Schultzius
1942 3006 2001 3060 in
2038 3006 2145 3062 hoo
2180 3023 2347 3060 versu
2383 3006 2529 3060 hane
2562 3006 2745 3062 inesse

1590 3077 1773 3132 voluit
1796 3077 2157 3132 sententiam:
2196 3094 2329 3132 sers
2352 3078 2460 3132 tibi
2494 3079 2745 3148 pretiosa

1590 3149 1726 3204 dare
1749 3166 1863 3203 non
1891 3167 2135 3218 possum,
2160 3148 2258 3203 sed
2290 3150 2596 3218 pretiosam
2620 3167 2743 3206 rem

1590 3221 1769 3276 dicere
1803 3238 2029 3290 possum
2053 3221 2090 3274 i.
2110 3238 2155 3275 e.
2180 3221 2489 3291 pretiosum
2516 3239 2742 3276 carmen

1589 3291 1697 3346 tibi
1742 3309 1941 3346 canere
1984 3310 2227 3362 possum.
2298 3292 2389 3346 lta
2432 3297 2602 3361 poeta
2652 3293 2743 3348 bis

1588 3363 1739 3418 idem
1776 3363 2004 3420 dioeret.

1660 3435 1725 3488 V.
1768 3438 1846 3490 13.
1898 3434 2046 3502 Quid
2084 3435 2190 3490 hoo
2226 3439 2283 3489 et
2319 3434 2740 3506 insequentibus

1591 3506 1843 3561 versibus
1877 3511 2047 3576 poeta.
2086 3506 2273 3562 dioere
2308 3507 2571 3576 volueris,
2604 3507 2739 3562 satis

1586 3578 1945 3633 manifestum
1972 3583 2075 3645 est,
2102 3579 2371 3633 nimirum
2399 3579 2635 3646 pretium
2656 3577 2739 3632 di·

1586 3665 1702 3704 cere
1736 3651 1963 3706 muna-i.
2036 3649 2197 3717 „Non
2238 3654 2617 3718 monuments,
2653 3649 2736 3706 in·

1588 3722 1731 3789 quit,
1792 3721 1971 3776 titulis
2031 3721 2256 3790 publice
2316 3721 2607 3790 inscripta,
2667 3738 2740 3776 ne

1587 3792 1743 3862 ipsse
1813 3793 2037 3862 quidem
2104 3809 2341 3864 magnae
2400 3809 2491 3848 res
2548 3797 2741 3863 gestae

1588 3863 1875 3918 hominum
1920 3869 2176 3932 maneum
2231 3865 2500 3934 temporis
2542 3881 2739 3934 perpe·

1586 3941 1687 3990 tuo
1724 3941 1882 3991 motu
1920 3936 2189 4006 quiequid
2224 3935 2367 3990 bene
2403 3936 2617 3990 factum
2654 3941 2743 3990 est

1586 4007 1885 4062 oblivionis
1924 4007 2167 4079 ealigine
2202 4007 2477 4076 paulatim
2510 4005 2741 4062 obduci·

1586 4083 1698 4132 tur.
1739 4077 1923 4147 Quare
1960 4078 2101 4134 nihil
2132 4078 2204 4133 ad
2279 4083 2492 4132 osteros
2530 4079 2739 4133 certius

1584 4152 1846 4220 pervenit
1867 4167 2035 4220 quam
2062 4149 2213 4219 quod
2271 4166 2405 4203 xum
2425 4147 2734 4204 firmatum-

1586 4239 1693 4291 que
1731 4227 1815 4277 est
1859 4227 2156 4292 poetarum
2190 4221 2433 4276 aeternis
2477 4220 2736 4276 carmini·

1586 4293 1744 4347 bus.“
1818 4293 1926 4348 Sed
1988 4299 2055 4348 ut
2112 4298 2312 4363 poetae
2373 4292 2582 4358 solent,
2644 4310 2735 4348 ex-

1586 4365 1784 4507 ffikff
1814 4369 2135 4492 mma
2170 4361 2735 4490 ..ῗὲηἷέωιίἶᾘᾶέιῗ

1586 4505 1901 4576 Scipionem
1939 4507 2269 4562 Africanum
2308 4507 2597 4568 maiorem,
2640 4506 2733 4560 de-

1585 4578 1717 4633 inde
1751 4577 2009 4635 incendia
2042 4577 2419 4649 Karthaia&
2460 4577 2735 4634 minorem
