3092 5059
1094 243 1255 310 LIB.
1302 243 1352 309 I.
1399 243 1668 310 EPIST.
1711 243 1823 310 VI.

2540 239 2662 306 521

373 427 565 522 „Qui
583 453 893 527 possum
908 428 1102 506 tot?“
1116 430 1253 528 ait3
1272 444 1566 521 „tamen
1585 443 1661 506 et
1675 455 2039 529 quaeram
2061 442 2135 504 et
2155 440 2344 528 quot
2358 427 2662 504 habebo

368 553 672 630 Mittam
698 553 757 628 :“
804 568 978 652 post
1026 555 1259 652 paulo
1312 555 1601 650 scribit,
1655 556 1802 631 sibi
1854 555 2068 630 milia
2118 554 2460 653 quinque

370 679 553 754 Esse
608 678 819 755 domi
867 681 1399 780 chlamydum3
1454 693 1752 776 partem
1811 680 1928 756 vel
1981 678 2286 756 tolleret
2340 703 2629 753 omnes.

266 835 321 874 ω
372 803 607 878 Exilis
659 804 931 881 domus
984 821 1119 902 est,
1173 807 1309 882 ubi
1358 832 1513 883 non
1567 820 1644 881 et
1693 805 1934 882 multa
1985 816 2394 902 supersunt

370 930 469 1004 Et
519 929 919 1006 dominum
970 931 1254 1008 fallunt
1305 945 1382 1008 et
1431 945 1758 1029 prosunt
1801 932 2123 1007 furibus.

2229 929 2436 1026 Ergo

373 1053 453 1131 Si
500 1080 623 1130 res
674 1055 839 1130 sola
890 1069 1145 1155 potest
1196 1057 1447 1134 facere
1502 1070 1577 1133 et
1627 1080 1937 1132 servare
1993 1055 2330 1150 beatum,

373 1177 551 1255 Hoc
602 1181 895 1276 primus
950 1195 1249 1280 repetas
1304 1205 1518 1281 opus,
1574 1181 1722 1257 hoc
1770 1195 2201 1278 postremus
2256 1178 2584 1254 omittas.

376 1303 461 1380 Si
512 1305 982 1382 fortunatum
1036 1306 1332 1406 species
1385 1319 1459 1383 et
1512 1307 1764 1404 gratia
1813 1317 2170 1404 praestat,

269 1462 323 1500 ω
372 1432 809 1507 Mercemur
860 1457 1185 1527 servum,
1243 1432 1375 1530 qui
1422 1431 1653 1507 dictet
1697 1430 2034 1526 nomina,
2081 1429 2384 1506 laevum

373 1555 526 1649 Qui
576 1556 872 1632 fodicet
920 1555 1117 1630 latus
1172 1570 1245 1633 et
1298 1570 1528 1654 cogat
1578 1569 1786 1632 trans
1839 1555 2188 1656 pondera
2239 1553 2593 1630 dextram

270 1805 441 1873 τηγοῦ
491 1804 563 1859 δέ
599 1821 735 1858 ποτε
782 1805 1251 1889 φιλοτιμουμένου
1296 1807 1427 1872 περὶ

270 1880 411 1935 θέας
444 1879 536 1929 καὶ
574 1877 731 1946 χορῷ
765 1894 870 1930 τινι
918 1891 1141 1964 xocpoy
1175 1877 1425 1945 αἰτουμέ-

270 1965 369 2001 νου
414 1947 737 2034 πορφυρᾶς
744 1941 1036 2019 χλαμύδας
1067 1943 1423 2032 ἀπεκρίνατο,

275 2013 647 2108 σκεψάμενος,
702 2011 773 2075 ἂν
814 2021 946 2104 ἔχῃ,
1002 2015 1236 2074 δώσειν·
1310 2017 1424 2071 stra

268 2091 409 2162 μέθ’
451 2095 671 2162 ημέραν
716 2085 998 2161 ἠρώτησεν
1049 2085 1233 2155 αἰπόν,
1288 2083 1423 2144 ὁπό-

273 2177 393 2215 cm
438 2163 650 2217 δέοιτο·
696 2165 793 2216 τοῦ
834 2162 886 2215 δ’
928 2159 1127 2216 ἑκατὸν
1170 2159 1426 2245 ἀρκέσειν

273 2227 557 2304 φήσαντος
594 2235 843 2289 ἐκέλευσε
891 2235 1077 2319 λαθεῖν
1112 2235 1197 2292 δὶς
1230 2228 1423 2287 τοσαύ-

270 2323 383 2364 τας.
461 2309 580 2365 Εἰς
614 2327 646 2360 ο
694 2311 802 2359 καὶ
837 2310 1143 2365 Φλαιτιτος
1174 2303 1205 2358 ὁ
1246 2323 1424 2370 ποιη·

270 2373 389 2443 τὴς
450 2371 1004 2464 ἐπιπεφώνηκεν,
1067 2397 1147 2438 ως
1202 2396 1275 2431 ου
1328 2393 1423 2431 νο-

272 2451 475 2533 μίζει
518 2450 837 2516 πλοῦτον,
884 2469 955 2503 ου
998 2447 1091 2521 μὴ
1148 2446 1225 2501 τὰ
1272 2467 1422 2518 παρ-

268 2539 477 2592 ορωμ
509 2537 641 2575 ενα
723 2525 851 2574 καὶ
935 2517 1423 2576 λανθάνοντα

268 2593 617 2646 πλείονα
697 2593 841 2645 τῶν
904 2597 1426 2664 φαινομένων

265 2663 496 2718 ἐστι’*
544 2691 609 2702 -
663 2663 843 2728 facere
898 2669 949 2718 et
993 2664 1229 2735 ser-vare]
1285 2663 1423 2717 Con-

266 2735 419 2788 sulto
476 2733 613 2789 haec
665 2740 999 2804 repetuntur
1056 2753 1125 2790 ex
1182 2735 1423 2789 secundo

268 2822 454 2870 versu,
498 2810 563 2859 ut
598 2823 923 2875 perversum
958 2807 1289 2876 cupidorum
1325 2807 1421 2861 ho-

268 2875 485 2932 minum
538 2877 808 2932 iudicium
852 2896 978 2933 cum
1022 2895 1157 2933 vera
1206 2879 1423 2948 sapien·

267 2947 353 3003 tia
410 2948 615 3003 infesto
674 2951 979 3006 certamine
1042 2955 1421 3019 componatur.

272 3049 333 3058 ——
375 3020 601 3090 species]
648 3021 911 3092 splendor
966 3027 1241 3078 externus.
1317 3021 1421 3076 Ta-

270 3091 367 3146 cit.
406 3094 552 3145 Anu.
586 3093 683 3160 IV,
720 3097 769 3160 6,
816 3097 868 3148 1.
908 3111 1070 3194 „suaa
1086 3093 1421 3161 consulibus,

270 3179 373 3217 sua
408 3165 763 3232 praetoribus
812 3135 1070 3235 speeies!
1098 3195 1164 3205 —-
1190 3164 1421 3249 smum]

268 3233 380 3302 Qui
429 3237 820 3306 magistratum
867 3238 1163 3306 ambirent,
1214 3237 1423 3292 civium

268 3307 331 3361 in
370 3323 507 3376 quos
544 3308 859 3363 inciderent
894 3309 1065 3363 etiam
1101 3309 1421 3364 tenuiorum

266 3395 469 3432 manus
524 3379 888 3447 prensabant,
948 3385 1013 3434 ut
1066 3397 1259 3434 eorum
1314 3380 1422 3434 sibi

266 3447 539 3520 suffragia
575 3451 959 3506 conciliarent.
1010 3450 1193 3519 Quare
1233 3469 1421 3506 servos

268 3521 713 3576 nomenclatores
762 3539 947 3577 secum
984 3523 1285 3586 habebant,
1324 3523 1422 3592 qui

268 3593 617 3662 singulorum
658 3594 864 3648 civium
901 3595 1127 3650 nomina
1164 3599 1423 3650 tenerent

267 3665 494 3733 suisque
550 3665 779 3719 auribus
835 3667 1265 3721 insusurrarent.
1350 3666 1419 3721 cf.

268 3735 381 3790 Sat.
434 3735 508 3804 11,
558 3739 607 3798 5,
657 3739 744 3790 32.
836 3737 1093 3793 Ceterum
1140 3755 1251 3793 non
1302 3739 1421 3793 sine

264 3807 393 3862 ioco
452 3808 625 3862 verba
673 3809 895 3872 laevum
944 3808 1193 3864 dextram
1227 3827 1420 3864 versus

268 3879 486 3933 vicinos
525 3879 811 3934 claudunt.
852 3907 917 3920 --
954 3887 1115 3935 trans
1148 3881 1418 3950 pondera]

270 3950 388 4004 Alii
414 3950 755 4021 intellegunt
778 3952 1031 4021 plaustra
1054 3953 1220 4021 saxis,
1245 3954 1419 4008 trabi-

268 4022 372 4076 bus
408 4023 629 4090 aliaque
672 4024 819 4077 mole
864 4029 1080 4087 onusta,
1128 4041 1230 4094 per
1278 4041 1420 4093 quae

269 4093 569 4148 candidato
596 4098 661 4147 ut
685 4095 757 4148 ad
776 4094 990 4165 suffrag
992 4101 1207 4149 atorem
1222 4113 1419 4164 perve-

266 4165 392 4219 niat
428 4181 541 4218 non
576 4166 695 4220 sine
733 4114 1068 4221 difficultate
1096 4173 1193 4222 aut
1229 4167 1417 4237 aliquo

265 4236 517 4306 periculo
562 4237 971 4306 penetrandum
1018 4242 1129 4306 est3
1189 4239 1305 4307 alii,
1354 4243 1417 4293 ut

268 4307 660 4362 Lachmannus
696 4309 769 4362 ad
795 4308 1021 4363 Lucret.
1058 4326 1113 4378 p.
1138 4309 1261 4376 380,
1291 4278 1419 4364 'Rit-

178 4422 187 4432 .
266 4385 421 4433 terus
474 4380 547 4434 ad
600 4379 1093 4448 h.1.‚Hauptius
1139 4379 1211 4434 ad
1256 4378 1416 4436 Ovid.

268 4449 567 4516 Met.1,1s
604 4452 1049 4521 interpretantur
1076 4453 1227 4507 ultra
1254 4452 1419 4507 libra-

266 4527 505 4576 mentum
560 4523 669 4577 sive
724 4522 1104 4592 aequalitatem
1155 4539 1401 4593 corpor-ts

268 4599 335 4647 ut
359 4610 446 4664 ap.
475 4593 682 4648 Lucan.
705 4594 750 4664 1,
776 4596 871 4649 57.
912 4594 1144 4664 „librati
1170 4593 1419 4666 pondera

1519 1801 1657 1859 caeli
1683 1801 1824 1858 Orbe
1845 1808 1965 1858 tene
1999 1800 2238 1870 modio;“
2278 1800 2388 1856 Cic.
2415 1801 2539 1856 Fat.
2571 1803 2661 1857 10:

1520 1879 1742 1944 „motus
1777 1872 1995 1942 (atomi)
2031 1873 2214 1929 oritur
2249 1877 2412 1928 extra
2447 1873 2666 1943 pondus

1518 1951 1578 2001 et
1612 1947 1896 2017 plagam.“
1959 1945 2112 2014 Quae
2147 1946 2542 2015 interpretatio
2576 1963 2667 2000 ve·

1517 2036 1649 2073 reor
1680 2035 1752 2072 ne
1786 2036 1900 2073 non
1937 2021 2211 2088 congruat
2234 2034 2363 2072 cum
2385 2018 2668 2088 particula

1520 2096 1707 2145 trans·
1746 2091 1926 2161 magis
1950 2095 2100 2144 certe
2122 2089 2540 2158 probabilitatis
2565 2089 2665 2143 ali·

1518 2179 1686 2232 quam
1735 2163 1972 2231 speciem
2022 2160 2251 2228 habent,
2344 2179 2448 2215 uae

1516 2238 1640 2288 tata
1691 2238 1823 2287 sunt
1867 2233 1924 2286 in
1979 2232 2172 2286 libello
2225 2179 2432 2302 gallico
2528 2232 2662 2287 tude

1515 2305 1698 2376 biogr.
1755 2321 1852 2358 sur
1908 2305 2150 2372 Horace,
2210 2321 2316 2372 par
2369 2304 2510 2359 Noe!
2565 2305 2662 2359 des
2707 2339 2715 2350 ·

1515 2376 1784 2447 Vergers,
1841 2393 1898 2446 p.
1957 2379 2052 2430 43.
2117 2373 2244 2444 „La
2303 2375 2660 2440 decouverte,

1514 2448 1656 2503 faite
1701 2447 2112 2502 dernierement
2159 2446 2295 2500 dans
2345 2465 2422 2500 un
2468 2447 2664 2502 ancien

1516 2521 1809 2588 tombeau‚
1864 2519 1934 2574 de
1983 2536 2071 2575 ces
2117 2517 2282 2588 poids
2335 2537 2404 2572 en
2454 2519 2662 2574 bronze

1514 2593 1657 2647 dont
1691 2609 1763 2646 on
1801 2608 1859 2646 se
1905 2591 2116 2646 servait
2159 2589 2298 2644 dans
2343 2590 2664 2659 l'antiquite

1514 2681 1661 2734 pour
1713 2663 1854 2718 faire
1913 2663 2135 2717 tomber
2190 2677 2328 2716 avec
2369 2661 2538 2732 grace
2582 2663 2663 2717 les

1514 2735 1624 2806 plis
1673 2733 1770 2789 des
1819 2732 2145 2801 *retamenta
2191 2738 2250 2786 et
2292 2733 2432 2787 dont
2460 2733 2538 2788 les
2577 2751 2663 2788 ar-

1515 2807 1848 2878 cheologues
1906 2811 2007 2860 ont
2059 2806 2130 2860 de
2183 2809 2310 2859 tout
2353 2809 2533 2888 temps
2577 2822 2662 2860 re-

1514 2895 1698 2934 connu
1745 2877 1972 2948 l’usage,
2017 2894 2052 2931 a
2096 2875 2282 2932 donne
2325 2877 2582 2931 occasion
2630 2894 2665 2932 a

1514 2951 1592 3005 Μ.
1631 2950 1725 3004 Fr.
1763 2949 1989 3012 Bocchi,
2027 2947 2344 3036 professeur
2380 2948 2434 3002 d’
2437 2948 2662 3003 archeo-

1514 3022 1666 3092 logie
1707 3024 1742 3076 ὸ,
1785 3019 2132 3076 l'universite
2178 3021 2248 3074 de
2280 3019 2545 3090 Bologne,
2594 3019 2664 3075 de

1512 3110 1784 3163 proposer
1829 3110 1939 3147 une
1978 3091 2318 3162 explication
2375 3091 2474 3161 qui
2527 3107 2662 3146 sem-

1514 3165 1609 3220 ble
1649 3163 1936 3234 beaucoup
1971 3164 2100 3233 plus
2134 3163 2430 3218 naturelle.
2484 3163 2666 3217 Trans

1719 3253 1756 3290 a
1789 3235 2038 3291 dextram
2073 3235 2364 3306 porrique,
2393 3251 2455 3291 ce
2493 3235 2664 3289 serait

1516 3308 1749 3363 etendre
1798 3309 1850 3362 le
1893 3307 2024 3362 bras
2069 3326 2140 3363 en
2187 3307 2238 3362 le
2287 3307 2664 3376 developpant

1514 3378 1614 3435 des
1649 3379 1758 3449 plis
1794 3380 1862 3434 de
1890 3380 1942 3433 la
1965 3383 2153 3450 toga-‘⁴
2190 3379 2360 3450 Apud
2384 3381 2664 3434 Aaronem

1514 3453 1574 3505 in
1600 3451 1760 3505 editt.
1785 3451 1956 3522 vulgo
1993 3451 2130 3508 haec
2165 3452 2456 3521 leguntur:
2495 3465 2661 3518 „pon-

1514 3522 1670 3593 dev-a]
1725 3523 1936 3590 lapides
1990 3525 2084 3591 qui
2131 3526 2505 3594 porriquntur
2559 3537 2664 3591 por

1512 3595 1640 3650 vias
1676 3593 1758 3648 vel
1793 3593 1888 3663 qui
1919 3609 2020 3662 per
2053 3595 2230 3650 latera
2249 3596 2424 3664 positi
2445 3593 2665 3649 altiores

1514 3671 1660 3720 sunt.
1664 3667 1697 3696 ‘⁶
1741 3665 1890 3719 unde
1937 3665 2116 3734 Tycha
2153 3667 2456 3720 Mommsen
2489 3663 2664 3732 (Neue

1514 3736 1750 3792 Jahrbb.
1793 3737 1834 3791 f.
1875 3735 2076 3791 Philol.
2127 3739 2281 3792 1874.
2325 3740 2378 3804 7)
2421 3736 2663 3804 suspica·
2737 3795 2743 3802 ,

1512 3814 1606 3863 tus
1642 3814 1742 3876 est,
1779 3808 2030 3893 pondera
2054 3826 2171 3864 esse
2195 3808 2425 3878 lapides,
2460 3807 2557 3877 qui
2594 3824 2664 3861 ex

1512 3881 1850 3950 pavimentis
1895 3881 2118 3935 viarum
2153 3881 2323 3936 altius
2360 3881 2664 3936 eminentes

1512 3952 1824 4007 faciliorem
1863 3969 1933 4005 ex
1957 3953 2136 4006 altera
2171 3953 2241 4008 ad
2275 3953 2509 4007 alteram
2536 3967 2716 4024 par-

1512 4028 1629 4078 tem
1680 4023 1994 4077 viatoribus
2043 4025 2346 4078 transitum
2394 4022 2662 4093 praebue-

1512 4095 1646 4148 rint.
1702 4094 1999 4163 „Pondera
2031 4113 2148 4149 war
2183 4097 2276 4150 ein
2312 4094 2664 4150 technischer

1514 4166 1652 4220 oder
1675 4167 1980 4236 popularer
2001 4167 2301 4221 Ausdruck
2335 4165 2545 4222 sowohl
2569 4159 2664 4218 f‘ur

1513 4237 1606 4292 die
1643 4237 2052 4298 Schrittsteine‚
2101 4238 2310 4294 welche
2347 4255 2486 4308 quer
2525 4236 2664 4290 iiber

1512 4308 1606 4363 die
1643 4307 1860 4364 Strasse
1893 4326 2006 4363 von
2026 4309 2282 4364 Trottoir
2316 4328 2384 4364 zu
2406 4308 2662 4363 Trottoir

1513 4380 1722 4448 husen,
1770 4381 1852 4435 als
1897 4379 2038 4435 auch
2083 4381 2177 4435 fiir
2212 4381 2307 4436 die
2339 4399 2430 4436 am
2467 4379 2663 4435 Raude

1514 4453 1614 4507 des
1630 4450 1912 4506 Trot‘toirs
1949 4452 2181 4524 entlang
2203 4452 2340 4507 oder
2375 4452 2518 4507 auch
2555 4468 2663 4506 nur

1513 4523 1640 4578 hier
1673 4524 1790 4579 und
1835 4524 1908 4577 da
1953 4523 2368 4595 angebrachten
2416 4523 2662 4579 Ῑιὸὶιετοιι

1514 4595 1944 4666 sprung-steine,
2005 4595 2098 4651 die
2151 4613 2278 4651 zum
2331 4595 2664 4666 Aufsteigen
