3092 5059
407 204 488 267 54
1381 199 1841 267 CARMINUM

507 392 917 489 Perpetu0,
974 390 1081 465 sic
1133 402 1216 465 tu
1269 389 1573 487 sapiens
1624 388 1845 464 finire
1894 384 2278 465 memento

713 516 1136 591 Tristitiam
1192 515 1555 613 vitaeque
1598 513 1908 589 labores

507 641 752 738 Molli,
807 640 1110 735 Plance,
1166 666 1404 735 merO,
1461 666 1597 717 seu
1648 652 1725 716 te
1775 639 2155 739 fulgentia
2206 638 2445 737 signis

425 802 478 840 ρο
713 766 984 842 Castra
1033 778 1297 841 tenent
1341 792 1474 841 seu
1529 763 1767 841 densa
1818 764 2112 848 tenebit

511 891 818 967 Tiburis
870 891 1144 967 umbra
1196 890 1328 964 tui.

1434 890 1727 965 Teucer
1778 889 2169 966 Salamina
2221 903 2679 989 patremque

711 1016 907 1093 Cum
964 1016 1286 1113 fugeret,
1346 1028 1604 1091 tamen
1651 1014 1807 1089 uda
1858 1014 2116 1113 Lyaeo

513 1143 898 1241 Tempora
947 1138 1284 1239 populea
1335 1141 1584 1216 fertur
1634 1139 1971 1216 vinxisse
2016 1165 2305 1217 corona

716 1264 842 1341 Sic
886 1266 1135 1341 tristes
1187 1264 1497 1341 adfatus
1550 1266 1877 1341 amicos:

424 1424 475 1466 π
514 1392 688 1485 Quo
741 1417 880 1467 nos
934 1416 1262 1491 cumque
1319 1391 1519 1467 feret
1568 1390 1845 1465 melior
1897 1392 2209 1467 fortuna
2258 1402 2575 1491 parente

709 1517 1026 1612 Ibimus,
1083 1540 1128 1590 o
1183 1516 1376 1591 socii
1419 1515 1933 1613 comitesque:

513 1642 641 1718 Nil
695 1638 1258 1738 desperandum
1308 1640 1609 1715 Teucro
1666 1638 1863 1715 duce
1916 1653 1992 1715 et
2041 1640 2354 1741 auspice
2406 1642 2748 1739 Teucr03

717 1766 989 1845 Certus
1035 1750 1248 1840 *enim
1301 1762 1655 1861 promisit
1696 1763 2010 1864 Apollo,

413 1942 509 2011 IV,
546 1944 578 1995 ⁷
587 1942 640 1997 1:
681 1942 793 2011 „Et
829 1942 942 1996 iam
968 1940 1254 2011 Telegoni,
1290 1940 1403 1993 iam
1431 1953 1564 1993 moe·

413 2016 516 2070 m'a
555 2014 772 2069 Tiburis
808 2012 910 2067 udi
961 2012 1205 2081 stabant,
1260 2010 1559 2081 Argolicae

415 2086 568 2155 quod
631 2102 867 2156 posuere
931 2084 1182 2139 manus.“
1243 2112 1310 2122 -
1383 2080 1560 2136 Albus

417 2156 622 2227 Notus]
661 2157 792 2212 vide
829 2156 900 2211 ad
939 2156 1118 2211 Carm.
1156 2156 1206 2223 Ι,
1243 2156 1294 2223 3,
1337 2156 1429 2220 14;
1489 2152 1559 2208 cf.

416 2230 599 2285 Carm.
623 2228 725 2297 111,
763 2229 852 2297 27,
893 2228 974 2281 19.
1017 2226 1084 2279 In
1119 2226 1228 2281 hoc
1263 2243 1428 2281 versu
1465 2224 1559 2279 ad-

414 2301 622 2357 iectiva
687 2300 839 2354 avms
897 2300 1120 2355 obscuro
1191 2315 1257 2352 eo
1331 2296 1563 2352 consilio

417 2374 577 2427 iuxta
649 2371 923 2426 collocata
997 2386 1114 2424 esse
1179 2373 1432 2453 apparet,
1497 2372 1565 2421 ut

416 2446 604 2514 imago
641 2460 786 2513 quae
821 2442 1160 2513 proponitur
1207 2458 1328 2509 ipso
1372 2438 1567 2493 verbo·

417 2534 547 2570 rum
595 2514 900 2570 certamine
949 2512 1187 2567 clariore
1236 2514 1356 2566 luce
1395 2511 1568 2565 collu-

421 2590 647 2641 stretur.
687 2616 754 2625 -
793 2584 1050 2654 deterqet]
1089 2602 1125 2637 a
1165 2582 1424 2653 deteryeo,
1472 2600 1568 2636 an·

419 2657 664 2728 tiquiore
691 2657 852 2713 verbi
878 2657 1062 2711 forma
1093 2660 1158 2710 ut
1176 2654 1289 2709 Sat.
1313 2654 1385 2721 ΙΙ,
1409 2654 1461 2722 2,
1481 2655 1568 2707 24.

422 2760 490 2769 —-
525 2746 694 2800 neque
723 2734 877 2799 part.
929 2727 1145 2797 imbres]
1183 2726 1353 2796 Apud
1389 2724 1565 2780 Hora-

419 2801 563 2857 tium
599 2806 666 2856 ut
703 2800 853 2870 apud
888 2800 1031 2854 alios
1063 2804 1258 2869 poetas
1284 2814 1449 2867 saepe
1484 2795 1572 2861 fit,

418 2879 485 2928 ut
523 2873 802 2927 sententia
839 2888 948 2943 quo
969 2870 1200 2941 gravius
1223 2874 1423 2939 tangat
1453 2870 1571 2923 ani-

419 2963 572 2999 mum
611 2944 960 2999 audientium
997 2942 1083 2996 vel
1126 2942 1431 3012 legentium
1455 2958 1571 2995 non

421 3021 547 3071 tota
584 3016 749 3070 simul
785 3014 1198 3085 pronuntietur,
1237 3012 1335 3067 sed
1373 3016 1472 3067 aut
1509 3012 1569 3067 in

429 3092 618 3158 partes
655 3086 959 3142 dissecetur
997 3089 1095 3139 aut
1115 3084 1272 3138 varie
1297 3084 1420 3153 ipsa
1444 3101 1571 3153 pro-

425 3164 681 3231 ponatur.
707 3158 826 3213 Hoc
846 3158 1088 3212 alterum
1115 3154 1569 3225 amplificationis

426 3248 600 3303 genus
655 3231 738 3284 ita
790 3230 1062 3295 variatur,
1107 3232 1174 3281 ut
1217 3227 1573 3281 coniunctam

426 3304 730 3359 habeamus
766 3301 932 3355 modo
972 3297 1358 3353 adfirmantem
1396 3303 1452 3352 et
1478 3316 1572 3353 ne-

427 3380 676 3447 gantem,
713 3372 879 3427 modo
939 3371 1188 3440 ropriam
1213 3375 1270 3423 et
1297 3370 1572 3439 tropicam

427 3445 884 3502 enuntiationem.
956 3442 1122 3497 rioris
1147 3443 1366 3512 generis
1390 3458 1572 3496 exem-

429 3518 589 3589 plum
623 3516 731 3570 hoc
775 3520 875 3583 est,
920 3515 990 3568 de
1027 3531 1137 3582 quo
1177 3531 1326 3568 nunc
1367 3514 1575 3583 agitur,

428 3605 668 3659 quocum
707 3586 958 3642 conferas
995 3585 1096 3639 hos
1134 3586 1282 3640 locos
1319 3584 1499 3640 Carm.
1527 3584 1576 3653 Ι,

430 3664 480 3725 3,
527 3662 609 3713 12.
645 3658 688 3719 1.
725 3660 774 3727 s,
818 3660 898 3713 10.
939 3656 1012 3726 11,
1051 3658 1103 3725 9,
1147 3658 1226 3710 ιο.
1262 3657 1332 3718 11,
1378 3658 1575 3723 10,19.

428 3733 502 3801 Π,
541 3733 626 3800 14,
663 3732 749 3784 22.
789 3730 860 3795 11,
903 3730 984 3794 16,
1035 3726 1084 3781 3.
1122 3728 1226 3791 111,
1265 3730 1315 3797 6,
1351 3729 1436 3782 26.
1475 3730 1576 3797 ΠΙ,

427 3806 481 3872 9,
518 3804 566 3857 6.
602 3800 698 3869 IV,
734 3803 786 3863 4,
832 3802 920 3853 31.
993 3798 1115 3867 Qua
1157 3818 1220 3855 re
1257 3798 1382 3855 fieri
1417 3801 1575 3866 solet,

428 3880 492 3931 ut
531 3873 841 3929 sententiae
876 3889 1038 3941 saepe
1067 3872 1314 3927 causales
1356 3876 1414 3926 et
1449 3888 1575 3927 con-

429 3947 708 4002 secutivae
744 3962 857 3998 non
884 3944 970 4011 iis,
1005 3943 1206 4012 quibus
1235 3943 1294 3997 in
1321 3944 1577 3997 oratione

429 4018 698 4073 utendum
745 4020 830 4071 est
880 4014 1192 4085 particulis,
1241 4014 1576 4082 adiciantur,

431 4090 527 4145 sed
565 4089 650 4143 bis
699 4093 766 4155 et,
822 4103 938 4156 que,
987 4102 1099 4154 nec,
1145 4103 1315 4156 neque
1367 4085 1576 4156 simpli-

435 4163 578 4217 citer
615 4160 910 4215 addantur.

504 4233 571 4286 V.
609 4233 692 4285 17.
743 4230 983 4300 sapiens]
1034 4229 1163 4283 vide
1207 4228 1280 4283 ad
1327 4226 1371 4295 Ι,
1402 4230 1452 4297 2,
1489 4230 1576 4284 45.

428 4304 522 4360 Ad
569 4302 902 4359 sententiam
939 4300 1011 4357 cf.
1048 4300 1246 4370 Eurip.
1286 4300 1406 4354 Alc.
1447 4302 1575 4356 794:

431 4370 678 4446 ,,οἴικουν,
733 4371 829 4440 τὴν
879 4366 1024 4442 ἄγαν
1058 4367 1233 4436 λύπην
1268 4366 1434 4441 ἀφεὶς
1465 4378 1578 4447 Πίῃ

428 4450 559 4520 μεθ’
612 4442 773 4519 ἡμῶν
817 4440 976 4498 τάσδ’
1021 4438 1346 4511 ὑπερβαλὼν
1396 4436 1579 4514 τύχας,

429 4515 742 4595 Στεφάνοις
780 4522 1108 4587 πυκασθείς,
1155 4522 1245 4571 καὶ
1283 4512 1420 4591 σάφ’
1457 4518 1581 4588 οἶδ’,

1660 1934 1752 1993 ὅθ’
1790 1935 1990 1994 οὕνεκα
2032 1941 2144 1995 Τοῦ
2190 1942 2288 1995 νῦν
2343 1940 2681 2011 σκυθρωποῦ
2726 1945 2823 1994 καὶ

1659 2012 1986 2071 ξυνεστῶτος
2058 2014 2280 2085 φρενῶν
2354 2018 2683 2085 Μεθορμιεῒ
2752 2030 2817 2065 σε

1662 2084 1881 2142 πίτυλος
1925 2082 2194 2155 ἐμπεσὼν
2248 2077 2519 2155 σκύφου.“
2564 2112 2637 2124 -·
2674 2084 2823 2141 molli

1661 2155 1823 2223 mem]
1876 2154 2086 2211 Vinum
2144 2160 2432 2211 vetustum
2484 2154 2653 2210 molle
2666 2196 2681 2224 ,
2730 2174 2817 2211 re-

1662 2242 1788 2280 cens
1828 2232 2117 2281 austerum
2152 2232 2253 2283 est.
2307 2226 2429 2282 Hoc
2462 2232 2653 2282 tamen
2691 2227 2819 2282 loco

1661 2296 1771 2351 adi.
1816 2298 1969 2355 molli
2021 2316 2124 2369 per
2182 2298 2464 2368 quandam
2527 2298 2819 2369 prolepsin

1660 2368 1909 2437 positum
1962 2376 2061 2435 est,
2119 2371 2385 2440 quoniam
2419 2371 2538 2425 vini
2576 2370 2821 2439 sapienti

1661 2457 1765 2494 usu
1817 2442 2139 2511 „mordaces
2196 2442 2501 2511 diffugiunt
2548 2440 2821 2497 sollicitu-

1661 2510 1877 2567 dines.“
1934 2513 2138 2581 (Carm.
2196 2514 2239 2577 1,
2300 2515 2387 2581 18,
2431 2515 2505 2581 4.)
2554 2512 2817 2569 Schiitzio

1662 2582 1814 2639 molli
1850 2585 2216 2653 imperativus
2244 2589 2346 2651 est,
2368 2602 2481 2639 non
2506 2585 2819 2654 ablativus3

1662 2671 1775 2707 non
1827 2660 1993 2711 recte.
2034 2686 2099 2697 -—
2138 2657 2360 2727 tenebit]
2412 2654 2821 2725 Praeterquam

1664 2727 1813 2793 quod
1863 2728 1986 2796 ipsa
2040 2728 2287 2782 eiusdem
2337 2728 2500 2782 verbi
2550 2728 2819 2797 repetitio

1662 2799 1852 2871 gravis
1892 2805 1977 2853 est
2014 2802 2175 2869 (quae
2206 2798 2431 2868 quidem
2454 2800 2712 2869 gravitas
2738 2800 2819 2854 lo·

1664 2870 1741 2925 cis
1782 2888 1919 2939 quos
1956 2872 2193 2925 verbum
2231 2871 2292 2924 in
2328 2888 2492 2925 versu
2519 2872 2821 2940 occupavit

1665 2942 1835 2997 etiam
1854 2944 2131 3013 augetur),
2167 2943 2422 2997 futurum
2453 2948 2673 3011 tempus
2691 2943 2819 2997 Mu·

1664 3015 1819 3068 natio
1851 3014 1987 3083 quid
2016 3014 2335 3069 faciendum
2362 3014 2437 3067 sit
2468 3014 2671 3069 leniter
2700 3032 2827 3069 sua·

1665 3086 1778 3139 det.
1802 3116 1866 3124 —
1897 3086 2091 3141 Teucer
2136 3085 2363 3140 Telamo
2395 3086 2558 3141 Aiaci
2594 3091 2653 3141 et
2676 3084 2825 3140 Teu-

1666 3175 1760 3212 cro
1796 3156 1928 3211 filiis
1968 3158 2040 3212 ad
2115 3158 2371 3212 roianum
2407 3157 2617 3212 bellum
2649 3156 2824 3227 profi-

1666 3229 2004 3284 ciscentibus
2044 3246 2167 3283 eam
2204 3228 2474 3297 imposuit
2518 3229 2719 3299 legem,
2757 3235 2828 3284 ut

1668 3300 1813 3355 alter
1864 3301 2105 3355 alterum
2150 3304 2439 3355 tutaretur
2489 3319 2631 3355 neve
2676 3302 2828 3355 alter

1666 3372 1787 3427 sine
1844 3373 2022 3426 altero
2076 3372 2305 3427 rediret.
2377 3372 2525 3426 Aiax
2584 3390 2713 3426 cum
2764 3372 2827 3426 in

1668 3442 1973 3498 certamine
2031 3442 2103 3497 de
2156 3443 2327 3497 armis
2370 3443 2610 3498 Achillis
2665 3444 2828 3498 Ulixi

1668 3520 1813 3569 esset
1858 3514 2234 3584 posthabitus,
2281 3532 2509 3569 manum
2556 3515 2663 3569 sibi
2702 3516 2826 3585 ipse

1668 3587 1888 3655 intulit;
1926 3603 2101 3655 quare
2135 3585 2349 3641 Teucer
2374 3586 2554 3641 redux
2592 3605 2625 3640 a
2658 3592 2829 3656 patre

1669 3677 1784 3713 non
1822 3663 1908 3713 est
1936 3662 2211 3728 acceptus.
2258 3657 2379 3726 Quo
2412 3657 2565 3713 facto
2596 3659 2644 3711 is
2671 3658 2827 3713 Sala-

1669 3731 1819 3785 mine
1871 3730 2053 3785 insula
2087 3730 2287 3785 relicta
2326 3730 2569 3800 Cyprum
2605 3729 2830 3799 profec-

1670 3807 1761 3856 tus
1800 3802 2039 3856 alteram
2074 3802 2155 3855 ibi
2191 3802 2388 3856 urbem
2438 3802 2659 3871 patriae
2696 3818 2829 3872 cog-

1668 3874 1953 3927 nominem
1972 3873 2240 3927 condidit.
2261 3900 2329 3913 -—-
2354 3872 2567 3943 Lyaeo]
2584 3872 2828 3942 Baccho,

1671 3946 1822 3998 vino.
1888 3943 2047 4011 Quod
2085 3962 2291 3999 nomen
2327 3962 2426 3998 cur
2463 3944 2522 3997 in
2560 3942 2668 3999 hac
2702 3962 2825 3999 sen-

1672 4016 1849 4071 tentia
1890 4016 2239 4085 aptissimum
2284 4016 2467 4069 visum
2517 4014 2609 4083 sit,
2658 4014 2827 4071 facile

1670 4088 2050 4159 intellegetur.
2078 4116 2145 4127 ·—-
2176 4086 2307 4156 uda]
2339 4090 2471 4141 sunt
2496 4086 2701 4154 calida,
2732 4106 2827 4142 ex·

1670 4159 1931 4214 hilarata.
1978 4186 2049 4198 —-·
2095 4174 2133 4227 p
2328 4158 2345 4228 ]
2394 4158 2639 4228 Populus
2686 4157 2827 4213 Her-

1672 4232 1784 4287 culi
1822 4248 1980 4286 sacra
2016 4234 2116 4285 est.
2203 4230 2263 4284 ui
2297 4230 2503 4285 itinera
2525 4230 2830 4299 faciebant,

1672 4303 2063 4358 sacrificabant
2126 4302 2201 4373 τῷ
2256 4298 2489 4374 ἡγεμόνι
2540 4299 2823 4371 ιΗρακκλεῖ.

1673 4374 1811 4429 Xen.
1849 4377 1957 4429 An.
1994 4374 2091 4443 Vl,
2132 4376 2183 4440 3,
2220 4376 2306 4428 24.

1745 4443 1811 4498 V.
1846 4448 1934 4499 27.
1957 4446 2157 4501 Teucro
2182 4444 2337 4513 auce]
2368 4442 2819 4499 Reifferscheid:

1677 4515 2297 4588 „ComparaturTeucer
2308 4533 2435 4571 cum
2444 4513 2828 4585 Plan00,quod
