3092 5059
1022 233 1193 310 LIB.
1234 232 1281 302 I.
1324 231 1597 302 EPIST.
1641 233 1785 301 VII.

2485 231 2609 298 527

322 421 573 524 Saepe
624 423 1140 502 verecundum
1194 423 1551 519 laudasti,
1605 447 1900 523 rexque
1955 434 2328 522 paterque

314 550 623 626 Audisti
674 575 957 646 coram,
1012 575 1154 625 nec
1205 548 1442 623 verbo
1495 549 1800 646 parcius
1852 550 2170 626 absens:

312 676 644 777 Inspice,
699 676 767 750 si
809 700 1119 771 possum
1176 672 1457 750 donata
1506 699 1887 770 reponere
1935 675 2205 750 laetus.

211 826 263 866 ω
315 795 553 872 Haud
604 793 807 872 male
857 795 1379 890 Telemachus,
1434 795 1693 893 proles
1743 798 2104 898 patientis
2152 797 2405 876 Ulixi:

320 921 531 1016 „Non
587 934 703 996 est
753 932 977 1020 aptus
1028 922 1247 1020 equis
1298 919 1568 997 Ithace
1616 920 1856 1016 locus,
1927 937 2010 998 ut
2056 949 2311 1023 neque
2360 921 2610 1023 planis

320 1045 732 1122 Porrectus
786 1045 1052 1146 spatiis
1104 1073 1247 1122 nec
1300 1044 1590 1121 multae
1642 1046 2016 1144 prodigus
2061 1048 2380 1122 herbae:

316 1170 619 1263 Atride,
673 1170 919 1268 magis
971 1183 1152 1271 apta
1199 1170 1344 1246 tibi
1394 1183 1529 1245 tua
1584 1169 1790 1246 dona
1839 1169 2340 1271 relinquam.“

318 1295 648 1372 Parvum
700 1319 943 1395 parva
994 1294 1307 1370 decent:
1362 1296 1558 1370 mihi
1610 1297 1762 1372 iam
1815 1321 1973 1371 non
2024 1297 2240 1394 regia
2283 1297 2550 1393 Roma,

216 1451 267 1490 ω
317 1420 470 1499 Sed
528 1443 855 1496 vacuum
906 1419 1153 1496 Tibur
1201 1420 1453 1518 placet
1503 1432 1638 1495 aut
1685 1420 1998 1498 imbelle
2044 1420 2484 1498 Tarentum.

314 1546 687 1624 Strenuus
740 1558 815 1621 et
866 1546 1095 1622 fortis
1146 1545 1551 1645 causisque
1601 1544 2006 1645 Philippus
2058 1546 2378 1644 agendis

316 1670 591 1749 Clarus
644 1669 741 1746 ab
797 1670 1076 1747 officiis
1131 1683 1478 1748 octavam
1536 1672 1848 1748 circiter
1897 1672 2172 1747 horam

320 1797 525 1873 Dum
574 1795 781 1872 redit
827 1809 1059 1895 atque
1110 1797 1282 1872 foro
1334 1797 1658 1872 nimium
1713 1795 1997 1871 distare
2049 1795 2368 1874 Carinas

316 1921 487 1996 Iam
541 1921 860 2019 grandis
911 1935 1098 1997 natu
1150 1919 1521 2019 queritur,
1581 1921 1995 2018 conspexit,
2049 1934 2133 1997 ut
2182 1922 2413 2018 aiunt,

218 2077 269 2115 ω
318 2046 711 2122 Adrasum
765 2045 1153 2144 quendam
1199 2070 1442 2121 vacua
1490 2045 1821 2120 tonsoris
1873 2045 1957 2118 in
2008 2045 2285 2121 umbra

221 2292 443 2348 nuiores
482 2297 543 2348 et
577 2293 809 2348 clientes
844 2299 1111 2363 patronos
1148 2309 1273 2347 suos
1311 2296 1370 2347 et

221 2361 469 2420 fautores
509 2381 710 2419 ornare
746 2365 1019 2419 solebant.
1079 2364 1149 2419 cf.
1188 2365 1367 2434 Epist.

222 2433 267 2503 Ι,
308 2438 389 2504 17,
427 2439 518 2490 20.
558 2439 645 2490 43.
688 2465 755 2476 —-
801 2436 1165 2505 Telemachus]
1204 2436 1368 2490 Hom.

222 2505 323 2561 od.
360 2506 455 2576 IV,
484 2509 587 2564 601
618 2525 737 2578 sqq.
811 2508 1027 2563 Eodem
1064 2508 1146 2564 ait
1182 2509 1369 2562 animo

220 2593 277 2632 se
312 2580 549 2635 reddere
596 2595 758 2649 posse
804 2581 993 2634 omnia
1042 2597 1184 2648 quae
1219 2595 1369 2634 acce-

218 2651 382 2720 perit,
434 2668 551 2722 quo
606 2653 745 2706 olim
781 2651 1143 2706 Telemachus
1200 2667 1369 2720 equos

221 2721 327 2775 sibi
388 2724 629 2791 oblatos,
692 2727 891 2792 utpote
960 2723 1190 2778 inutiles
1262 2722 1372 2777 sibi

222 2809 460 2864 suaeque
500 2795 737 2864 patriae,
775 2795 1133 2850 recusaverit.
1172 2823 1239 2834 -
1267 2809 1372 2863 pa-

221 2864 405 2920 tientis
512 2861 796 2932 πολύτλας,
869 2871 1239 2937 ταλασίφρων.
1300 2893 1371 2904 -·

220 2867 437 3007 Ithace}
497 2937 917 2993 Nominativum
966 2938 1252 2993 Bentleius
1288 2954 1371 2991 re-

222 3007 409 3062 stituit
444 3010 892 3080 Porphyrionem
931 3027 1248 3080 paucosque
1284 3025 1372 3063 co·

223 3077 369 3135 dices
404 3088 653 3150 secutus3
708 3082 768 3134 in
805 3082 997 3136 multis
1034 3081 1373 3150 optimisque

222 3150 379 3205 codd.
440 3153 669 3208 Ithacae
712 3153 982 3222 scriptum
1022 3159 1121 3208 est.
1148 3181 1217 3193 —-
1252 3152 1371 3220 tim]

130 3265 145 3280 .
225 3220 512 3296 Coniunge
547 3229 607 3278 et
642 3241 769 3279 cum
805 3231 941 3294 apta
974 3229 1032 3280 et
1060 3243 1187 3280 cnm
1210 3224 1372 3279 relin-

223 3307 403 3360 quam.
447 3323 517 3336 --
552 3312 787 3351 vacuum
826 3295 1027 3366 Tibur]
1064 3313 1303 3352 vacuum
1339 3315 1374 3350 a

224 3365 391 3420 turba
424 3372 486 3422 et
522 3368 763 3438 negotiis
800 3373 860 3423 et
892 3367 1110 3436 officiis,
1145 3368 1373 3439 plenum

224 3438 669 3506 tranquillitatis.
707 3439 888 3509 Epist.
912 3439 984 3508 11,
1006 3441 1057 3509 2,
1081 3443 1167 3494 81.
1207 3440 1373 3510 Verg.

228 3505 427 3580 Georg.
465 3511 540 3579 ΙΙ,
574 3513 697 3564 226.
774 3512 1035 3566 Ceterum
1077 3511 1149 3566 cf.
1189 3509 1371 3566 Carm.

226 3576 295 3644 ll,
330 3583 381 3649 6,
418 3583 613 3637 5—12.
656 3582 759 3651 ΙΙΙ,
796 3586 885 3652 29,
922 3586 955 3637 9
992 3601 1113 3652 sqq.
1152 3613 1219 3622 —
1268 3583 1373 3638 Ta·

226 3653 459 3724 rmum]
516 3654 743 3709 imbelle
788 3655 1107 3726 appellatur
1142 3661 1374 3726 propter

226 3723 697 3792 tranquillitatem
733 3731 792 3781 et
824 3727 1181 3782 securitatem
1208 3727 1373 3795 vitae,

231 3808 370 3876 quae
424 3797 605 3852 libera
649 3797 729 3852 ibi
776 3806 900 3854 erat
945 3817 980 3852 a
1020 3799 1262 3870 negotiis
1317 3803 1375 3853 et

226 3864 363 3920 rixis
404 3875 463 3923 et
504 3869 719 3936 litibus,
758 3871 841 3926 ita
880 3877 945 3925 ut
980 3871 1147 3942 genio
1190 3871 1373 3924 indul·

228 3941 359 4062 §eze
368 3944 441 4064 1eIt
464 3957 665 4010 corpus
703 3959 899 3998 curare
935 3944 1017 3998 ibi
1051 3945 1265 3997 liceret.
1302 3941 1371 3997 cf.

269 4023 344 4060 a.
428 4017 521 4081 ‚4,
548 4016 633 4066 84.

256 4149 267 4162 ·
300 4079 363 4134 V.
388 4087 474 4138 46.
519 4085 841 4156 Philippus]
877 4085 943 4139 L.
964 4085 1207 4142 Marcius
1241 4086 1372 4140 Phi-

228 4147 429 4223 lippus,
470 4157 663 4211 consul
691 4174 740 4211 a.
762 4175 815 4210 u.
838 4173 883 4211 c.
906 4159 1030 4227 663,
1066 4175 1232 4228 quem
1260 4159 1371 4213 Cic.

230 4219 299 4275 de
318 4222 473 4281 Orat.
496 4229 596 4298 111,
621 4231 645 4281 1
680 4229 962 4283 hominem
987 4229 1373 4285 vehementem

230 4297 289 4346 et
320 4295 591 4354 disertum
636 4305 694 4354 et
729 4300 1005 4369 imprimis
1047 4300 1253 4356 fortem
1300 4301 1372 4356 ad

230 4365 599 4426 resistendum
622 4370 889 4441 appellat.
928 4371 1011 4426 De
1035 4373 1157 4442 ipsa
1184 4377 1373 4428 autem

230 4433 419 4520 lepida
440 4442 863 4498 narratiuncula
888 4443 1029 4499 bene
1068 4446 1150 4499 sic
1183 4445 1371 4515 dispu-

230 4507 377 4586 tavit
412 4511 685 4569 Orellius:
724 4514 913 4582 „Haec
950 4516 1373 4572 narratiuncula

232 4580 313 4632 ita
348 4597 475 4638 cum
526 4586 987 4658 praecedentibus
1042 4589 1372 4655 conectitur,

1462 2297 1529 2347 ut
1566 2292 1756 2347 Vultei
1797 2293 2054 2362 exemplo
2101 2293 2238 2348 satis
2287 2292 2478 2363 lepido
2521 2293 2614 2348 de—

1462 2369 1740 2419 monstret
1763 2365 1950 2418 virum
1986 2365 2340 2434 prudentem,
2360 2365 2456 2418 ubi
2482 2381 2612 2419 casu

1463 2438 1654 2506 aliquo
1694 2436 2000 2490 collocetur
2037 2437 2097 2490 in
2138 2441 2290 2492 statu
2329 2454 2461 2492 suae
2487 2452 2614 2490 con·

1462 2508 1678 2563 dicioni
1713 2513 1883 2577 atque
1929 2507 2155 2578 ingenio
2191 2509 2376 2563 minus
2417 2525 2614 2564 conve·

1462 2581 1661 2648 nienti,
1686 2581 1858 2634 etiam
1883 2596 2010 2634 cnm
2033 2597 2148 2634 non
2171 2581 2282 2635 levi
2305 2581 2524 2636 iactura
2545 2597 2614 2634 ex

1463 2669 1531 2706 eo
1557 2669 1676 2706 sese
1703 2653 2110 2710 extricatumm
2138 2669 2275 2720 esse,
2306 2669 2416 2722 quo
2435 2670 2492 2705 m
2572 2651 2616 2705 's

1464 2723 1572 2778 sibi
1607 2728 1805 2793 aptum
1833 2726 2122 2793 occupet.“
2162 2753 2229 2762 -
2274 2724 2425 2794 foro]
2461 2724 2533 2778 ab
2559 2741 2615 2778 a·

1462 2795 1614 2849 tivus
1651 2799 1760 2864 est3
1789 2795 1848 2848 in
1887 2797 2140 2864 personis
2175 2795 2290 2850 alia
2323 2796 2472 2850 ratio
2513 2800 2614 2850 est.

1466 2865 1534 2920 cf.
1561 2867 1742 2935 Epist.
1757 2866 1800 2928 1,
1825 2869 1908 2936 18,
1925 2870 1975 2921 4.
2003 2897 2070 2906 —
2104 2866 2369 2935 Carinas]
2408 2866 2614 2936 „Vicus

1464 2937 1679 2992 Romae
1725 2938 2120 2993 celeberrimus
2167 2939 2228 2992 in
2274 2940 2506 3010 regione
2536 2938 2616 2992 IV

1466 3011 1801 3065 constitutus
1855 3011 1926 3065 ab
1963 3010 2232 3064 aedificiis
2287 3011 2346 3064 in
2384 3011 2616 3065 modum

1466 3082 1786 3136 carinarum
1806 3081 1971 3136 factis
1991 3087 2221 3136 vocatus
2241 3099 2358 3136 esse
2376 3082 2615 3152 dicitur3

1464 3154 1547 3207 ibi
1582 3153 1692 3207 fuit
1725 3153 1996 3222 templum
2035 3153 2297 3222 Telluris,
2331 3155 2496 3208 aedes
2526 3154 2614 3207 Iu-

1465 3226 1628 3278 nonis
1669 3225 1945 3293 sororiae,
1981 3225 2178 3279 domus
2213 3225 2462 3295 Pompei,
2501 3229 2615 3280 An-

1466 3297 1628 3364 tonii,
1666 3295 1728 3363 Q.
1753 3297 2051 3364 Ciceronis,
2087 3297 2328 3352 aliorum
2363 3298 2616 3353 virorum

1464 3369 1787 3438 principum
1806 3373 1864 3422 et
1887 3368 2062 3437 ipsius
2083 3368 2387 3438 Philippi.“
2431 3368 2616 3424 Obba·

1466 3440 1601 3494 rius.
1623 3439 1836 3494 Forum
1849 3439 2163 3494 Romanum
2177 3441 2238 3494 in
2251 3457 2314 3495 re
2358 3440 2616 3495 'oneVIII

1468 3512 1640 3566 situm
1677 3517 1814 3566 erat.
1855 3541 1926 3551 —
1962 3511 2253 3582 adrasum]
2337 3513 2614 3568 enendum

1467 3582 1574 3638 hoc
1609 3589 1695 3638 est
1729 3589 1788 3638 et
1823 3601 1891 3638 ex
1917 3584 2256 3638 auctoritate
2281 3585 2534 3639 codicum
2560 3588 2618 3639 et

1468 3655 1602 3724 qnia
1614 3654 1868 3710 homines
1883 3655 2248 3724 adraduntur,
2257 3655 2435 3710 barba
2455 3657 2617 3710 abra-

1467 3725 1638 3780 ditur·
1689 3727 1760 3782 Ut
1786 3727 1946 3781 aiunt
1973 3727 2186 3781 dictum
2211 3733 2297 3782 est
2321 3727 2390 3782 de
2407 3745 2471 3782 re
2489 3745 2616 3782 nar·

1466 3799 1645 3852 raudo
1671 3799 1900 3866 tradita,
1925 3803 1990 3852 ut
2017 3799 2199 3868 Epist.
2213 3799 2254 3863 1,
2277 3802 2330 3868 6,
2343 3801 2427 3854 40.
2467 3799 2510 3867 1,
2534 3801 2617 3869 1⁷,

1474 3871 1556 3923 18.
1616 3869 1702 3924 De
1734 3871 1847 3925 suis
1873 3872 2104 3940 optimis
2129 3870 2286 3926 codd.
2315 3871 2615 3940 Cruquius:

1469 3941 1684 4011 „aliqui
1732 3942 1891 3997 codd.
1937 3943 2150 3998 habent
2196 3957 2467 4008 arrasum,
2519 3942 2618 3996 sed

1466 4013 1611 4066 nulli
1647 4014 1958 4069 abrasum.“
2032 4013 2245 4069 Kelleri
2291 4031 2480 4068 omnes
2518 4013 2617 4068 ad-

1463 4101 1670 4140 rasum.
1728 4115 1795 4126 -—-
1849 4086 2048 4155 vacua]
2098 4086 2232 4153 quia
2287 4086 2382 4155 qui
2427 4085 2618 4140 adfue-

1466 4163 1600 4212 rant
1662 4158 1775 4212 iam
1833 4159 2183 4228 reliquerunt
2251 4157 2616 4225 tonstrinam,

1468 4229 1722 4284 Vulteius
1768 4235 1955 4284 autem
2013 4231 2224 4284 otiosus
2261 4233 2320 4283 et
2354 4227 2462 4282 sibi
2498 4228 2618 4298 pla·

1465 4317 1594 4356 cens
1639 4302 1723 4355 ita
1765 4307 2126 4371 remanserat,
2179 4303 2244 4356 ut
2285 4317 2354 4355 ex
2393 4300 2618 4370 placido

1465 4375 1627 4428 vultu
1665 4375 2048 4444 tranquillitas
2085 4374 2202 4428 eius
2239 4371 2414 4427 animi
2453 4372 2615 4426 intel-

1464 4445 1764 4516 legeretur.
1789 4445 1941 4500 Haec
1952 4446 2130 4516 igitur
2141 4445 2353 4514 species
2373 4443 2617 4498 hominis

1464 4515 1794 4586 Philippum
1819 4518 2030 4572 allexit.
2058 4545 2125 4557 —·
2155 4515 2446 4586 proprios]
2481 4531 2614 4569 nam

1466 4589 1620 4658 quod
1653 4589 1895 4644 tonsoris
1933 4594 2072 4664 erat,
2109 4588 2170 4643 id
2205 4587 2461 4643 Vulteius
2497 4587 2618 4660 ipse
