3092 5059
435 238 519 305 80
1403 234 1859 304 CARMINUM

735 424 1203 521 Temperant
1255 426 1448 499 vites
1503 448 1761 522 neque
1812 422 2208 498 Formiani

937 546 1224 624 Pocula
1271 548 1528 625 colles.

1295 879 1675 967 CARMEN
1738 881 1961 965 XXI.

736 1047 1062 1123 Dianam
1112 1060 1422 1124 tenerae
1471 1046 1707 1122 dicite
1754 1046 2113 1145 virgines,

735 1171 1138 1248 Intonsum
1189 1172 1411 1271 pueri
1463 1171 1697 1249 dicite
1750 1172 2165 1271 Cynthium
2242 1230 2247 1235 -

839 1294 1368 1397 Latonamque
1423 1323 1787 1398 supremo

939 1423 1318 1500 Dilectam
1368 1424 1673 1522 penitus
1720 1423 1911 1499 Iovi.

779 1696 1060 1753 carmen
1099 1698 1246 1754 xm-
1696 1656 2251 1783 32513235122133
2274 1656 2847 1797 §affixam

518 1795 856 1851 Octavianus
874 1797 946 1852 ab
960 1799 1127 1853 Actio
1145 1798 1325 1853 victor
1339 1813 1593 1850 reversus
1696 1799 1791 1854 rit.
1830 1799 2021 1853 Prima
2044 1800 2275 1869 stropha
2292 1804 2473 1853 totam
2498 1798 2658 1867 quasi
2683 1797 2846 1853 fami·

444 1866 504 1921 in
539 1867 810 1923 honorem
833 1869 1134 1938 Apollinis,
1171 1870 1262 1924 eui
1296 1868 1595 1923 victoriam
1698 1871 1832 1925 liam
1869 1871 2159 1941 coniungit
2194 1870 2413 1939 (filium,
2456 1875 2713 1938 matrem,
2748 1886 2849 1939 pa-

445 1956 504 1992 se
524 1938 732 1994 debere
751 1946 996 2009 putaret,
1017 1940 1178 1995 ludos
1196 1941 1454 1995 Actiacos
1481 1941 1595 2008 pri·
1698 1941 1869 2012 trem)
1904 1941 2135 2011 stropha
2172 1942 2412 1997 secunda
2436 1940 2610 1996 filiam
2634 1941 2849 2007 laudat,

448 2028 604 2065 mum
627 2028 678 2065 a.
701 2013 806 2065 726
823 2013 1148 2067 celebravit.
1186 2013 1306 2066 Iam
1325 2029 1450 2066 cum
1473 2015 1595 2065 tota
1698 2015 1871 2068 tertia
1914 2013 2113 2081 filium,
2168 2014 2361 2069 eodem
2414 2030 2525 2081 quo
2575 2017 2707 2067 ante
2756 2028 2848 2065 or·

445 2081 612 2135 huius
628 2084 888 2137 carminis
907 2084 1055 2139 ratio
1073 2084 1146 2138 ad
1166 2084 1324 2137 ludos
1345 2084 1404 2135 in
1423 2083 1594 2137 hono·
1698 2086 1845 2149 dine,
1886 2090 1943 2139 et
1980 2086 2113 2154 quia
2158 2086 2229 2139 de
2260 2085 2543 2153 Apolline,
2580 2084 2678 2153 qui
2716 2100 2853 2138 vere

447 2171 568 2208 rem
587 2154 868 2223 Apollinis
893 2162 950 2210 et
971 2155 1188 2211 Dianae
1217 2155 1438 2209 habitos
1469 2172 1594 2223 per·
1698 2161 1783 2211 est
1834 2152 2160 2223 ἀλεξίκακος,
2215 2158 2382 2226 plura
2434 2161 2519 2211 est
2574 2156 2849 2211 dicturus.

444 2225 644 2290 tineat,
682 2224 756 2279 ad
793 2226 1118 2282 indicendos
1141 2232 1200 2281 et
1235 2226 1595 2281 celebrandos
1696 2228 1915 2283 Deinde
1950 2228 2185 2298 stropha
2222 2231 2249 2281 l
2288 2232 2349 2283 et
2382 2227 2616 2297 stropha
2652 2230 2688 2281 8
2722 2232 2849 2281 tan-

445 2314 539 2351 eos
557 2297 720 2351 ludos
729 2297 1028 2353 Horatium
1049 2300 1188 2354 haec
1201 2298 1464 2353 cecinisse
1477 2315 1595 2352 cre-
1696 2305 1892 2369 topere
1928 2300 2077 2354 inter
2112 2317 2169 2354 se
2206 2305 2540 2371 congruunt,
2570 2304 2633 2353 ut
2652 2316 2851 2353 versus

445 2368 624 2423 dibile
661 2372 760 2421 est.
809 2369 946 2423 Cum
985 2387 1096 2439 qua
1129 2387 1192 2424 re
1229 2370 1335 2424 hoc
1369 2370 1597 2439 egregie
1696 2372 1903 2438 versui,
1942 2370 2276 2426 vocabulum
2309 2371 2582 2427 vocabulo
2618 2386 2851 2440 respon·

447 2440 743 2507 consentit,
771 2440 922 2507 quod
947 2442 1140 2497 eodem
1165 2458 1310 2495 anno
1338 2440 1597 2495 Octavia·
1695 2442 1853 2511 deat;
1892 2460 1995 2499 nec
2038 2443 2223 2497 minus
2258 2444 2492 2513 stropha
2528 2442 2562 2496 2
2612 2448 2673 2497 et
2708 2448 2852 2497 stro-

449 2528 552 2565 nus
573 2510 953 2579 expeditiones
969 2514 1212 2583 parabat
1224 2514 1282 2567 in
1294 2511 1596 2566 Britannos
1696 2514 1811 2582 pha
1846 2516 1881 2567 4
1918 2514 2237 2569 simillimae
2272 2523 2419 2570 sunt.

733 2585 781 2634 1.
857 2584 1096 2639 Dianam
1291 2589 1516 2639 tenerae
1664 2577 1670 2656 Ι
1712 2586 1882 2639 dieite
2014 2586 2021 2669 Ι
2060 2586 2119 2639 vi
2190 2586 2307 2639 ines

729 2654 780 2706 9.
855 2652 965 2709 Vos
998 2656 1206 2727 Tempe
1293 2654 1534 2710 totidem
1664 2673 1669 2689 ·
1712 2657 1901 2712 tollite
2015 2679 2021 2690 ·
2060 2657 2155 2712 lau
2194 2657 2319 2713 ibus

729 2726 781 2779 2.
853 2726 1144 2783 Intonsum
1295 2727 1456 2796 pueri
1663 2692 1669 2775 Ι
1712 2728 1885 2782 dieite
2014 2749 2021 2803 Ι
2064 2729 2363 2797 Cynthium

699 2799 782 2850 lo.
852 2798 1112 2855 Natalem
1297 2816 1404 2868 que
1439 2814 1623 2853 mares
1665 2786 1673 2860 Ι
1715 2800 1895 2855 Delon
1919 2803 1971 2854 A
2016 2813 2021 2867 ξ
2062 2801 2289 2870 pollinis

729 2870 781 2921 3.
854 2868 1240 2941 Latonamque
1341 2887 1600 2939 supremo

704 3373 729 3423 ..a

859 3297 1250 3369 Quaecumque
1339 3305 1438 3354 aut
1479 3313 1486 3355 ι
1525 3300 1713 3369 gelido
1876 3300 1885 3383 Ι
1926 3301 2207 3370 prominet
2247 3298 2253 3349 l
2295 3299 2505 3369 Algido

858 3370 1190 3441 Pestemque
1219 3392 1249 3430 ο
1369 3390 1406 3425 a
1479 3358 1486 3439 Ι
1525 3374 1735 3441 populo
1772 3376 1831 3426 et
1878 3386 1883 3409 ¹
1926 3372 2179 3441 principe
2248 3356 2256 3435 Ι
2298 3369 2529 3425 Caesare
2566 3371 2627 3424 in

859 3442 1052 3512 Nigris
1141 3448 1240 3498 aut
1273 3442 1612 3509 Erymanthi

861 3512 1057 3569 Persas
1140 3518 1310 3583 atque
1347 3514 1653 3569 Britannos

591 2582 662 3635 <51555232f135525157432552

701 3086 726 3136 ..-

705 2942 785 2993 11.
858 2940 1250 3013 Insignemque
1339 2942 1608 3011 pharetra

731 3014 781 3065 4.
854 3011 1132 3069 Dilectam
1181 3018 1187 3095 Ι
1228 3014 1450 3083 penitus
1712 3014 1834 3069 Iovi

733 3083 782 3137 2.
855 3083 1130 3141 Fraterna
1181 3100 1188 3149 ι
1229 3100 1337 3153 que
1369 3102 1623 3141 umerum
1711 3087 1837 3154 lyra

733 3156 784 3208 5.
857 3154 966 3210 Vos
1008 3158 1014 3233 Ι
1054 3158 1258 3212 laetam
1311 3156 1317 3203 Ι
1357 3155 1543 3211 fluviis
1794 3164 1852 3213 et
1972 3169 1979 3207 1
2018 3172 2309 3211 nemorum
2350 3160 2359 3247 Ι
2400 3173 2559 3211 coma

705 3228 786 3351 lg.
859 3226 970 3283 Hic
1005 3242 1014 3293 Ι
1055 3229 1264 3283 bellum
1309 3215 1316 3299 Ι
1356 3228 1615 3283 lacrimos
1710 3246 1805 3283 um
1836 3229 1930 3284 hic
1973 3216 1981 3298 Ι
2021 3228 2283 3283 miseram
2351 3250 2356 3288 ι
2399 3227 2603 3283 famem

733 3371 786 3423 4.

737 3441 787 3492 7.

737 3514 788 3567 5.

733 3586 784 3638 8.

705 3515 730 3565 ..a

647 3624 658 3636 .
857 3584 1025 3641 Silvis
1155 3592 1252 3641 aut
1289 3585 1487 3640 viridis
1539 3584 1549 3664 Ι
1590 3586 1759 3657 Gragi

598 3652 661 3707 V.
702 3656 786 3708 16.
860 3655 1060 3713 Vestra
1155 3662 1340 3712 motus
1377 3662 1506 3728 aget
1537 3667 1547 3720 Ι
1586 3675 1751 3727 prece

527 3722 683 3790 Quae
719 3730 1086 3797 congruentia
1111 3730 1510 3785 vocabulorum
1547 3734 1607 3783 et
1708 3734 1798 3783 cet
1821 3730 2077 3783 intonsus
2102 3728 2275 3783 crinis
2298 3732 2600 3795 utrumque
2631 3726 2857 3780 deum.“

454 3798 621 3881 metri
645 3798 879 3853 suadere
909 3800 1150 3869 videtur,
1187 3806 1250 3855 nt
1283 3818 1509 3855 carmen
1533 3800 1605 3885 ab
1708 3830 1777 3841 —
1816 3800 2131 3884 Cym-kima]
2146 3871 2155 3881 ·
2168 3818 2203 3853 a
2241 3798 2367 3853 Deli
2406 3802 2595 3851 monte
2620 3797 2857 3865 Cyntho.

455 3873 1409 3999 ffifflffleffifflfffi
1419 3872 1605 4012 “1¹:355
1708 3900 1801 4012 fv,
1812 3888 2014 4012 ”1323
2032 3870 2518 4012 Ἥέἔῖῖῗέ
2526 3868 2641 3995 ἐξ
2664 3871 2861 3995 ’.Ξὶέὲ

458 4030 678 4069 versum
699 4015 1194 4086 primum,puellae
1211 4033 1262 4069 v.
1283 4015 1605 4082 secundum,
1707 4016 1901 4084 pineta
1936 4020 2085 4083 sunt,
2122 4013 2219 4069 sed
2252 4030 2463 4078 omnes,
2500 4030 2739 4081 quarum
2776 4030 2865 4067 ar·

455 4090 694 4153 uterque
743 4086 943 4142 chorus
993 4106 1083 4143 vv.
1121 4090 1154 4142 3
1202 4092 1259 4143 et
1301 4090 1362 4155 43
1407 4086 1608 4141 deinde
1710 4088 1875 4141 bores
1910 4086 2118 4140 viridia
2152 4085 2375 4154 quidem
2401 4085 2497 4139 sed
2534 4084 2607 4139 ad
2630 4085 2860 4155 nigrum

457 4157 744 4226 stropham
756 4159 992 4213 alteram
1011 4159 1192 4229 pueri,
1207 4159 1434 4213 tertiam
1451 4157 1605 4227 puel·
1712 4158 1950 4213 colorem
1990 4175 2089 4211 ver
2130 4157 2285 4212 entia
2320 4156 2533 4211 habent
2578 4156 2749 4225 folia;
2798 4159 2863 4209 ut

456 4228 562 4296 lae,
601 4233 859 4296 quartam
896 4236 1134 4299 uterque
1171 4232 1376 4285 iterum
1403 4228 1605 4284 chorus
1708 4230 1821 4284 ilex
1852 4229 2039 4299 niara,
2080 4176 2243 4283 gvid.
2269 4231 2397 4282 Am.
2424 4228 2496 4289 11.
2524 4229 2575 4293 6,
2602 4230 2697 4281 49:
2738 4230 2860 4295 „ni-

459 4305 710 4355 eantasse
733 4300 1012 4357 videntur.
1041 4332 1107 4343 --
1133 4300 1382 4370 Dianae]
1421 4302 1607 4370 prima
1776 4317 1812 4355 a
1844 4318 2040 4355 nemus
2076 4301 2203 4355 ilice
2243 4300 2523 4355 frondet-‘⁶
2588 4299 2666 4353 id.
2706 4298 2858 4353 Fast.

459 4370 674 4437 syllaba
709 4372 988 4440 producta
1025 4379 1126 4441 est,
1161 4378 1228 4427 ut
1266 4373 1416 4442 apud
1441 4372 1607 4442 Verg.
1736 4372 1781 4439 Ι,
1822 4372 1949 4426 165;
2008 4371 2214 4441 „densa
2260 4372 2421 4441 niae:-
2474 4371 2598 4425 ilice
2648 4370 2861 4425 luens.‘⁸

459 4445 597 4497 Aen.
636 4441 681 4511 1,
705 4445 828 4497 499.
865 4474 932 4485 -
969 4446 1274 4513 intonsum]
1309 4444 1490 4514 Epod.
1521 4448 1607 4511 15,
1710 4444 1857 4499 abies
1944 4444 1955 4455 ‘
2020 4460 2056 4498 a
2092 4442 2244 4512 apud
2280 4441 2491 4513 Vergil.
2526 4442 2660 4497 Buc-
2690 4444 2743 4506 6,
2774 4444 2869 4495 54.

460 4514 512 4565 9.
551 4512 758 4567 Tibull.
784 4515 827 4577 Ι,
853 4518 906 4584 4,
926 4518 1018 4569 37:
1059 4516 1238 4584 „Solis
1270 4522 1500 4571 aeterna
1523 4519 1610 4570 est
1710 4518 1850 4569 Aen.
1892 4460 2055 4581 Ἢ,
2112 4516 2233 4569 599.
2296 4542 2365 4555 ·-
2422 4513 2609 4583 Gragi]
2658 4514 2865 4569 montis

461 4582 688 4639 Phoebo
708 4585 1036 4655 Bacchoque
1061 4589 1316 4643 iuventa:
1347 4587 1488 4642 Nam
1515 4587 1609 4641 de·
1712 4586 1931 4655 Lyciae,
1952 4587 2049 4654 qui
2070 4586 2266 4641 viridis
2284 4586 2603 4655 appellatur
2628 4590 2865 4655 propter
