3092 5059
1035 207 1198 273 LIB.
1241 207 1360 273 III.
1408 205 1659 273 GARM„
1703 207 1855 272 XII.

2532 208 2651 273 199

1131 394 1510 481 GARMEN
1574 396 1757 481 XII.

417 562 900 639 Miserarum
934 577 1049 639 est
1075 587 1330 661 neque
1356 561 1606 638 amori
1640 562 1825 637 dare
1852 561 2119 637 ludum
2158 585 2410 661 neque
2438 560 2651 637 dulci

419 688 660 763 Mala
709 688 888 763 vino
939 686 1202 763 lavere
1253 698 1386 762 aut
1439 686 1869 762 exanimari
1918 698 2343 763 metuentes

542 811 878 887 Patruae
929 812 1256 888 verbera
1305 811 1643 909 linguae.

421 962 628 1039 Tibi
681 961 998 1062 qualum
1052 962 1481 1059 Cythereae
1535 986 1730 1063 puer
1779 960 1959 1058 ales,
2008 963 2151 1037 tibi
2204 961 2393 1037 telas

356 1120 386 1162 ε
431 1086 1008 1186 Operosaeque
1057 1088 1458 1163 Minervae
1509 1088 1851 1164 studium
1906 1087 2183 1184 aufert,
2231 1085 2607 1182 Neobule,

541 1210 908 1309 Liparaei
962 1211 1168 1287 nitor
1215 1209 1490 1306 Hebri,

426 1360 703 1439 Simul
746 1372 1020 1435 unctos
1065 1360 1453 1436 Tiberinis
1503 1384 1812 1435 umeros
1855 1357 2047 1434 lavit
2094 1359 2173 1432 in
2226 1358 2475 1456 undis,

422 1486 706 1585 Eques
757 1485 926 1584 ipso
980 1483 1255 1560 melior
1308 1482 1933 1583 Bellerophonte,
1988 1509 2242 1583 neque
2285 1509 2549 1585 pugno

546 1609 825 1710 Neque
877 1609 1096 1709 segni
1144 1608 1350 1708 pede
1401 1609 1671 1705 victus,

331 1800 388 1839 ιο
431 1760 690 1839 Catus
741 1759 949 1836 idem
999 1784 1142 1859 per
1193 1770 1549 1858 apertum
1600 1756 1981 1857 fugientes
2034 1757 2326 1857 agitato

433 1889 713 1984 Grege
765 1910 1033 1962 cervos
1086 1882 1406 1959 iaculari
1460 1896 1536 1960 et
1590 1883 1794 1959 celer
1843 1896 2013 1960 arto
2063 1883 2490 1959 latitantem

549 2012 942 2088 Fruticeto
997 2010 1352 2109 excipere
1407 2035 1711 2107 aprum.

611 2200 893 2255 Carmen
923 2198 1048 2255 XII.

295 2297 589 2352 Horatius
647 2296 744 2365 qui
799 2295 1002 2350 ultimo
1049 2294 1214 2349 huius
1267 2294 1401 2349 libri

222 2370 486 2424 carmine
550 2368 895 2423 Graecorum
948 2368 1151 2437 lyricos
1205 2367 1400 2421 modos

227 2440 302 2495 ad
345 2441 601 2496 Latinos
651 2457 710 2494 se
751 2439 998 2509 primum
1045 2438 1401 2493 transtulisse

221 2512 539 2581 gloriatur,
575 2511 852 2567 imitando
903 2512 1151 2565 carmine
1185 2510 1400 2579 Alcaei,

227 2584 386 2638 cuius
423 2584 654 2655 primus
703 2598 898 2637 versus
944 2586 1197 2636 servatus
1235 2582 1400 2636 nobis

229 2660 314 2710 est
351 2654 591 2725 (p.181
633 2653 1018 2723 Schneidew.):

295 2722 436 2797 Ἐμὲ
473 2722 686 2792 δειλὰν,
720 2726 824 2797 ἐμὲ
859 2726 1052 2779 πασᾶν
1086 2718 1402 2779 κακστάτων

840 2797 1199 2867 πεδέχοισαν.

233 2866 340 2923 hoc
383 2886 622 2939 quoque
668 2867 956 2924 difficilius
1003 2872 1246 2922 metrum
1279 2870 1399 2921 ten-

229 2941 396 2994 tavit.
445 2940 602 2996 Nam
639 2940 795 2995 aliud
831 2940 1123 2995 consilium
1158 2940 1220 2993 in
1251 2956 1398 2993 com-

233 3012 500 3078 ponendo
557 3012 667 3067 hoc
715 3011 962 3065 carmine
1012 3028 1126 3065 non
1175 3011 1401 3065 videtur

237 3098 353 3138 esse
390 3088 652 3153 secutus3
695 3100 869 3153 quare
915 3100 1041 3137 cum
1088 3082 1214 3137 aliis
1250 3081 1402 3137 hunc

235 3169 462 3224 quoque
580 3148 710 3209 ονόλ
783 3172 848 3208 ον
909 3154 1187 3209 Neobules
1247 3158 1400 3207 recte

239 3226 400 3280 nobis
437 3229 502 3281 vi
545 3243 706 3281 emur
781 3226 949 3281 abere
969 3242 1152 3294 neque
1177 3224 1401 3279 obstare

235 3300 524 3366 putamus,
563 3297 714 3367 quod
737 3314 790 3351 v.
815 3300 852 3350 4
875 3296 1129 3352 Neobule
1166 3296 1398 3350 alterius

239 3368 423 3423 utitur
459 3386 738 3440 personae
769 3368 981 3437 forma3
1027 3385 1163 3422 nam
1207 3368 1267 3421 in
1298 3388 1400 3451 μο·

240 3433 496 3509 νολόγοις
542 3446 603 3497 et
638 3441 845 3495 nostris
893 3440 1076 3509 poetis
1113 3444 1172 3493 et
1209 3439 1402 3494 latinis

240 3509 424 3567 altera
461 3530 706 3583 persona
741 3512 878 3567 satis
915 3515 1000 3566 est
1035 3512 1264 3566 usitata.
1311 3510 1400 3565 In-

245 3580 490 3639 feliciter
514 3584 774 3639 Ritterus
799 3584 1109 3652 suspicatus
1135 3586 1238 3649 est,
1259 3582 1400 3637 Neo-

243 3650 415 3708 bulen
471 3673 578 3740 per
645 3654 888 3725 primam
955 3654 1248 3724 stropham
1301 3672 1402 3709 sua

245 3724 436 3794 verba,
473 3745 535 3781 m
549 3727 772 3789 ,ceteris
796 3726 989 3798 patrui
1025 3726 1238 3795 probra
1275 3726 1400 3779 imi·

249 3795 461 3853 tatione
506 3816 770 3869 expressa
813 3798 1071 3853 recitare.
1142 3796 1262 3852 Alii
1301 3815 1401 3867 pu-

248 3866 459 3935 tarunt,
507 3870 808 3925 Horatium
843 3869 1037 3924 Alcaei
1082 3870 1402 3938 exemplum

252 3935 558 3997 deseruisse
584 3946 754 4011 atque
779 3942 964 4011 ipsum
988 3940 1281 3995 Neobulen
1306 3940 1400 3995 ad-

251 4023 490 4081 monere,
537 4018 603 4068 ut
653 4014 856 4068 relicto
900 4018 1105 4082 patruo
1152 4011 1402 4067 Hebrum

255 4088 534 4149 sequatur.
593 4084 683 4137 Ex
727 4085 948 4155 origine
985 4084 1247 4139 carminis
1288 4083 1400 4139 fac-

257 4152 376 4206 tum
432 4172 549 4210 esse
611 4156 908 4224 credimus,
965 4156 1116 4225 quod
1169 4172 1401 4226 graecos

257 4236 435 4280 mores
489 4226 584 4295 (cf.
623 4246 678 4281 v.
736 4228 890 4282 mala
929 4227 1056 4281 vino
1101 4226 1292 4294 lavere,
1340 4227 1400 4282 id

261 4294 407 4359 quod
452 4300 720 4353 abhorret
766 4299 838 4352 ab
888 4298 1141 4353 Romana
1196 4299 1400 4353 severi·

261 4366 398 4431 tute)
435 4373 492 4424 et
533 4370 786 4426 Romana
821 4369 946 4425 loca
980 4370 1160 4423 mixta
1199 4368 1401 4425 habea-

265 4448 411 4521 mm‘.
473 4440 750 4497 Neobules
797 4446 985 4496 autem
1035 4446 1094 4496 et
1136 4440 1403 4511 Liparaei

269 4518 503 4577 nomina,
555 4518 622 4568 ut
655 4513 838 4568 Carm.
875 4512 919 4579 1,
961 4513 1024 4566 11
1063 4512 1404 4583 Leuconoes,

1500 2157 1671 2211 metri
1690 2156 1910 2211 ratione
1932 2155 2130 2210 habita
2152 2152 2288 2209 ficta
2310 2157 2456 2209 sunt.
2492 2152 2653 2209 Tem-

1499 2246 1608 2299 pus
1644 2226 1870 2283 definiri
1910 2226 2122 2296 nequit.

1574 2300 1639 2354 V.
1653 2300 1701 2354 1.
1720 2298 1899 2353 amori
1914 2298 2047 2353 darc
2059 2295 2269 2367 ludum]
2291 2295 2383 2351 Sic
2402 2296 2515 2351 cic.
2530 2313 2655 2366 pro.

1503 2371 1693 2426 Caelio
1735 2372 1830 2424 12:
1872 2370 2088 2441 „Datur
2110 2386 2373 2423 concessu
2402 2367 2655 2423 omnium

1500 2443 1635 2498 huic
1680 2442 1885 2512 aliquis
1930 2441 2093 2496 ludus
2138 2441 2367 2495 aetati.“
2432 2470 2498 2479 —
2544 2456 2652 2510 pa-

1500 2514 1680 2583 truae]
1733 2518 1971 2583 patruus
2015 2518 2180 2582 patre
2226 2512 2422 2566 durior
2466 2516 2527 2567 et
2572 2528 2653 2566 se-

1499 2587 1708 2654 verior,
1746 2586 1877 2639 inde
1918 2586 1977 2639 in
2023 2584 2388 2655 proverbium
2422 2586 2653 2653 patruo-

1500 2676 1628 2712 rum
1676 2658 1943 2711 severitas
1988 2656 2157 2725 abiit3
2207 2654 2279 2709 cf.
2326 2654 2441 2710 Sat.
2488 2654 2563 2724 11,
2600 2657 2653 2723 3,

1500 2731 1589 2785 88.
1661 2728 1771 2784 Cic.
1809 2746 1913 2798 pro
1951 2728 2098 2783 Cael.
2139 2730 2231 2781 11:
2288 2725 2431 2795 „Qui
2469 2727 2529 2780 in
2566 2743 2658 2781 re-

1501 2801 1659 2870 liqua
1699 2800 1821 2855 vita
1875 2800 2037 2854 miles
2079 2802 2242 2868 esset,
2286 2797 2399 2852 fuit
2443 2797 2503 2852 in
2547 2797 2655 2853 hac

1501 2889 1671 2927 causa
1727 2872 2011 2942 pertristis
2081 2871 2311 2941 quidam
2388 2875 2653 2939 patruus,

1501 2960 1715 3069 celnsocr,
1770 2943 2217 3067 magstegf‘lg-
2272 2938 2472 3010 lavere]
2523 2940 2654 3082 vid?

1501 3034 1534 3070 a
1676 3032 1814 3069 arm.
1932 3054 1945 3081 ‚
2043 3053 2057 3081 ,
2176 3051 2189 3065 .
2246 3042 2315 3051 ——
2370 3028 2629 3083 operosae

1447 3148 1452 3152 ‚
1501 3104 1701 3157 graece
1740 3080 1961 3154 ἐργάνη,
2010 3084 2141 3153 quia
2194 3089 2417 3154 praeest
2457 3084 2656 3138 mulie·

1501 3159 1699 3212 bribus
1734 3156 2012 3226 operibus.
2039 3184 2103 3193 —
2133 3154 2409 3224 Liparaei
2460 3154 2633 3209 Helm

1501 3230 1653 3284 Bene
1687 3232 1949 3282 notatum
1994 3230 2098 3293 est,
2142 3224 2287 3280 fictis
2334 3226 2505 3281 etiam
2558 3242 2653 3280 no·

1500 3300 1747 3355 minibus
1792 3300 1867 3354 ad
1912 3303 2125 3353 certam
2174 3298 2423 3366 aliquam
2464 3314 2651 3366 perso·

1499 3390 1633 3427 nam
1667 3370 1895 3427 lectoris
1932 3369 2109 3425 menti
2160 3368 2655 3424 demonstrandam

1497 3444 1720 3514 patriae
1758 3443 1987 3497 nomina
2010 3440 2144 3496 addi
2168 3442 2364 3495 solere.
2387 3470 2448 3479 —-
2472 3440 2651 3511 eques]

1501 3516 1632 3570 vide
1678 3514 1749 3567 ad
1797 3514 1976 3568 Carm.
2030 3512 2131 3577 111,
2167 3514 2219 3581 7,
2250 3514 2337 3567 25.
2374 3542 2445 3551 —
2480 3512 2653 3567 Bezze-

1498 3584 1790 3657 rophonte]
1830 3585 2049 3640 Ultima
2073 3583 2287 3651 syllaba
2322 3583 2654 3655 producitur

1501 3675 1536 3713 a
1584 3674 1788 3729 graeca
1842 3656 2026 3711 forma
2074 3650 2534 3728 Βελλεροφόντης.
2584 3685 2653 3694 ——

1501 3729 1685 3799 catus]
1738 3728 1867 3783 vide
1927 3728 1998 3782 ad
2048 3727 2230 3781 Carm.
2279 3727 2321 3790 Ι,
2375 3726 2459 3795 10,
2496 3728 2547 3780 3.
2584 3756 2651 3766 --

1501 3800 1653 3869 arto]
1688 3800 1780 3855 Sic
1803 3799 1862 3853 in
1883 3798 2045 3853 bonis
2071 3798 2256 3867 codd.;
2286 3798 2655 3868 praeferenda

1501 3872 1668 3927 lectio
1716 3876 1774 3926 et
1820 3872 1954 3940 quia
1998 3875 2121 3925 arto
2156 3869 2378 3924 facilius
2414 3870 2559 3924 abiit
2593 3870 2653 3923 in

1501 3944 1613 3999 alto
1666 3944 1979 3998 scribarum
2031 3941 2123 3995 vel
2176 3941 2395 3996 incuria
2435 3941 2527 3996 vel
2572 3940 2653 3994 in-

1501 4015 1681 4083 scitia,
1718 4019 1777 4069 et
1826 4014 1959 4083 quia
2008 4017 2191 4067 artum
2234 4013 2272 4065 i.
2326 4030 2371 4066 e.
2413 4012 2653 4081 spissum

1501 4086 1849 4142 contrarium
1869 4088 1955 4139 est
2017 4082 2361 4138 raecedentis
2402 4102 2455 4136 v.
2492 4098 2651 4153 aper-

1501 4164 1635 4213 tum.
1671 4158 1743 4213 cf.
1774 4156 1937 4212 Hom.
2025 4154 2080 4209 d.
2112 4152 2263 4223 XIX,
2294 4154 2417 4207 439.
2456 4182 2521 4193 —
2564 4170 2651 4208 ex-

1501 4229 1697 4299 cipere]
1734 4232 1799 4282 nt
1836 4227 2107 4298 δέχεσθαι
2156 4230 2489 4281 venatorum
2524 4241 2650 4293 pro-

1503 4301 1693 4370 prium
1752 4304 1852 4355 est.
1945 4295 2134 4351 Senec.
2184 4296 2254 4351 de
2307 4296 2529 4351 Provid.
2586 4298 2651 4350 5:

1503 4366 2421 4499 aiiijssoeffsoessssssssaffissussffii
2434 4368 2655 4495 ⁰⁸&AE

1504 4514 1784 4569 venabulo
1821 4511 2093 4581 excepit.“
2665 4524 2674 4532 ·
