3092 5059
1053 242 1327 307 LIBER.
1403 240 1653 307 CARM.
1699 240 1881 306 XIII.

2555 240 2682 305 319

477 426 986 505 Occasionem
1043 430 1140 507 de
1193 430 1344 524 die,
1399 428 1741 528 dumque
1794 428 2043 505 virent
2092 454 2345 528 genua

319 585 346 627 s
379 554 480 629 Et
529 552 776 649 decet,
832 554 1172 632 obducta
1228 555 1571 631 solvatur
1622 556 1881 631 fronte
1932 567 2301 631 senectus.

473 678 590 754 Tu
644 679 822 754 vina
874 680 1264 779 Torquato
1321 704 1546 755 move
1600 679 1913 753 consule
1961 704 2227 774 pressa
2276 705 2472 755 meo.

381 804 658 882 Cetera
707 805 924 881 mitte
971 805 1226 905 loqui:
1283 804 1470 881 deus
1523 803 1717 880 haec
1768 804 2097 879 fortasse
2150 804 2488 903 benigna

478 928 822 1004 Reducet
871 929 948 1003 in
1005 928 1268 1005 sedem
1324 929 1510 1004 vice.

1616 928 1837 1004 Nunc
1894 942 1969 1004 et
2021 926 2549 1006 Achaemenio

381 1052 754 1129 Perfundi
806 1053 1052 1130 nardo
1104 1056 1320 1131 iuvat
1366 1067 1443 1131 et
1490 1054 1647 1130 fide
1709 1052 2081 1152 Cyllenea

295 1210 348 1249 ιο
482 1176 781 1253 Levare
831 1178 1019 1254 diris
1072 1192 1388 1279 pectora
1431 1177 2103 1275 sollicitudinibus,

377 1301 680 1379 Nobilis
733 1315 818 1380 ut
868 1303 1150 1403 grandi
1201 1303 1482 1379 cecinit
1527 1302 1957 1379 Centaurus
2002 1303 2350 1379 alumno:

481 1426 800 1524 Invicte,
852 1428 1199 1504 mortalis
1249 1427 1396 1504 dea
1439 1442 1619 1531 nate
1670 1454 1867 1527 puer
1920 1427 2265 1525 Thetide,

376 1553 487 1628 Te
539 1566 796 1629 manet
840 1552 1201 1631 Assaraci
1250 1553 1501 1647 tellus,
1560 1578 1793 1653 quam
1844 1552 2141 1650 frigida
2189 1553 2412 1650 parvi

479 1677 825 1754 Findunt
875 1676 1332 1756 Scamandri
1379 1679 1699 1755 flumina
1748 1678 2091 1754 lubricus
2145 1690 2220 1754 et
2272 1675 2596 1777 Simois3

276 1874 554 1941 Bentleio,
592 1877 690 1946 qui
736 1894 804 1931 ex
841 1877 1164 1932 coniectura
1207 1876 1434 1946 scripsit

277 1948 466 2003 amice.
503 1946 668 2003 Hunc
691 1949 868 2003 secuti
901 1952 1033 2003 sunt
1059 1948 1268 2018 Haupt.
1296 1948 1434 2003 Mei·

275 2018 401 2073 nek.
449 2018 677 2074 Linker.
729 2020 982 2076 Mueller.
1035 2020 1235 2075 Lehrs.
1289 2020 1433 2074 Eck-

277 2090 440 2145 stein.
497 2090 581 2145 Ne
618 2091 758 2145 illud
797 2092 1025 2160 quidem
1058 2092 1432 2147 necessarium

276 2166 380 2230 est,
406 2162 558 2232 quod
573 2162 832 2218 Kellerus
853 2164 1218 2235 excogitavit:
1243 2164 1432 2233 „equi-

275 2232 406 2287 dem
435 2234 601 2289 antici
634 2257 704 2281 =
739 2252 840 2290 nos
873 2235 1054 2301 amici,
1089 2254 1203 2291 non
1235 2258 1306 2282 ==
1337 2250 1435 2291 vos

277 2304 442 2360 amici
464 2306 950 2375 interpretandum
977 2324 1096 2362 esse
1123 2308 1434 2376 arbitror“;

277 2376 448 2445 quod,
494 2394 813 2448 quanquam
849 2378 1110 2435 Schiitzio
1160 2396 1274 2433 non
1321 2378 1434 2433 dis-

277 2448 495 2516 plicuit,
533 2453 722 2505 tamen
750 2450 1162 2517 difficultatem,
1203 2449 1250 2505 si
1291 2468 1434 2519 quae

276 2518 425 2574 inest
467 2520 528 2575 in
571 2522 735 2575 varia
777 2522 1116 2578 allocutione
1169 2522 1336 2577 amici
1377 2526 1434 2577 et

277 2606 328 2645 v.
356 2591 388 2644 6
425 2596 505 2660 tu,
539 2610 654 2647 non
677 2597 868 2661 potest
901 2611 1172 2649 amovere.
1202 2594 1432 2663 Sympo-

277 2662 498 2718 siarcha
531 2682 646 2719 non
679 2669 748 2719 ut
781 2664 921 2720 deus
963 2684 1032 2721 ex
1066 2665 1326 2721 machina
1374 2666 1434 2719 in

277 2734 550 2789 auxilium
606 2741 842 2791 vocatur
855 2776 869 2805 ,
925 2738 1022 2792 sed
1079 2756 1180 2791 sua
1235 2742 1434 2807 sponte

278 2804 452 2860 adest.
502 2807 572 2863 cf.
612 2807 791 2863 Oarm.
830 2810 874 2878 1,
911 2811 1001 2877 27,
1038 2812 1090 2863 7.
1151 2809 1239 2877 37,
1274 2811 1326 2863 4.
1363 2836 1433 2849 -·-

279 2875 348 2931 de
384 2877 490 2947 dic]
542 2878 612 2933 de
647 2881 932 2948 praesenti
978 2880 1084 2944 die,
1125 2881 1268 2934 nihil
1307 2896 1432 2935 con-

277 2946 368 3001 fisi
405 2948 598 3006 futuro
633 2956 904 3021 tempore.
943 2952 1011 3006 cf.
1051 2951 1228 3007 Carm.
1250 2950 1350 3013 111,
1379 2954 1431 3019 8,

277 3020 366 3072 27.
406 3050 471 3060 -
507 3022 684 3077 virent
713 3021 916 3093 yma]
963 3023 1033 3078 cf.
1082 3024 1262 3078 Carm.
1301 3024 1344 3087 1,
1383 3025 1434 3091 9,

282 3094 366 3145 17.
401 3091 468 3145 In
502 3093 739 3163 genibus
774 3095 950 3149 robur
982 3096 1231 3163 corporis
1258 3096 1436 3149 inesse

275 3162 458 3217 visum
493 3170 579 3219 est
616 3166 864 3234 antiquis
901 3167 1237 3221 hominibus.
1287 3166 1434 3221 Plin.

278 3232 348 3287 N.
385 3234 455 3289 H.
501 3236 597 3304 XI,
645 3240 740 3291 46:
798 3238 1078 3306 „Genibus
1130 3238 1434 3303 hominum,

277 3305 481 3375 inquit,
519 3308 666 3362 inest
703 3310 976 3377 quaedam
1011 3310 1212 3381 religio
1251 3309 1437 3364 obser-

277 3378 505 3433 vatione
539 3380 820 3450 gentium3
865 3382 1002 3435 haec
1037 3381 1315 3451 supplices
1353 3384 1436 3435 at·

279 3449 533 3519 tingunt,
591 3452 664 3505 ad
722 3452 862 3507 haec
915 3470 1111 3507 manus
1167 3452 1433 3513 tendunt,

277 3520 418 3576 haec
451 3526 516 3575 ut
551 3538 678 3576 aras
717 3523 989 3593 adorant3
1027 3525 1266 3579 fortasse
1303 3524 1436 3593 quia

277 3592 423 3646 inest
457 3593 528 3647 iis
579 3594 884 3649 vitalitas.“
961 3596 1100 3650 Inde
1138 3596 1436 3651 Homerica

279 3662 380 3745 illa
403 3664 554 3717 θεῶν
579 3666 641 3720 ἐν
671 3661 902 3735 γούνασι
930 3673 1095 3720 κεῖται
1119 3672 1176 3722 et
1195 3662 1434 3737 γούνατα

277 3736 438 3788 avent.
479 3764 548 3775 -
583 3736 840 3808 obducta]
878 3756 1138 3794 curarum
1174 3738 1432 3794 nubibus.

280 3835 348 3845 -
396 3807 662 3877 senectus]
708 3810 976 3865 severitas
1027 3828 1094 3865 ac
1136 3811 1434 3865 morositas

281 3877 497 3945 senilis3
531 3878 614 3933 sic
649 3878 828 3949 Epist.
876 3881 920 3944 1,
972 3884 1056 3945 18,
1093 3885 1163 3934 47
1209 3883 1434 3937 senium.

279 3978 346 3988 —
378 3948 674 4021 Torquato]
711 3952 781 4007 cf.
809 3952 992 4008 Carm.
1019 3952 1116 4017 111,
1141 3956 1230 4018 21,
1262 3956 1308 4008 1.
1345 3954 1434 4007 Ex

281 4019 388 4074 hoc
429 4022 552 4075 loeo
589 4020 991 4079 Valckenarius
1047 4026 1215 4079 nimis
1273 4030 1436 4080 acute

279 4090 500 4147 efficere
537 4100 766 4149 conatus
794 4102 896 4163 est,
921 4096 1028 4151 hoc
1055 4114 1278 4152 carmen
1301 4097 1434 4151 scri·

279 4166 442 4233 ptum
477 4182 596 4220 esse
631 4166 704 4221 ab
741 4167 980 4222 Horatio
1029 4168 1150 4238 ipso
1187 4186 1286 4223 suo
1335 4186 1436 4222 na·

277 4234 384 4291 tali
419 4235 512 4289 die
547 4238 679 4291 anni
719 4239 1118 4310 714.--move]
1153 4240 1224 4295 cf.
1251 4240 1434 4295 Oai-m.

277 4304 378 4367 111,
417 4308 504 4376 21,
556 4310 607 4364 6.
645 4309 744 4376 111,
791 4312 879 4379 28,
915 4312 963 4364 7.
1003 4340 1070 4350 -
1108 4310 1308 4382 cetera]
1344 4310 1434 4365 In-

281 4378 601 4448 tellegenda
667 4380 956 4436 hominum
1027 4381 1308 4437 discordia
1379 4387 1437 4437 et

276 4450 641 4519 perturbatus
688 4470 877 4508 rerum
929 4454 1181 4508 civilium
1231 4458 1432 4520 status3

277 4525 346 4575 ut
382 4520 563 4577 Garm.
602 4522 646 4591 1,
683 4526 736 4593 9,
771 4526 822 4580 9.
875 4554 940 4565 ·-
996 4525 1148 4595 haec]
1196 4525 1268 4581 de
1315 4526 1434 4595 qui-

279 4591 386 4649 bus
421 4610 572 4649 nnnc
605 4612 793 4651 sumus
843 4597 1089 4653 solliciti.
1127 4626 1194 4636 —
1228 4596 1436 4653 Achae»

1525 1878 1726 1946 menie]
1765 1876 1835 1932 cf.
1875 1876 2056 1931 Carm.
2093 1875 2166 1945 11,
2206 1878 2292 1940 11,
2332 1878 2413 1930 16.
2486 1874 2560 1933 11.
2603 1876 2686 1944 12,

1527 1950 1615 2007 21.
1652 1950 1754 2017 ΠΙ,
1776 1952 1823 2017 1,
1862 1951 1949 2003 44.
1986 1948 2312 2003 Neutralem
2346 1947 2685 2017 positionem

1526 2021 1783 2089 nardum,
1821 2038 1963 2091 quae
1992 2024 2077 2075 est
2105 2021 2274 2075 etiam
2296 2018 2477 2089 Epod.
2514 2022 2567 2083 5,
2596 2019 2683 2087 69,

1526 2093 1583 2147 h.
1635 2092 1673 2147 1.
1714 2092 1969 2147 codicum
2014 2092 2319 2147 auctoritas
2364 2094 2575 2146 tuetur.
2612 2118 2683 2134 —-

1524 2164 1707 2233 iuvat]
1778 2164 2121 2219 Indicativus
2188 2163 2403 2233 positus
2474 2166 2561 2217 est
2617 2165 2685 2215 ut

1527 2236 1710 2291 Carm.
1764 2235 1807 2301 1,
1853 2237 1906 2304 4,
1951 2238 2003 2289 9.
2084 2237 2173 2297 87,
2223 2239 2277 2304 1;
2321 2238 2489 2303 poeta
2532 2231 2683 2289 enim

1527 2324 1791 2433 aaa
1826 2311 2138 2434 {rt-..22¹2
2155 2304 2684 2447 :asem

1527 2450 1949 2520 Peerlkampius
1983 2450 2133 2506 iuvet
2176 2449 2344 2504 scribi
2378 2448 2577 2503 voluit.
2614 2476 2684 2488 ·-

1529 2522 1801 2591 Cyllenea]
1852 2522 2181 2582 Mercurius,
2234 2524 2401 2576 natus
2444 2520 2505 2575 in
2557 2520 2680 2589 Gyl-

1526 2594 1653 2649 lene
1707 2594 1985 2648 Arcadiae
2038 2598 2245 2661 monte,
2294 2592 2476 2661 lyram
2529 2592 2681 2647 inve-

1527 2666 1676 2720 nisse
1710 2665 2018 2721 dicebatur.
2056 2664 2128 2719 cf.
2155 2664 2339 2719 Garm.
2359 2664 2403 2731 1,
2435 2666 2517 2725 10,
2543 2664 2591 2717 6.
2614 2692 2682 2705 --

1523 2736 1753 2807 yrandi]
1792 2736 2169 2791 Referendum
2210 2736 2319 2791 hoc
2368 2734 2440 2790 ad
2490 2735 2684 2806 ingen-

1527 2814 1643 2863 tem
1682 2808 1933 2877 corporis
1982 2812 2274 2871 staturam,
2334 2806 2515 2877 qualis
2566 2822 2683 2865 esse

1527 2879 1745 2935 solebat
1806 2880 2053 2935 heroum.
2114 2908 2182 2919 -—
2257 2879 2505 2933 mortalis
2556 2878 2683 2947 dea]

1527 2951 1661 3007 Noli
1726 2952 2022 3023 neglegere
2077 2955 2257 3006 artem
2316 2954 2535 3019 poetae,
2589 2952 2687 3019 qui

1531 3040 1675 3092 quae
1713 3023 1997 3077 contraria
2030 3028 2161 3077 sunt
2199 3022 2311 3077 loci
2352 3022 2683 3091 propinqui·

1529 3100 1648 3149 tate
1711 3095 2017 3162 coniunxit,
2079 3099 2147 3148 ut
2212 3094 2365 3147 vitae
2434 3092 2683 3147 brevitas

1529 3169 1702 3221 etiam
1742 3166 1979 3220 Achillis
2016 3166 2153 3221 deae
2190 3164 2296 3219 filii
2322 3164 2529 3219 clarius
2554 3164 2683 3218 illu·

1529 3242 1823 3292 straretur.
1906 3236 1976 3291 cf.
2022 3237 2191 3308 Verg.
2237 3239 2377 3290 Aen.
2419 3234 2515 3303 VI,
2556 3236 2682 3290 865.

1529 3308 1683 3378 VIII,
1708 3310 1831 3364 293.
1866 3338 1933 3349 --—
1962 3306 2255 3378 Assaracz]
2283 3308 2445 3361 Hom.
2466 3307 2532 3362 Il.
2558 3306 2682 3376 XX,

1530 3383 1654 3435 232.
1694 3410 1759 3420 -
1795 3379 2012 3449 friqida
2044 3378 2302 3448 flumina]
2328 3378 2543 3433 Plurali
2581 3395 2682 3432 nu·

1527 3468 1683 3507 mero
1725 3450 1964 3505 indicari
1998 3451 2263 3506 videntur
2307 3451 2497 3505 variae
2546 3467 2683 3519 quas

1528 3522 1737 3578 fiumen
1772 3540 1875 3592 per
1896 3540 2093 3594 agrum
2118 3522 2423 3577 Troianum
2458 3538 2683 3591 serpens

1529 3594 1651 3649 edit
1686 3594 1911 3664 species.
1952 3595 2091 3649 Cum
2116 3609 2355 3665 pau-vum
2390 3593 2531 3649 dicit
2555 3593 2683 3649 Sca·

1528 3667 1851 3735 mandram,
1914 3682 2228 3737 repugnare
2293 3665 2516 3720 videtur
2570 3665 2683 3720 Ho-

1529 3754 1685 3793 mero
1720 3739 1785 3792 11.
1824 3738 1974 3800 XXI.
2021 3740 2102 3793 15.
2163 3740 2243 3792 At
2278 3754 2393 3791 non
2435 3738 2681 3808 priscam

1529 3814 1771 3865 aetatem
1810 3808 1905 3863 sed
1941 3826 2103 3864 suum
2151 3814 2371 3878 tempus
2418 3809 2683 3879 respexit,

1529 3898 1641 3951 quo
1664 3880 1950 3951 „(Gaesar)
1976 3881 2187 3936 Inscius
2206 3881 2266 3934 in
2290 3881 2435 3935 sicco
2460 3896 2681 3949 serpen·

1529 3957 1645 4007 tem
1690 3954 1921 4023 pulvere
1965 3953 2151 4007 rivum
2187 3950 2528 4019 Transierat,
2585 3952 2682 4020 qui

1529 4024 1789 4079 Xanthus
1832 4024 2009 4092 erat“,
2048 4029 2115 4077 ut
2133 4023 2341 4078 Lucan.
2366 4023 2561 4077 Phars.
2584 4022 2683 4093 IX,

1530 4098 1652 4151 972.
1690 4096 1755 4150 In
1792 4112 1905 4164 qua
1930 4113 1993 4150 re
2015 4096 2063 4150 si
2092 4095 2228 4164 quid
2256 4100 2546 4164 peccatum
2574 4098 2679 4159 est,

1529 4173 1731 4237 poetae
1767 4166 2125 4221 tribuendum
2170 4171 2270 4230 est,
2300 4184 2415 4220 non
2457 4166 2681 4234 scribis;

1529 4240 1721 4308 itaque
1741 4239 2135 4293 abstinendum
2154 4239 2265 4292 erit
2282 4256 2317 4292 a
2348 4237 2682 4292 coniecturis

1522 4311 1693 4379 proni
1760 4310 2015 4380 (Bentl.).
2086 4310 2221 4379 puri
2268 4308 2683 4379 (Peerlkamp),

1529 4383 1669 4437 torvi
1726 4380 2078 4451 (Hermann.)
2094 4420 2108 4445 ‚
2164 4380 2317 4435 tardi
2366 4380 2681 4450 (Meinek.),

1526 4454 1667 4521 flavi
1731 4453 1983 4522 (Heius.).
2066 4452 2349 4506 Adversus
2415 4451 2684 4506 Meinekii

1529 4524 1907 4580 coniecturam
1978 4523 2052 4578 ab
2086 4523 2363 4592 Hauptio,
2406 4522 2675 4591 Linkero,

1529 4595 1805 4651 maenam
1838 4600 1899 4651 et
1918 4563 2155 4651 lamio
2173 4612 2353 4665 nuper
2380 4600 2682 4667 receptam,
