3092 5059
1149 236 1310 304 LIB.
1351 233 1460 303 IV.
1507 232 1763 302 OARM.
1811 233 1921 302 IV.

2599 237 2723 303 255

724 423 878 518 Qui
927 425 1220 525 primus
1273 425 1482 502 alma
1531 423 1704 501 risit
1752 424 2060 521 adorea,

633 581 644 590 ·
723 549 958 624 Dirus
1008 575 1150 649 per
1201 550 1430 625 urbes
1487 548 1687 627 Afer
1738 564 1825 626 ut
1871 551 2105 627 Italas

827 673 988 750 Ceu
1037 674 1349 750 flamma
1400 699 1540 772 per
1592 675 1857 753 taedas
1910 676 2029 752 vel
2080 675 2330 751 Eurus

923 798 1074 874 Per
1125 797 1418 876 Siculas
1473 801 1848 900 equitavit
1888 799 2156 875 undas.

639 980 690 1022 ω
726 949 912 1025 Post
967 949 1116 1025 hoc
1167 951 1522 1026 secundis
1576 976 1823 1051 usque
1872 949 2265 1027 laboribus

721 1075 1068 1150 Romana
1118 1076 1363 1172 pubes
1415 1077 1660 1153 crevit
1704 1088 1780 1151 et
1827 1077 2069 1176 impio

821 1199 1130 1275 Vastata
1183 1199 1619 1276 Poenorum
1673 1201 2005 1277 tumultu

926 1323 1142 1399 Fana
1193 1324 1379 1401 deos
1429 1324 1773 1444 habuere
1816 1338 2083 1422 rectos,

723 1473 1088 1575 Dixitque
1137 1476 1454 1553 tandem
1503 1476 1846 1575 perfidus
1895 1474 2326 1553 Hannibal:

639 1628 694 1669 ω
732 1595 983 1695 Cervi,
1036 1598 1400 1699 luporum
1450 1600 1743 1699 praeda
1794 1601 2210 1698 rapacium,

827 1720 1225 1798 Sectamur
1275 1722 1480 1799 ultro
1537 1748 1727 1822 quos
1781 1724 2081 1822 opimus

927 1845 1238 1923 Fallere
1292 1859 1366 1923 et
1413 1845 1756 1944 effugere
1802 1859 1919 1922 est
1964 1845 2417 1947 triumphus.

735 1995 970 2093 Gens,
1026 2022 1226 2096 quae
1273 2009 1615 2073 cremato
1661 1997 1889 2072 fortis
1938 1997 2041 2072 ab
2090 1995 2239 2072 Ilio

726 2122 1018 2198 Iactata
1070 2122 1336 2198 Tuscis
1393 2122 1861 2220 aequoribus
1912 2147 2130 2197 sacra

646 2279 698 2320 ss
831 2247 1226 2347 Natosque
1275 2260 1771 2347 maturosque
1827 2261 2081 2348 patres

930 2373 1258 2449 Pertulit
1305 2373 1693 2448 Ausonias
1739 2373 1840 2448 ad
1892 2374 2145 2469 urbes,

730 2522 960 2599 Duris
1014 2536 1101 2598 ut
1149 2523 1306 2600 ilex
1355 2537 1579 2599 tonsa
1629 2523 2095 2620 bipennibus

725 2647 1013 2746 Nigrae
1064 2649 1310 2724 feraci
1354 2649 1653 2724 frondis
1706 2648 1785 2722 in
1837 2647 2154 2746 Algido,

829 2773 980 2848 Per
1030 2772 1334 2870 damna,
1388 2799 1528 2874 per
1579 2772 1851 2849 caedes
1902 2774 2001 2849 ab
2050 2773 2217 2872 ipso

641 2925 694 2966 eo
926 2897 1158 2973 Ducit
1209 2923 1392 2997 opes
1445 2896 1943 2996 animumque
1996 2899 2229 2974 ferro,

327 3082 458 3134 ante
475 3081 798 3150 Augustum
830 3098 1058 3150 prorsus
1086 3082 1310 3150 poetica
1339 3097 1475 3150 pau·

326 3151 490 3206 latim
527 3151 598 3206 ad
635 3169 860 3222 prosam
899 3154 1210 3208 orationem
1252 3153 1476 3207 descen-

327 3221 430 3278 dit.
457 3251 524 3262 —
547 3223 832 3294 equitavit]
857 3223 978 3280 Hoc
993 3224 1327 3280 vocabulum
1351 3241 1477 3279 cum

327 3294 632 3350 celeritatis
683 3296 968 3350 notionem
1025 3297 1229 3351 habeat
1242 3336 1257 3364 ,
1322 3295 1478 3351 facili

327 3382 462 3492 Εἰπὲ
501 3373 800 3494 zeugingitEe²
849 3367 947 3422 sed
1012 3367 1344 3494 ffiggqra
1404 3364 1475 3421 ad

463 3455 610 3492 mam
657 3458 687 3493 e
803 3456 966 3493 urum
1285 3457 1368 3493 ur.
1409 3467 1473 3478 -

325 3509 514 3578 crevit]
580 3509 866 3565 Immerito
928 3510 1310 3580 vituperatum
1371 3509 1480 3564 hoe

328 3583 430 3647 est,
470 3582 632 3648 quasi
681 3599 928 3637 crescere
971 3598 1205 3636 numero
1253 3585 1478 3636 tantum

329 3651 404 3705 sit
439 3653 660 3722 augeri3
717 3659 780 3708 tu
821 3670 1083 3722 compara
1118 3653 1254 3708 Hor.
1295 3653 1475 3708 Oarm.

327 3721 430 3790 111,
467 3725 554 3790 80,
592 3723 642 3779 8.
717 3725 829 3780 Cic.
867 3724 1030 3780 Rosc.
1079 3728 1206 3779 Am.
1251 3727 1340 3793 30,
1385 3722 1474 3778 83:

329 3791 491 3849 ovid.
529 3795 760 3850 Heroid.
803 3799 888 3861 15,
929 3797 1066 3850 1172
1127 3796 1384 3866 „Gaudet
1418 3799 1478 3850 et

328 3882 360 3922 e
395 3870 590 3922 nostro
627 3869 816 3924 &escit
847 3885 1103 3924 maerore
1137 3867 1476 3924 Charaxus.“

329 3963 398 3977 —
451 3937 580 3994 deos
625 3939 818 4008 rectos]
865 3939 1112 3995 Deorum
1163 3943 1398 4005 statuae,
1443 3956 1478 3994 a

328 4009 442 4062 suis
479 4010 704 4064 sedibus
742 4010 878 4065 olim
911 4012 1263 4080 deturbatae,
1299 4011 1360 4065 in
1393 4011 1477 4065 fa·

325 4081 416 4134 nis
451 4083 748 4138 restitutae
781 4088 914 4138 sunt
947 4088 1006 4138 et
1041 4089 1275 4138 erectae.

399 4151 464 4206 V.
485 4154 570 4209 49.
580 4153 829 4224 perfidus
847 4153 1157 4225 Hannibal]
1189 4154 1282 4209 Ab
1301 4154 1477 4209 omni-

326 4221 432 4278 bus
467 4223 738 4280 Romanis
779 4226 885 4281 hoc
929 4225 1200 4296 perfidiae
1246 4226 1478 4282 crimine

328 4294 578 4351 Poenum
611 4295 798 4358 adfici.
831 4315 945 4352 non
981 4303 1068 4352 est
1099 4298 1322 4353 mirum.
1369 4297 1478 4352 Sed

330 4366 460 4422 vide
493 4367 620 4423 Liv.
655 4367 807 4436 XXI,
831 4371 883 4422 4.
925 4368 1104 4437 XXII,
1130 4371 1164 4424 6
1191 4373 1333 4424 extr.
1391 4369 1479 4422 Ad

327 4439 640 4496 orationem
683 4457 948 4510 compara
984 4457 1127 4510 quae
1161 4445 1292 4495 sunt
1329 4441 1480 4510 apud

330 4509 569 4566 eundem
601 4510 726 4566 Liv.
751 4511 980 4579 XXVII,
1003 4513 1092 4566 51.
1114 4541 1182 4552 —-
1200 4510 1477 4582 luporum]

331 4581 584 4650 „Idcirco
621 4584 772 4652 lupia
805 4584 1156 4655 comparavit
1177 4583 1480 4652 Romanos,

1579 3081 1713 3150 quia
1750 3083 1947 3135 auctor
1992 3081 2236 3136 nominis
2285 3097 2478 3135 eorum
2526 3096 2560 3133 a
2593 3077 2729 3148 lupa

1578 3153 1828 3206 nutritus
1860 3151 2123 3206 dicitur.“
2186 3151 2396 3206 Comm.
2437 3151 2631 3220 Gruq.;
2668 3154 2727 3205 et

1580 3223 1928 3293 comparavit
1976 3223 2398 3294 Peerlkampius
2448 3223 2602 3276 Livii
2646 3222 2727 3276 lo·

1580 3313 1705 3348 cum
1756 3295 1855 3360 III,
1906 3296 2006 3364 663
2056 3295 2195 3349 Vell.
2240 3295 2459 3349 Patere.
2507 3294 2578 3356 11,
2629 3295 2726 3346 2¹7:

1580 3366 1905 3434 „Telesinus
1942 3366 2209 3422 dictitans
2244 3365 2511 3421 Romanis
2538 3365 2729 3419 adesse

1577 3438 1839 3492 ultimum
1877 3438 2043 3504 diem,
2079 3437 2497 3493 vociferabatur
2532 3453 2727 3490 eruen-

1578 3509 1705 3564 dam
1744 3509 2149 3578 delendamque
2200 3511 2414 3578 urbem‚
2464 3507 2729 3575 adiciens,

1541 3612 1555 3621 ,
1576 3598 1863 3649 nunquam
1898 3581 2189 3638 defuturos
2214 3587 2471 3652 raptores
2496 3581 2727 3635 Italicae

1578 3652 1859 3706 libertatis
1895 3654 2069 3724 hspes,
2105 3653 2214 3708 nisi
2264 3654 2425 3721 silva,
2462 3653 2523 3706 in
2560 3669 2729 3721 quam

1577 3723 1839 3796 refugere
1924 3727 2171 3781 solerent
2186 3765 2201 3792 ,
2274 3729 2419 3780 esset
2488 3723 2728 3779 excisa.“

1579 3794 1742 3851 Adde
1785 3795 1983 3851 Iustin.
2030 3795 2350 3861 XXXVIII,
2397 3798 2454 3850 6:
2505 3800 2727 3865 ,‚atque,

1578 3871 1645 3921 ut
1667 3867 1777 3937 ipsi
1803 3867 2011 3936 ferunt,
2038 3868 2353 3924 conditores
2392 3885 2519 3922 suos
2560 3867 2729 3936 lupae

1578 3939 1845 3993 uberibus
1900 3941 2094 3994 alitos:
2151 3940 2232 3994 sic
2300 3957 2521 3994 omnem
2568 3938 2727 3992 illum

1577 4011 1847 4081 populum
1880 4013 2134 4080 luporum
2162 4011 2393 4072 animos,
2422 4008 2729 4077 inexplebi-

1579 4083 1657 4136 les
1694 4083 1983 4154 sanguinis
2020 4087 2188 4151 atque
2224 4083 2464 4152 imperii,
2503 4080 2726 4134 divitia-

1578 4171 1706 4208 rum
1744 4153 1937 4209 avidos
1982 4171 2049 4208 ac
2095 4154 2308 4208 ieiunos
2356 4152 2615 4208 habere.“
2656 4179 2723 4190 --

1578 4225 1785 4296 fallere]
1832 4243 1938 4294 pro
1988 4225 2165 4280 latere
2216 4230 2283 4279 ut
2338 4224 2519 4279 Garm.
2556 4223 2603 4292 Ι,
2642 4224 2729 4292 10,

1588 4299 1667 4351 16.
1710 4325 1773 4336 -
1810 4297 1963 4366 qens]
2000 4297 2069 4351 cf.
2109 4296 2275 4367 Verg.
2303 4298 2444 4350 Aen.
2470 4295 2515 4364 Ι,
2542 4298 2629 4349 67.
2660 4323 2729 4334 -

1580 4367 1724 4438 Ilio]
1761 4368 1890 4423 vide
1942 4369 2013 4423 ad
2052 4369 2232 4422 Garm.
2273 4367 2319 4436 1,
2364 4370 2448 4436 10,
2488 4368 2569 4421 14.
2627 4365 2727 4434 111,

1580 4441 1632 4506 Β,
1665 4439 1746 4493 18.
1776 4467 1839 4478 -
1870 4439 2139 4508 maturos]
2176 4457 2250 4494 sc.
2284 4439 2489 4505 funeri,
2524 4441 2589 4492 ut
2623 4435 2725 4508 ΙΠ,

1586 4514 1670 4572 15,
1712 4514 1763 4565 4.
1812 4513 1882 4565 A.
1930 4509 1991 4565 P.
2034 4513 2155 4565 115.
2211 4539 2278 4550 —
2328 4509 2560 4581 Amida]
2596 4509 2730 4564 vide

1582 4583 1761 4638 Carm.
1800 4583 1845 4653 Ι,
1893 4583 1983 4652 21,
2022 4584 2071 4636 6.
2104 4581 2205 4650 111,
2242 4583 2333 4652 23,
2384 4585 2466 4638 10.
2519 4611 2587 4622 -·
2629 4597 2731 4651 per
