3092 5059
1109 252 1269 318 LIB.
1310 254 1392 317 II.
1437 252 1624 318 SA'r.
1670 251 1786 318 III.

2518 244 2639 309 441

341 442 433 518 In
479 440 740 515 media
787 442 1008 517 iussit
1055 440 1328 540 Libya,
1387 440 1571 538 quia
1618 439 1913 515 tardius
1958 437 2157 512 irent

343 565 672 661 Propter
723 588 914 639 onus
967 565 1292 660 segnes?
1395 561 1591 638 Uter
1642 573 1757 637 est
1804 561 2151 653 insanior
2200 558 2478 635 horum
2498 560 2535 633 ⁸?

341 689 465 765 Nil
519 690 686 786 agit
735 686 1202 785 exemplum,
1256 685 1470 762 litem
1518 685 1729 785 quod
1782 684 1917 761 lite
1966 682 2307 761 resolvit.

345 815 428 892 Si
480 816 650 915 quis
703 827 910 890 emat
961 813 1316 908 citharae,
1373 824 1669 909 emptas
1723 822 2155 907 comportet
2201 809 2283 882 in
2334 830 2595 898 unum,

248 973 322 1017 ιω
345 940 508 1017 Nec
557 938 816 1015 studio
865 938 1208 1015 citharae
1257 960 1402 1011 nec
1453 936 1723 1012 Musae
1776 935 2079 1011 deditus
2130 933 2308 1029 ulli3

347 1062 432 1140 Si
482 1064 786 1165 scalpra
839 1076 920 1141 et
966 1062 1260 1139 formas
1304 1086 1462 1136 non
1509 1074 1747 1157 sutor,
1801 1061 2111 1136 nautica
2154 1058 2331 1135 vela

345 1189 684 1264 Aversus
735 1186 1212 1281 mercaturis,
1263 1184 1559 1264 delirus
1612 1200 1691 1262 et
1742 1210 2003 1261 amens

343 1312 706 1413 Undique
757 1313 1056 1391 dicatur
1103 1314 1406 1390 merito.

1513 1313 1663 1406 Qui
1718 1311 2103 1427 discrepat
2150 1309 2337 1404 istis,

345 1438 504 1532 Qui
553 1464 908 1515 nummos
961 1464 1390 1539 aurumque
1446 1436 1823 1533 recondit,
1877 1435 2179 1512 nescius
2228 1434 2345 1507 uti

249 1596 322 1637 no
349 1563 820 1663 Compositis
869 1578 1373 1664 metuensque
1425 1564 1639 1641 velut
1688 1561 2142 1659 contingere
2192 1556 2551 1634 sacrum?

349 1690 434 1768 Si
488 1690 658 1789 quis
701 1688 804 1766 ad
853 1690 1252 1788 ingentem
1302 1689 1674 1765 frumenti
1726 1712 2031 1788 semper
2081 1709 2443 1760 acervum

349 1814 758 1891 Porrectus
811 1814 1086 1913 vigilet
1136 1840 1310 1890 cum
1364 1814 1603 1913 longo
1656 1815 1885 1909 fuste,
1932 1834 2189 1911 neque
2236 1807 2454 1883 illinc

346 1936 662 2013 Audeat
711 1938 1056 2015 esuriens
1101 1936 1460 2013 dominus
1510 1938 1961 2035 contingere
2012 1958 2363 2033 granum,

350 2064 472 2139 Ac
521 2063 776 2161 potius
820 2062 1029 2138 foliis
1079 2088 1362 2161 parcus
1413 2076 1764 2139 vescatur
1814 2061 2138 2155 amaris,

251 2220 324 2262 ιιι
347 2188 432 2266 Si
484 2189 756 2291 positis
807 2190 1010 2265 intus
1057 2190 1232 2269 Chii
1281 2190 1719 2289 veterisque
1768 2187 2079 2265 Falerni

347 2314 574 2391 Mille
627 2315 859 2410 cadi8‚
912 2314 1103 2389 nihil
1158 2328 1293 2411 est,
1345 2327 1770 2390 tercentum
1820 2312 2155 2407 milibus,
2208 2334 2385 2386 acre

345 2442 576 2517 Potet
623 2452 965 2538 acetum3
1021 2466 1191 2539 age,
1245 2443 1309 2519 si
1359 2456 1436 2519 et
1485 2440 1923 2517 stramentis
1970 2437 2302 2532 incubet,
2356 2434 2563 2511 unde

350 2564 774 2663 Octoginta
816 2590 1059 2640 annos
1102 2579 1352 2661 natus,
1403 2567 1528 2642 cui
1578 2563 1922 2663 stragula
1973 2563 2224 2660 vestie,

351 2689 782 2769 Blattarum
835 2716 927 2767 ac
977 2691 1358 2768 tinearum
1412 2688 1709 2790 epulae,
1759 2703 2147 2791 putrescat
2194 2689 2273 2763 in
2326 2712 2539 2783 arca3

249 2958 418 3013 Stoice
457 2959 602 3013 solet
638 2959 906 3013 oratoriis
942 2962 1278 3015 ornamentis
1312 2960 1407 3015 ad-

249 3030 436 3085 bibitis
474 3030 710 3084 diceref‘
751 3030 1062 3085 Fritschius
1089 3034 1406 3087 coniunxit·

249 3102 542 3171 sapiensne
579 3102 786 3156 etiam?
861 3102 940 3155 Et
987 3119 1088 3157 rex
1125 3110 1254 3173 cet.;
1309 3121 1412 3158 cur

252 3174 348 3235 ita,
373 3191 491 3227 non
525 3172 688 3226 dixit.
725 3174 841 3227 Nec
875 3174 1176 3243 quicquam
1213 3145 1410 3229 causae

255 3244 434 3299 video.
495 3274 563 3283 —
621 3251 672 3299 et
707 3245 828 3315 rex]
881 3246 1237 3300 Contrarium
1285 3248 1410 3317 lege

255 3316 356 3370 Sat
410 3316 546 3383 I,3,
588 3316 691 3368 124
727 3333 807 3385 sq.
847 3316 1026 3385 Epist.
1069 3316 1112 3375 Ι.
1156 3322 1203 3386 1,
1249 3320 1364 3372 106.

327 3386 393 3441 V.
435 3390 556 3441 103.
607 3387 776 3457 litem]
840 3387 908 3441 Se
957 3389 1077 3457 ipse
1123 3390 1410 3459 corrigens

255 3458 554 3513 contrariis
589 3459 856 3527 exemplis
889 3476 1010 3513 rem
1034 3460 1223 3515 dirimi
1251 3478 1411 3530 posse

255 3537 456 3601 negat3
499 3530 772 3583 utendum
819 3547 936 3584 esse
983 3532 1208 3600 talibus,
1268 3550 1411 3601 quae

256 3602 326 3655 de
362 3602 606 3657 veritate
641 3602 784 3655 nihil
822 3602 936 3655 iam
963 3604 1286 3673 relinquant
1311 3604 1410 3657 du-

254 3674 570 3728 bitationis.
607 3672 792 3740 Quare
825 3690 952 3727 oum
989 3692 1056 3728 ex
1099 3676 1412 3745 logicorum

255 3744 574 3815 praeceptis
609 3761 724 3798 non
754 3744 938 3813 liceat,
981 3747 1255 3801 incertam
1291 3764 1411 3802 rem

257 3817 372 3870 alia
407 3834 522 3870 non
556 3816 736 3886 magis
771 3821 926 3871 certa
963 3818 1262 3887 explicare,
1299 3819 1412 3873 tria

255 3887 420 3942 addit
473 3888 809 3942 certissima.
882 3916 942 3927 -
1011 3889 1286 3977 citharas}
1340 3890 1411 3944 cf.

258 3960 484 4013 Arx-ian.
521 3959 704 4043 Epist.
741 3963 794 4023 4,
833 3961 886 4043 8,
922 3978 977 4029 p.
1016 3963 1146 4015 632·
1199 3962 1415 4031 „omme

259 4033 387 4100 ἐρεῖ,
441 4026 580 4099 Ἐγὼ
632 4025 898 4119 μουσικός
959 4036 1093 4115 εἰμι,
1149 4028 1220 4086 ἂν
1285 4034 1416 4097 πλῆ-

258 4120 422 4173 κτρον
458 4104 550 4156 καὶ
588 4096 826 4169 κιθάραν
859 4098 1162 4176 ἀγοράσῃέι
1183 4134 1250 4145 --
1277 4106 1412 4160 scal-

252 4174 390 4243 pra]
429 4176 616 4243 σμίλῃ,
661 4174 846 4227 culter
889 4180 1162 4229 sutorum.
1201 4206 1264 4216 -
1301 4177 1414 4244 for·

257 4244 402 4315 ntus]
439 4245 611 4316 lignei
646 4250 778 4298 sunt
803 4245 986 4327 pedes,
1023 4248 1226 4316 quibus
1249 4253 1414 4302 utun·

259 4321 356 4370 tur
405 4322 648 4385 sutores3
706 4310 995 4375 καλόπους.
1043 4347 1114 4358 -
1169 4319 1414 4389 avernus]

261 4388 444 4442 Garm.
481 4388 554 4457 11,
591 4392 642 4445 4.
683 4386 765 4441 19.
807 4386 1042 4453 Quintil.
1070 4389 1192 4458 vn,
1237 4394 1283 4459 1,
1324 4394 1416 4443 11·

264 4458 624 4527 „defensioni
701 4460 974 4527 aversior3

1094 4432 1418 4517 mercaturis

261 4530 444 4601 igitur
475 4532 681 4587 tertius
718 4548 876 4585 casus
911 4535 1011 4585 est.
1054 4560 1119 4571 -—
1168 4535 1264 4602 qui
1300 4532 1416 4588 dis-

260 4602 472 4672 crepat]
528 4602 620 4659 Sic
672 4602 874 4672 optimi
927 4604 1164 4675 codices,
1218 4610 1276 4660 et
1331 4622 1414 4661 re·

1501 2966 1606 3015 cte.
1646 2960 1716 3015 cf.
1758 2980 1811 3015 v.
1851 2962 1972 3014 260.
2011 2960 2135 3013 275.
2176 2957 2297 3012 311.
2365 2957 2454 3010 Ex
2490 2956 2655 3011 initio

1501 3034 1677 3103 ipsius
1713 3032 1871 3087 verbi
1912 3031 2218 3099 discrepare
2263 3029 2431 3083 facile
2474 3046 2655 3083 accre-

1502 3122 1655 3160 scere
1689 3104 1879 3173 potuit
1917 3103 1954 3157 ἀ
1990 3103 2203 3169 littera,
2232 3100 2379 3155 unde
2409 3100 2559 3168 quod
2596 3100 2653 3153 in

1502 3176 1630 3231 aliis
1669 3175 2009 3229 editionibus
2046 3180 2131 3227 est
2168 3172 2306 3241 quid
2336 3172 2551 3225 factum
2574 3171 2654 3225 vi·

1503 3249 1684 3302 detur.
1702 3277 1765 3286 --
1790 3245 2031 3315 sacrum]
2060 3244 2175 3299 Sat.
2194 3245 2237 3312 Ι,
2257 3247 2304 3310 1,
2326 3246 2411 3297 71.
2444 3272 2510 3282 -
2534 3258 2655 3298 con·

1503 3322 1709 3387 tin-aere
1742 3316 1995 3389 ymnum]
2043 3316 2261 3371 Blanda
2299 3315 2525 3384 quidem
2574 3318 2660 3368 est

1504 3396 1562 3445 et
1582 3391 1871 3460 ingeniosa
1890 3388 2160 3443 Meinekii
2191 3388 2511 3441 coniectura
2534 3402 2657 3439 con·

1499 3462 1771 3532 frinyer03
1810 3462 2024 3515 scilicet
2059 3459 2399 3513 Horatianae
2438 3458 2656 3527 elegan-

1502 3534 1618 3588 tiae
1638 3550 1755 3587 esse
1772 3534 2018 3615 negavit,
2040 3536 2159 3586 tam
2177 3530 2336 3585 brevi
2356 3529 2657 3583 intervallo

1505 3605 1737 3659 verbum
1764 3605 2075 3674 continqere
2106 3602 2319 3657 iterari.
2358 3601 2427 3655 cf.
2456 3620 2510 3654 v.
2538 3601 2657 3653 110.

1504 3680 1585 3731 At
1597 3676 1930 3731 vocabulum
1951 3675 2205 3729 consulto
2223 3672 2527 3742 repetitum
2547 3688 2657 3725 non

1504 3752 1692 3817 potest
1716 3747 1921 3816 expelli
1938 3748 2047 3800 nisi
2074 3747 2133 3800 in
2151 3746 2549 3800 detrimentum
2573 3748 2658 3797 to·

1505 3822 1617 3874 tius
1644 3820 1967 3873 sententiae.
2018 3818 2155 3871 Fuit
2191 3817 2361 3871 etiam
2400 3816 2495 3885 qui
2532 3830 2659 3869 con-

1505 3890 1734 3947 tundere
1770 3890 2015 3945 scribere
2051 3890 2248 3954 vellet3
2298 3905 2412 3942 non
2448 3887 2659 3940 maiore

1504 3964 1645 4016 iure.
1674 3992 1735 4001 —
1768 3960 2185 4031 nihilest1quid
2203 3930 2331 4015 d’ico
2342 3961 2370 4013 ’θ
2390 3976 2502 4013 ιιοιι
2522 3958 2658 4012 satis

1505 4040 1593 4090 est
1616 4034 1823 4087 dixisse
1852 4033 1993 4088 milk
2024 4032 2196 4087 cadis.
2228 4030 2527 4086 dicendum
2554 4034 2658 4084 ter·

1506 4112 1715 4161 centum
1754 4105 1992 4159 milibus.
2019 4134 2083 4143 —
2110 4103 2339 4172 enectum]
2378 4107 2660 4156 mutatum

1506 4178 1719 4245 vinum,
1736 4194 1981 4246 vappam
1997 4180 2115 4231 tam
2135 4192 2321 4229 acrem
2339 4178 2405 4227 ut
2423 4180 2657 4227 acetum.

1510 4280 1575 4289 —
1596 4248 1759 4303 unde-
1762 4246 2059 4318 octoyinta]
2088 4248 2158 4301 de
2182 4246 2355 4301 verbo
2378 4245 2559 4299 diviso
2586 4244 2657 4298 cf.

1509 4320 1579 4374 ad
1617 4320 1731 4374 Sat.
1774 4319 1820 4387 Ι,
1860 4322 1909 4388 2,
1948 4320 2035 4372 62.
2093 4317 2409 4381 Horkelius,
2448 4316 2539 4370 cui
2576 4316 2659 4369 ni-

1509 4392 1614 4445 mis
1664 4396 1925 4445 accurata
1976 4396 2033 4445 et
2076 4406 2253 4459 paene
2298 4388 2466 4442 anxia
2510 4392 2657 4441 aeta-

1509 4463 1583 4517 tis
1622 4462 1877 4516 definitio
1923 4463 1994 4516 ab
2041 4462 2147 4516 hoc
2192 4462 2315 4515 loco
2360 4460 2545 4514 aliena
2576 4458 2658 4513 vi-

1508 4533 1755 4600 deretur,
1790 4551 1861 4587 ne
1896 4538 2194 4589 stramenta
2220 4530 2470 4601 epitheto
2509 4546 2659 4585 care·

1507 4609 1652 4673 rent,
1689 4606 1999 4675 suspicatus
2036 4609 2121 4659 est
2150 4604 2240 4659 vel
2266 4606 2463 4659 contra
2498 4600 2661 4657 codd.
