3092 5059
1028 232 1186 300 LIB.
1231 233 1282 300 Ι.
1327 233 1603 302 EPIST.
1650 235 1832 302 XIII.

2497 234 2622 300 543

265 453 291 494 ε
329 421 659 499 Sedulus
714 423 1084 523 importes
1138 447 1376 518 opera
1419 421 1877 498 vehemente
1924 421 2294 498 minister.

329 546 410 624 Si
461 561 537 623 te
587 548 792 622 forte
841 571 1060 622 meae
1103 546 1358 644 gravis
1411 559 1583 622 uret
1632 547 1931 622 sarcina
1980 545 2313 643 chartae,
2392 615 2399 622 .

332 672 636 748 Abicito
689 673 942 770 potius
999 697 1230 770 quam
1286 697 1439 770 quo
1491 671 1841 772 perferre
1888 671 2171 747 iuberis

335 797 675 876 Clitellas
731 799 942 872 ferus
995 798 1382 899 impingas
1435 797 1879 896 Asinaeque
1930 809 2333 896 paternum

332 923 781 1020 Cognomen
835 936 1088 998 vertas
1140 922 1222 997 in
1274 922 1514 996 risum
1574 933 1649 997 et
1700 919 1967 996 fabula
2013 921 2171 995 fias.

243 1080 293 1118 ιο
327 1046 642 1121 Viribus
695 1047 928 1122 uteris
974 1072 1115 1146 per
1167 1046 1428 1144 clivos,
1482 1046 1827 1140 flumina,
1876 1045 2142 1121 lamas.

327 1171 605 1247 Victor
657 1172 1037 1271 propositi
1089 1170 1318 1246 simul
1372 1197 1462 1247 ac
1511 1170 1953 1272 perveneris
2005 1169 2211 1269 illuc,

330 1295 460 1372 Sic
511 1297 846 1396 positum
901 1297 1244 1372 servabis
1299 1322 1513 1390 onus,
1570 1322 1667 1370 ne
1716 1295 1921 1370 forte
1970 1297 2113 1371 sub
2162 1296 2287 1373 ala

323 1421 808 1497 Fasciculum
863 1435 1123 1521 portes
1173 1421 1555 1498 librorum
1600 1434 1687 1496 ut
1736 1421 2061 1496 rusticus
2107 1447 2415 1520 agnum,

333 1547 427 1623 Ut
481 1547 756 1622 vinosa
808 1546 1110 1644 glomus
1157 1548 1494 1622 furtivae
1543 1546 1819 1643 Pyrria
1865 1547 2107 1642 lanae,

243 1702 292 1742 ιε
328 1672 431 1750 Ut
480 1697 652 1748 cum
705 1672 1024 1771 pilleolo
1077 1671 1324 1748 soleas
1371 1672 1698 1748 conviva
1744 1671 2067 1748 tribulis.

223 1929 392 1999 pisse,
429 1929 562 1986 dein
593 1930 820 1986 domum
855 1931 1021 1986 ivisse
1053 1931 1380 2000 dormitum,

224 2006 290 2056 ut
334 2003 516 2058 altero
571 2001 663 2058 die
713 2020 876 2058 mane
913 2001 1150 2058 Romam
1187 2020 1380 2074 perge-

223 2079 328 2128 ret.
407 2072 526 2128 Iam
578 2073 748 2130 habes
799 2081 1021 2144 tempus
1075 2093 1186 2144 quo
1245 2075 1383 2130 haec

225 2145 475 2201 scribere
512 2144 780 2200 Horatius
816 2148 1020 2216 potuit.
1079 2145 1186 2202 Sed
1223 2163 1381 2216 prae·

227 2221 342 2271 stat
390 2217 670 2284 eiusmodi
719 2219 1070 2286 quaestiones
1115 2235 1230 2272 non
1265 2236 1382 2272 mo·

228 2305 358 2342 vere
399 2289 462 2342 in
497 2289 695 2357 poetis.
723 2319 790 2329 —
817 2289 1060 2360 seduliae]
1100 2306 1172 2344 ne
1207 2290 1383 2344 nimia

228 2359 528 2414 sedulitate
575 2365 632 2416 et
669 2360 1026 2416 vehementia
1068 2360 1244 2415 studii
1285 2379 1380 2416 no·

228 2446 370 2499 ceas,
423 2431 570 2486 mihi
622 2432 1072 2502 carminibusque
1123 2432 1384 2504 indigna·

229 2503 440 2558 tionem
486 2504 730 2574 Augusti
783 2521 1024 2560 moveas.
1099 2505 1385 2576 coniunge

230 2573 452 2630 sedulus
513 2591 682 2644 opera
737 2576 1036 2632 vehemente
1105 2576 1382 2644 miniatem

231 2645 300 2700 de
345 2646 676 2716 importuna
711 2648 1042 2726 sedulitate·
1057 2648 1126 2703 cf.
1165 2648 1273 2718 Ep.
1310 2646 1384 2715 11,

235 2719 281 2780 1,
321 2719 445 2772 260.
521 2717 636 2772 Sat.
683 2719 728 2788 I,
765 2721 816 2787 5,
853 2721 885 2772 'e'
896 2722 939 2772 1.
1001 2748 1074 2760 —
1132 2717 1383 2788 sarcina]

230 2788 1386 2933 {2¹¹¹1u13Z2⁸‘31¹31‘¹3iffiinssrssssffiuss⁰ss¹ss⁸

495 2902 509 2928 ,
1371 2903 1384 2917 .

232 2933 284 2984 8.
323 2934 372 2986 9.
446 2932 642 2987 Potest
682 2939 870 2988 autem
897 2935 1134 2989 Vinnius
1171 2934 1385 3003 duplici

231 3004 451 3060 ratione
488 3022 737 3073 peccare,
785 3011 842 3060 et
876 3006 1052 3060 nimia
1087 3007 1386 3062 sedulitate

233 3079 290 3129 et
325 3076 651 3144 importuno
695 3077 1010 3146 deponendi
1047 3078 1230 3133 oneris
1270 3081 1384 3131 stu·

233 3146 342 3201 dio.
416 3148 655 3202 Vinnius
691 3149 860 3216 enim,
909 3150 982 3204 ad
1019 3167 1120 3204 sua
1159 3149 1386 3219 negotia

233 3217 492 3274 facienda
527 3219 766 3274 Romam
815 3221 1118 3288 profectus,
1165 3225 1387 3275 tantum

235 3289 410 3344 officii
446 3307 616 3345 causa
651 3291 878 3346 Horatii
918 3293 1168 3347 carmina
1203 3309 1385 3346 secum

233 3365 439 3428 portat.
470 3392 535 3401 —
568 3363 797 3418 clitellas
822 3364 1118 3434 impinyas]
1157 3368 1222 3417 ut
1248 3364 1386 3431 „ini-

235 3449 376 3500 quae
431 3435 638 3488 mentis
698 3434 916 3500 asellus,
976 3452 1104 3490 cum
1156 3435 1386 3505 gravius

235 3503 398 3558 dorso
436 3505 614 3560 subiit
651 3506 823 3560 onus“
863 3505 997 3572 (Sat.
1029 3507 1076 3568 1,
1101 3507 1151 3569 9,
1180 3507 1288 3575 20).
1318 3535 1386 3546 --

235 3574 452 3646 abicito]
503 3594 614 3631 non
651 3577 710 3632 in
747 3579 970 3646 itinere,
1018 3578 1176 3647 quasi
1219 3582 1388 3647 poeta

235 3647 450 3701 nullum
477 3650 706 3717 scriptis
731 3650 843 3704 suis
872 3651 1118 3719 pretium
1149 3654 1386 3718 statuat3

237 3718 332 3771 sed
394 3719 554 3778 iubet
608 3737 735 3775 eum
790 3723 1078 3776 remittere
1130 3739 1286 3788 onus,
1339 3721 1388 3775 si

237 3786 296 3842 in
331 3789 536 3846 itinere
570 3793 864 3847 molestum
897 3793 954 3847 id
990 3793 1099 3848 sibi
1123 3791 1244 3848 fore
1269 3809 1390 3846 sen·

239 3860 361 3916 tiat.
392 3892 458 3902 --
479 3863 702 3933 fabula]
727 3864 798 3918 cf.
817 3864 998 3934 Epod.
1029 3867 1114 3932 11,
1133 3867 1182 3919 8.
1213 3895 1278 3904 —
1310 3865 1391 3919 sic

237 3931 324 4001 ne]
359 3936 427 3988 A.
453 3934 516 3988 P.
548 3937 664 3990 152.
712 3936 926 3991 Decor-e
959 3935 1194 3992 dextera
1229 3936 1388 3992 libel—

238 4001 320 4056 los
356 4006 625 4060 tenendos
663 4025 780 4061 esse
816 4009 1108 4078 praecipit.
1135 4037 1200 4048 --
1235 4009 1387 4064 vino·

240 4073 328 4142 sa]
381 4077 554 4144 ebria,
607 4083 672 4132 ut
708 4079 831 4134 Liv.
868 4079 1014 4146 XLI,
1052 4083 1112 4134 4:
1170 4079 1388 4150 ,‚pauci,

242 4145 338 4220 qui
369 4149 586 4204 modice
619 4150 800 4206 vinosi
829 4151 1044 4206 erant.“
1069 4180 1132 4190 —
1161 4151 1390 4222 Pyrria]

243 4214 486 4282 „Nomen
523 4225 609 4275 est
655 4221 892 4276 ancillae
935 4223 996 4276 in
1033 4222 1275 4292 quadam
1311 4223 1389 4277 fa-

242 4283 374 4342 bula
402 4289 625 4371 ‘Titinia
673 4310 815 4362 quae
850 4293 1042 4349 furata
1077 4295 1237 4350 lanae
1271 4295 1390 4365 glo·

244 4373 361 4410 mos
395 4367 477 4416 ita
555 4365 760 4418 estavit
797 4371 864 4419 ut
894 4364 1242 4434 deprehensa
1265 4365 1388 4420 sit.“

246 4425 451 4485 Comm.
541 4452 665 4504 ruq.
745 4436 1004 4492 Ceterum
1051 4437 1390 4492 Lachmann.

245 4499 316 4552 ad
367 4500 590 4560 Luci-et.
633 4523 687 4576 p.
730 4509 866 4562 408:
932 4508 1172 4578 „Pyrria
1212 4525 1394 4576 neque

246 4567 486 4630 Graecae
511 4593 692 4648 neque
713 4579 998 4635 Romanae
1024 4580 1268 4634 feminae
1299 4597 1393 4634 no-

1475 1949 1606 1988 men
1661 1935 1747 1986 est
1788 1926 1907 1987 nec’
1932 1934 2120 2002 potest
2168 1929 2437 1999 dubitari,
2490 1931 2631 2000 quin

1476 2003 1619 2058 illud
1662 2022 1696 2058 a
1732 2003 1981 2058 librariis
2018 2004 2101 2058 ita
2136 2008 2467 2073 corruptum
2502 2003 2626 2058 sit.“

1476 2074 1631 2130 Idem
1669 2080 1755 2130 est
1790 2075 2061 2130 indicium
2094 2074 2363 2130 Meinekii
2396 2081 2457 2130 et
2482 2075 2629 2130 Mffl-

1477 2147 1597 2202 leri.
1685 2145 1969 2202 Eckstein.
2014 2147 2241 2216 scripsit
2288 2146 2504 2200 Pur-ria
2560 2161 2630 2200 ex

1476 2217 1733 2290 vestig-iis
1764 2218 2161 2273 nonnullorum
2205 2218 2459 2272 codicum
2493 2215 2631 2272 Por?

1476 2290 1785 2360 phyrionis.
1832 2288 2055 2344 Proelia
2088 2291 2231 2344 coni.
2268 2288 2523 2344 Ribbeck
2558 2288 2633 2343 ad

1480 2361 1633 2416 Gom.
1680 2361 1805 2416 Lat.
1850 2361 2011 2430 reliq.
2048 2377 2105 2429 p.
2147 2361 2267 2429 123,
2311 2365 2377 2415 ut
2411 2359 2630 2428 Titinii,

1480 2433 1893 2488 comoediarum
1946 2437 2271 2502 togatarum
2319 2432 2630 2501 scriptoris,

1479 2504 1731 2560 Prooitia
1790 2503 2158 2574 significatum
2222 2505 2485 2558 similiter
2544 2520 2630 2558 r&

1479 2581 1643 2645 perta
1686 2580 1772 2630 est
1817 2576 2001 2630 forma
2038 2574 2283 2644 Ofincius
2318 2592 2421 2645 pro
2458 2573 2630 2642 Οβιιί-

1480 2649 1619 2715 eius,
1668 2647 1957 2702 Patulcius
2000 2664 2105 2717 pro
2164 2647 2499 2716 Patulicius3
2557 2645 2629 2701 cf.

1479 2719 1649 2773 etiam
1691 2719 1906 2788 Hercle,
1942 2719 2164 2774 Aeolum
2214 2736 2319 2788 pro
2356 2718 2634 2784 Asculum,

1480 2791 1702 2845 similia.
1765 2819 1833 2830 -
1892 2789 2123 2860 ylomus]
2182 2791 2300 2844 Alii
2346 2807 2416 2845 ex
2470 2789 2632 2844 bonis

1481 2861 1641 2918 codd.
1678 2861 1898 2931 ylomos,
1933 2878 2078 2930 quae
2112 2866 2303 2917 tamen
2326 2861 2511 2916 forma
2536 2878 2631 2916 au·

1481 2935 1747 2989 ctoritate
1762 2932 2091 2987 destituitur
2110 2932 2245 2988 satis
2264 2931 2444 2989 firma.
2469 2933 2634 2988 Prae-

1479 3010 1637 3060 terea
1672 3004 1983 3058 Bentleius:
2034 3006 2203 3067 „satis
2238 3006 2513 3075 profecto,
2552 3006 2632 3060 in·

1481 3077 1625 3146 quit,
1668 3077 1779 3144 erit
1824 3075 2109 3143 Pyrrhiae,
2158 3076 2205 3130 si
2259 3093 2427 3132 unum
2470 3075 2634 3132 furti·

1482 3166 1587 3204 vae
1624 3149 1786 3202 lanae
1862 3147 2041 3202 lomus
2063 3147 2169 3202 sub
2193 3149 2283 3202 ala
2310 3148 2631 3204 recondat.“

1483 3249 1551 3260 —
1585 3217 1827 3286 furtivae
1888 3218 2044 3274 furto
2080 3219 2319 3288 ablatae,
2354 3225 2421 3274 ut
2452 3219 2635 3289 Epist.

1481 3291 1525 3359 1,
1564 3294 1615 3351 3,
1652 3293 1739 3344 20.
1776 3289 1899 3344 Liv.
1936 3289 2107 3359 XLV,
2133 3292 2237 3345 '392
2286 3293 2411 3360 „An
2446 3295 2632 3356 noctu,

1481 3367 1753 3431 tanquam
1777 3362 2009 3427 furtiva,
2046 3363 2107 3416 in
2131 3364 2413 3417 aerarium
2434 3363 2633 3432 depor-

1482 3434 1810 3488 tabuntur.“
1837 3463 1903 3473 —
1930 3433 2169 3503 tribulis]
2208 3433 2433 3489 infimae
2466 3434 2635 3490 sortis

1480 3505 1665 3560 home.
1704 3504 1777 3559 cf.
1814 3505 1983 3559 Mart.
2022 3505 2119 3572 IX,
2156 3508 2245 3573 58,
2288 3508 2347 3560 8:
2388 3505 2517 3574 „Nil
2548 3509 2635 3560 est

1481 3577 1673 3632 tritius
1718 3575 1924 3645 Hedyli
1980 3577 2239 3644 lacernis,
2290 3577 2419 3632 Non
2468 3593 2634 3632 ansae

1482 3654 1740 3704 veterum
1776 3649 2211 3708 Corinthiorum,
2234 3687 2249 3702 .
2276 3687 2291 3702 .
2316 3687 2329 3700 .
2354 3648 2481 3702 Non
2516 3648 2635 3717 pal·

1483 3720 1603 3776 lens
1640 3725 1775 3790 toga
1808 3719 2019 3774 mortui
2056 3719 2333 3774 ffiwlis.“
2368 3721 2423 3773 Is
2458 3719 2634 3789 igitur

1481 3811 1514 3847 a
1551 3791 1833 3862 locuplete
1868 3791 2095 3846 homine
2132 3790 2204 3845 ad
2241 3808 2435 3846 cenam
2470 3807 2632 3845 voca-

1479 3869 1573 3920 tus
1606 3863 1809 3918 calceis
1834 3863 1925 3917 vel
1958 3862 2263 3932 peronibus
2286 3862 2517 3916 indutus
2540 3879 2633 3916 ve·

1481 3937 1570 3990 nit
1614 3939 1689 3998 et,
1730 3951 1853 3990 cum
1890 3951 2115 3990 servum
2138 3951 2252 3988 non
2292 3933 2512 3998 habeat,
2552 3951 2635 3988 so·

1479 4007 1597 4062 leas
1633 4007 1837 4076 quibus
1859 4007 2169 4062 triclinium
2204 4005 2396 4068 intret,
2434 4013 2493 4060 et
2528 4005 2635 4074 pil·

1480 4080 1632 4134 leum
1671 4095 1781 4147 quo
1816 4084 1983 4132 nocte
2017 4082 2301 4133 revertens
2348 4094 2383 4131 a
2424 4081 2634 4146 temp&

1483 4155 1631 4205 state
1654 4156 1713 4204 et
1747 4149 1961 4221 frigore
1999 4148 2348 4212 defendatur,
2386 4149 2507 4218 ipse
2531 4148 2635 4203 sub

1485 4223 1577 4277 ala
1615 4225 1822 4290 portat.
1876 4219 1947 4274 cf.
1988 4219 2105 4274 Sat.
2140 4220 2209 4288 11,
2246 4223 2298 4288 8,
2334 4223 2421 4274 77.
2468 4223 2532 4259 -·’
2568 4237 2637 4275 nc

1481 4293 1697 4363 narres]
1752 4291 1926 4346 Recte
1984 4309 2087 4361 per
2141 4291 2475 4360 asyndeton3
2536 4290 2635 4346 alii

1485 4364 1576 4420 vel
1610 4381 1707 4420 nec
1744 4365 1831 4419 vel
1868 4379 1991 4418 mu.
2041 4363 2133 4418 Sic
2166 4381 2269 4433 per
2304 4368 2483 4418 totam
2520 4363 2635 4432 epi·

1485 4435 1692 4491 atulam
1718 4435 1941 4506 singula
1963 4452 2165 4504 praece
2286 4438 2635 4504 separantur.

1491 4537 1557 4548 --
1602 4507 1887 4562 sudavisse
1926 4506 2153 4573 fes-mdc
2234 4507 2269 4562 i.
2308 4525 2355 4562 e.
2393 4506 2633 4564 adferre.

1485 4579 1644 4634 Nihil
1678 4579 1740 4632 in
1776 4578 1885 4634 hoc
1917 4578 2041 4634 loeo
2076 4579 2225 4635 inest
2258 4579 2515 4652 ingratae
2540 4595 2634 4636 ru-
