3092 5059
1054 236 1216 302 LIB.
1258 236 1343 304 II.
1389 235 1573 303 SAT.
1613 237 1793 305 VIII.

2495 231 2616 298 491

321 420 437 497 Ne
488 422 689 498 male
740 422 1135 500 conditum
1186 424 1303 499 ius
1348 437 1802 525 apponatur,
1854 437 1941 499 ut
1994 447 2260 498 omnes

242 579 295 619 w
330 545 757 624 Praecincti
809 560 1019 626 recte
1066 549 1285 649 pueri
1336 549 1780 648 comptique
1829 546 2318 624 ministrent?

325 669 557 746 Adde
601 671 741 748 hos
792 685 1195 770 praeterea
1245 699 1483 768 casus,
1539 673 1810 748 aulaea
1851 684 2079 748 ruant
2127 672 2214 766 si,

319 795 429 872 Ut
471 796 743 892 mod03
789 797 853 872 si
893 799 1242 897 patinam
1290 797 1493 898 pede
1542 783 1801 896 lapsus
1855 797 2163 894 frangat
2218 820 2480 893 agas0.

322 920 479 998 Sed
532 921 1071 1018 convivatoris,
1116 923 1237 1000 uti
1289 923 1527 1020 ducis,
1585 923 1982 1021 ingenium
2033 947 2154 998 res

323 1044 723 1123 Advorsae
773 1046 1069 1123 nudare
1110 1045 1381 1142 solent,
1430 1048 1683 1125 celare
1735 1040 2191 1124 secundae.“

241 1201 290 1240 τε
325 1169 786 1246 Nasidienus
848 1170 947 1247 ad
1004 1171 1232 1248 haec:
1289 1172 1514 1268 „Tibi
1574 1174 1656 1249 di
1715 1196 2244 1272 quaecumque
2290 1169 2622 1268 preceris

326 1291 761 1370 Commoda
794 1293 1009 1372 dentl
1062 1296 1167 1372 ita
1220 1296 1337 1370 vir
1375 1297 1621 1372 bonus
1661 1323 1738 1372 es
1778 1297 2256 1396 convivaque
2295 1297 2533 1372 comis
2553 1293 2622 1394 ;“

321 1420 419 1494 Et
468 1418 715 1496 soleas
768 1420 1036 1520 poscit.
1138 1419 1334 1496 Tum
1390 1421 1467 1496 in
1519 1420 1722 1497 lecto
1771 1445 2082 1520 quoque
2131 1421 2434 1498 videres

325 1541 669 1620 Stridere
720 1557 1011 1622 secreta
1064 1545 1353 1622 divisos
1406 1573 1592 1622 aure
1643 1541 2066 1622 susurros.“

322 1668 595 1744 Nullos
648 1668 765 1746 his
820 1670 1132 1746 mallem
1180 1671 1411 1747 ludos
1464 1685 1888 1772 spectasse;
1938 1671 2075 1746 sed
2127 1670 2266 1746 illa

240 1825 295 1864 so
330 1793 621 1891 Redde,
676 1819 843 1893 age,
900 1819 1098 1894 quae
1151 1796 1514 1896 deinceps
1567 1796 1821 1873 risisti.

1927 1795 2336 1893 „Vibidius
2388 1795 2572 1872 dum

323 1917 641 2010 Quaerit
692 1919 789 1996 de
841 1923 1124 2018 pueris,
1177 1949 1367 1997 num
1410 1924 1510 1997 sit
1561 1945 1873 2021 quoque
1923 1921 2169 1997 fracta
2212 1922 2567 2018 lagoena,

326 2044 556 2138 Quod
607 2045 757 2121 sibi
812 2047 1156 2145 poscenti
1208 2073 1362 2122 non
1413 2047 1695 2123 dantur
1745 2045 2046 2143 pocula,
2103 2045 2448 2146 dumque

324 2169 649 2248 Ridetur
696 2170 891 2248 fictis
940 2197 1197 2248 rerum
1248 2169 1660 2248 Balatrone
1710 2171 2074 2267 secundo,

324 2296 763 2392 Nasidiene,
816 2297 1021 2374 redis
1076 2311 1409 2374 mutatae
1462 2297 1762 2394 frontis,
1807 2310 1894 2372 ut
1942 2309 2106 2373 arte

250 2456 301 2496 aa
337 2423 898 2499 Emendaturus
950 2425 1373 2520 fortunam3
1429 2422 1711 2499 deinde
1763 2422 1994 2498 secuti

218 2646 533 2702 consolatio
570 2652 659 2702 est
690 2647 921 2704 ironiae.
969 2677 1039 2688 —
1090 2665 1157 2703 ne
1184 2648 1375 2720 panis]

218 2719 537 2773 Particulas
588 2735 657 2774 ns
711 2725 769 2774 et
820 2725 885 2774 ut
939 2720 1097 2775 vides
1152 2720 1379 2775 coniun-

331 2789 433 2844 das
485 2807 603 2845 esse
662 2809 789 2846 cum
839 2809 960 2848 voc.
993 2791 1375 2846 sollicitudine.

270 2861 559 2916 udibrium
614 2867 803 2918 autem
852 2863 912 2917 in
958 2881 1025 2918 ea
1080 2881 1141 2918 re
1184 2863 1379 2918 viden-

220 2934 357 2989 dum
394 2938 497 3001 est,
546 2934 697 3002 quod
734 2934 963 2990 Balatro
998 2935 1377 2996 Nasidienum‚

222 3005 322 3074 qui
362 3005 515 3060 cibos
550 3011 608 3060 et
630 3021 824 3061 curam
857 3007 917 3060 in
950 3008 1214 3076 parandis
1240 3007 1378 3060 cibis

220 3077 466 3146 positam
519 3077 591 3131 ad
634 3077 882 3132 taedium
929 3079 1049 3148 ipse
1091 3079 1377 3147 praediea-

218 3153 385 3203 verat
400 3188 416 3217 ,
476 3149 709 3203 minutis
776 3151 923 3204 curis
988 3150 1377 3205 enumerandis

220 3221 357 3275 mali
398 3237 469 3274 ne
505 3219 715 3275 laudat.
790 3223 876 3276 Ac
908 3221 1173 3276 videntur
1208 3222 1251 3275 ii
1291 3237 1377 3276 re-

222 3296 315 3346 cte
359 3237 553 3346 locum
608 3293 967 3356 intellexisse,
1028 3294 1125 3362 qui
1176 3309 1380 3362 panem

221 3380 355 3417 vere
408 3363 686 3428 adustum,
744 3364 831 3418 ius
886 3365 1031 3419 male
1092 3364 1379 3420 conditum

218 3434 393 3488 fuisse
427 3440 710 3504 putarent.
758 3465 827 3476 —
871 3435 1143 3504 patinam]
1178 3435 1280 3503 Ea,
1319 3437 1377 3489 in

220 3523 335 3576 qua
396 3523 629 3562 murena
690 3507 950 3576 apposita
1010 3511 1133 3561 erat
1149 3547 1162 3569 ,
1228 3507 1379 3560 haud

220 3576 393 3632 dubie
448 3577 631 3632 fracta
675 3584 799 3633 erat
852 3578 1238 3633 decidentibus
1282 3597 1377 3632 au-

218 3649 376 3703 laeis.
451 3649 637 3716 Quare
681 3650 728 3704 si
777 3650 873 3719 qui
924 3667 1114 3705 servus
1152 3651 1381 3704 sinister

218 3721 329 3775 hoc
354 3737 575 3790 quoque
612 3721 671 3774 in
696 3723 955 3777 convivio
980 3723 1231 3792 patinam
1268 3722 1377 3776 fre·

217 3792 324 3864 git,
381 3793 494 3848 alia
540 3799 627 3846 est
671 3795 884 3862 patina,
936 3811 1117 3862 neque
1168 3792 1267 3847 ille
1319 3793 1378 3848 id

220 3865 407 3918 facere
435 3865 625 3933 potuit
661 3882 789 3920 cum
827 3865 1023 3921 aulaea
1050 3883 1195 3934 quae
1226 3865 1377 3919 deci-

218 3936 425 3990 derant
461 3942 765 4006 amoveret,
804 3937 863 3991 id
900 3937 1049 4006 quod
1086 3955 1154 3992 ex
1191 3936 1379 3991 verbis

212 4005 355 4077 pede
392 4007 581 4075 lapsus
618 4008 919 4063 clarissime
956 4013 1129 4079 patet.
1184 4007 1379 4078 Neque

219 4077 561 4132 credendum
616 4085 701 4134 est
746 4081 1109 4134 Nasidienum
1158 4085 1224 4133 ut
1278 4096 1377 4133 nu·-

218 4165 440 4204 merum
484 4151 871 4206 ministrorum
918 4155 1149 4221 augeret
1183 4169 1377 4222 agaso-

217 4237 351 4274 nem
386 4221 425 4274 i.
453 4238 500 4275 e.
538 4238 761 4276 servum
800 4223 897 4290 qui
933 4223 1184 4280 iumenta
1220 4241 1377 4277 cura-

216 4297 309 4347 ret
344 4307 693 4363 aggregasse.
744 4293 809 4348 In
834 4293 1013 4348 divite
1049 4293 1213 4347 domo
1252 4294 1377 4363 quis

220 4364 451 4418 dubitat
488 4365 625 4432 quin
662 4369 750 4419 sat
784 4366 953 4420 multi
989 4365 1201 4419 fuerint
1228 4366 1377 4420 servi

219 4436 321 4506 qui
367 4435 440 4490 ad
476 4453 671 4490 cenam
706 4437 1002 4492 adessent?
1045 4437 1379 4504 praesertim

218 4524 351 4562 cum
399 4507 441 4560 ii
480 4507 731 4564 homines
772 4509 869 4577 qui
914 4508 975 4562 in
1010 4507 1223 4562 divitiis
1259 4509 1377 4562 lau-

216 4579 351 4634 dem
389 4583 665 4648 quaerant
712 4580 772 4634 in
807 4580 1009 4636 alenda
1054 4597 1261 4650 magna
1294 4578 1377 4634 fa·-

1471 2647 1631 2703 milia
1664 2649 1822 2717 parci
1859 2663 1977 2702 esse
2010 2664 2126 2701 non
2159 2645 2390 2700 soleant.
2442 2637 2626 2712 Quare

1472 2720 1726 2790 agasonis
1761 2737 1965 2773 nomen
2010 2719 2261 2788 positum
2305 2715 2468 2770 nobis
2505 2717 2626 2786 qui-

1472 2791 1602 2845 dem
1641 2791 1863 2845 videtur
1899 2807 2003 2875 pro
2044 2791 2149 2844 vili
2185 2794 2244 2843 et
2279 2787 2408 2842 rudi
2444 2805 2626 2854 εει-νο,

1472 2867 1537 2915 ut
1574 2863 1725 2931 apud
1760 2861 2015 2916 Persium
2051 2865 2102 2928 5,
2141 2862 2238 2914 76:
2280 2860 2424 2928 „Hic
2447 2858 2628 2914 Dama

1474 2939 1560 2988 est
1593 2951 1706 2988 non
1743 2934 1933 2988 tressis
1967 2933 2188 3004 agaso.“
2227 2961 2299 2971 --
2338 2931 2514 2986 soleas
2531 2947 2627 3000 po·

1470 3005 1596 3076 scit]
1668 3005 1775 3072 Qui
1835 3005 1906 3058 ad
1959 3021 2154 3060 cenam
2223 3002 2627 3058 accumbebant

1472 3077 1650 3134 soleas
1687 3077 1796 3131 sibi
1840 3077 1988 3130 demi
2025 3074 2320 3143 iubebant3
2373 3073 2473 3144 qui
2508 3091 2627 3128 snr-

1472 3167 1606 3220 gere
1655 3148 1919 3204 volebant
1963 3147 2140 3202 soleas
2186 3145 2507 3216 poscebant.
2558 3176 2624 3185 —

1471 3220 1722 3290 stridere]
1770 3220 1975 3275 Versus
2021 3223 2175 3273 totus
2212 3217 2394 3272 factus
2431 3221 2517 3272 est
2553 3217 2626 3272 ad

1472 3291 1896 3418 {iffififflssfliff
1909 3307 2410 3416 ..zufflffi‘ffi
2427 3289 2628 3358 ΝΜ]

1549 3436 1609 3489 V.
1647 3435 1734 3489 el.
1780 3450 1988 3504 quoque
2046 3450 2176 3487 nam
2209 3431 2407 3501 patina
2445 3431 2628 3487 fracta

1471 3511 1610 3560 erat.
1643 3536 1704 3546 --
1734 3503 1966 3574 dantur]
1997 3504 2090 3559 Sic
2118 3521 2186 3558 ex
2219 3503 2377 3558 codd.
2397 3503 2626 3559 Holder.

1472 3579 1678 3632 Keller.
1732 3578 1971 3648 Kriiger.
2018 3575 2304 3630 Eokstein.
2357 3575 2626 3644 Fritsch.;

1472 3651 1571 3704 alii
1609 3649 1808 3704 dentur
1845 3667 1913 3702 ex
1940 3647 2162 3718 vulgari
2193 3664 2296 3699 usu
2322 3661 2448 3699 cum
2479 3645 2626 3700 aliis-

1472 3737 1582 3790 que
1624 3720 1786 3776 bonis
1835 3720 1994 3775 codd.
2055 3717 2400 3772 Indicativus
2439 3721 2628 3771 autem

1470 3798 1723 3847 servatus
1759 3792 1983 3847 videtur
2021 3807 2087 3844 ex
2125 3806 2223 3843 ore
2259 3788 2434 3857 ipsius
2472 3787 2627 3842 vibi-

1471 3865 1570 3918 dii.
1643 3865 1715 3919 cf.
1764 3864 1874 3918 Gic.
1921 3862 2080 3916 Rosc.
2129 3863 2318 3914 Amer.
2363 3861 2415 3922 2,
2461 3861 2516 3912 6.
2559 3887 2626 3899 —·

1468 3936 1618 4002 fictis
1652 3935 1855 4005 rerum]
1899 3934 2030 3989 vide
2067 3933 2140 3986 ad
2185 3931 2298 3986 Sat.
2337 3931 2410 3998 H,
2449 3933 2498 3996 2,
2538 3931 2626 3984 25.

1472 4007 1682 4062 Rident
1732 4011 1918 4061 autem
1965 4005 2036 4059 de
2081 4003 2227 4057 fictis
2272 4001 2456 4070 rebus,
2515 4018 2626 4070 quo

1471 4079 1694 4133 facilius
1727 4095 1862 4133 vera
1911 4075 2134 4131 ridendi
2179 4091 2346 4129 causa
2390 4074 2628 4129 occulte·

1470 4154 1582 4204 tur.
1641 4177 1708 4191 -
1761 4147 2012 4218 secundo]
2077 4146 2393 4201 adiuvante.
2445 4145 2626 4215 Epist.

1470 4221 1541 4286 Π,
1584 4225 1630 4286 1,
1672 4223 1793 4275 102.
1867 4220 1911 4282 Ι,
1953 4225 2035 4288 10,
2073 4220 2127 4274 9.
2175 4247 2238 4258 --
2297 4217 2626 4288 Nasidiene]

1471 4292 1798 4347 Fundanius
1837 4292 1908 4347 ad
1953 4291 2248 4346 ridendam
2287 4290 2627 4359 pravitatem

1473 4382 1586 4433 qua
1613 4363 1946 4419 Nasidienus
1980 4362 2136 4432 quasi
2167 4361 2520 4431 triumphans
2541 4377 2626 4415 re-

1474 4437 1562 4491 dit
1621 4437 1908 4506 epicorum
1969 4433 2368 4490 consuetudine
2445 4433 2628 4486 utitur

1473 4508 1672 4562 heroas
1697 4525 1862 4576 saepe
1886 4508 1946 4561 in
1981 4503 2318 4562 carminibus
2340 4502 2626 4573 alloquen-

1472 4580 1635 4635 tium.
1708 4579 1871 4634 Hom.
1927 4579 1993 4634 11.
2051 4575 2146 4640 IV,
2207 4575 2326 4629 127.
2385 4603 2452 4614 -
2509 4579 2628 4632 arto
