3092 5059
396 217 519 283 fflffi

1417 215 1773 285 EPODON

498 403 676 479 Heu
729 429 877 500 me,
931 430 1074 503 per
1123 405 1388 481 urbem
1455 444 1537 457 -
1598 430 1776 481 nam
1828 404 2073 503 pudet
2122 404 2316 480 tanti
2368 404 2550 479 mali
2598 446 2701 457 -

598 528 898 605 Fabula
951 542 1238 629 quanta
1275 530 1424 605 fui!
1527 528 2082 606 Conviviorum
2137 543 2214 605 et
2262 530 2620 630 paenitet,

499 653 594 728 In
637 653 806 754 quis
859 667 1242 731 amantem
1295 654 1629 753 languor
1680 668 1757 731 et
1805 655 2193 731 silentium

419 814 468 853 ιο
603 775 888 877 Arguit
940 792 1015 855 et
1056 779 1296 855 latere
1347 780 1630 877 petitus
1689 780 1843 855 imo
1894 780 2226 880 spiritus.

498 901 888 979 Contrane
933 903 1235 980 lucrum
1289 904 1401 979 nil
1457 904 1712 980 valere
1765 903 2177 980 candidum

601 1028 970 1129 Pauperis
1012 1028 1460 1127 ingenium?
1517 1029 1900 1128 querebar
1950 1028 2369 1129 applorans
2424 1029 2586 1125 tibi,

498 1151 745 1229 Simul
801 1152 1116 1227 calentis
1164 1152 1731 1228 inverecundus
1786 1152 1972 1228 deus

603 1276 1050 1354 Fervidiore
1095 1303 1307 1354 mero
1360 1304 1645 1354 arcana
1688 1291 2086 1378 promorat
2134 1278 2331 1354 loco.

393 1430 444 1471 ιι
501 1400 796 1494 Quodsi
842 1402 1030 1479 meis
1074 1403 1453 1480 inaestuet
1501 1402 1975 1501 praecordiis
2378 1392 2385 1399 ⁹

373 1518 382 1527 ’
597 1526 883 1604 Libera
933 1528 1133 1625 bilis,
1189 1542 1276 1604 ut
1327 1528 1518 1605 haec
1569 1529 1872 1627 ingrata
1926 1530 2172 1605 ventis
2224 1528 2525 1606 dividat

500 1652 878 1730 Fomenta
927 1652 1204 1731 vulnus
1255 1654 1368 1729 nil
1419 1654 1709 1731 malum
1760 1654 2117 1751 levantia,

601 1778 920 1855 Desinet
969 1779 1393 1877 imparibus
1449 1794 1746 1857 certare
1798 1792 2219 1856 summotus
2270 1779 2550 1880 pudor.

495 1903 655 1981 Ubi
707 1904 900 1981 haec
949 1931 1259 1983 severus
1309 1918 1386 1982 te
1435 1906 1694 2006 palam
1745 1905 2268 2002 laudaveram,

417 2064 469 2105 ω
601 2030 860 2107 Iussus
905 2031 1122 2107 abire
1176 2031 1492 2107 domum
1545 2033 1857 2109 ferebar
1908 2032 2201 2107 incerto
2252 2029 2455 2131 pede

499 2155 630 2232 Ad
681 2182 838 2231 non
887 2157 1172 2233 amicos
1217 2156 1368 2235 heu
1421 2158 1614 2233 mihi
1664 2170 1922 2258 postes
1975 2171 2052 2233 et
2100 2156 2251 2232 heu

603 2280 912 2359 Limina
965 2281 1179 2379 dura,
1235 2282 1512 2383 quibus
1565 2284 1873 2359 lumbos
1925 2295 2000 2359 et
2046 2282 2333 2381 infregi
2377 2281 2599 2359 latus.

497 2404 722 2479 Nunc
773 2403 1171 2503 gloriantis
1223 2406 1652 2504 quamlibet
1700 2405 2231 2482 mulierculam

601 2528 936 2605 Vincere
987 2530 1314 2605 mollitia
1362 2557 1583 2606 amor
1630 2530 1935 2631 Lycisci
1982 2556 2106 2607 me
2160 2543 2395 2626 tenet3

406 2780 528 2833 404.
605 2780 672 2834 cf.
713 2780 893 2835 Carm.
943 2781 986 2845 1,
1039 2782 1120 2847 17,
1165 2782 1246 2836 16.
1305 2812 1372 2822 —
1429 2798 1561 2837 nam

400 2849 595 2921 pudet]
632 2851 786 2905 Inest
840 2852 900 2906 in
953 2852 1040 2907 his
1091 2870 1272 2917 causa,
1324 2872 1424 2908 cur
1459 2854 1563 2909 heu

406 2938 489 2977 ms
525 2923 812 2977 vocabulis
848 2923 1058 2979 doloris
1095 2930 1154 2980 et
1188 2926 1560 2997 aegritudinis

407 3010 630 3048 sensum
685 2995 1018 3064 prodiderit.
1105 2997 1177 3052 cf.
1230 2998 1408 3052 Carm.
1459 2998 1560 3065 111,

410 3067 495 3133 11,
540 3068 583 3119 1.
622 3064 707 3120 30.
737 3094 804 3107 -—
832 3067 1047 3137 fabula]
1083 3068 1304 3124 Latinis
1329 3069 1562 3124 fabulae

405 3137 673 3192 dicuntur
741 3139 837 3207 qui
904 3140 1224 3195 hominibus
1296 3140 1559 3196 confabu-

407 3207 562 3262 landi
587 3214 647 3263 et
675 3209 898 3265 ridendi
917 3212 1262 3267 occasionem
1290 3213 1560 3283 praebue-

407 3284 560 3333 runt.
600 3281 669 3335 cf.
706 3280 886 3351 Epist.
930 3283 976 3345 1,
1019 3286 1101 3352 13,
1141 3285 1192 3337 9.
1217 3314 1282 3324 —
1306 3284 1557 3354 languor]

407 3369 520 3406 non
555 3352 738 3421 pallor
774 3354 903 3416 oris,
939 3355 1036 3409 sed
1087 3360 1283 3425 torpor
1331 3356 1561 3424 quidam

409 3422 582 3477 animi
618 3429 676 3478 et
709 3425 958 3479 omnium
1007 3444 1214 3495 rerum,
1252 3427 1322 3481 de
1357 3427 1559 3497 quibus

408 3494 614 3565 agitur,
648 3496 1017 3567 neglegentia.
1083 3498 1220 3553 Inde
1275 3499 1460 3553 oritur
1483 3499 1561 3553 si·

406 3566 646 3620 lentim.
669 3594 732 3605 —
773 3569 983 3638 arguit]
1021 3568 1127 3624 Est
1149 3570 1386 3639 perfecti
1421 3574 1561 3624 tem-

409 3637 578 3707 poris.
629 3666 694 3676 —
740 3636 1039 3709 Contrane]
1077 3640 1430 3712 Indignantis
1475 3647 1562 3695 est

408 3708 760 3777 exclamatio,
789 3715 857 3764 ut
883 3710 1063 3780 Epod.
1087 3714 1137 3780 8,
1174 3715 1222 3766 1.
1243 3742 1308 3752 —
1329 3711 1558 3782 lucrum]

410 3797 536 3835 cnm
571 3780 798 3836 Inachia
833 3782 1098 3837 ditiorem
1147 3784 1380 3838 rivalem
1430 3801 1559 3853 pro-

407 3856 538 3921 pter
572 3851 820 3921 pretiosa
855 3854 1004 3909 dona
1037 3856 1261 3925 ingenio
1297 3856 1560 3925 pauperis

408 3929 608 3993 poetae
688 3925 1020 3993 praeferret.
1099 3956 1160 3967 —
1238 3925 1559 3997 applorans]

406 3994 639 4050 Praeter
673 3994 726 4049 h.
779 3996 816 4049 l.
863 4014 977 4051 non
1021 3997 1247 4052 videtur
1293 3998 1404 4067 legi
1450 3997 1561 4051 nisi

407 4066 575 4121 semel
625 4067 776 4136 apud
820 4067 1100 4123 Senecam.
1141 4098 1208 4109 --
1247 4068 1559 4124 inverecun-

406 4136 531 4207 dus]
570 4137 816 4194 Simulac
851 4140 971 4193 vini
1008 4140 1253 4211 largiore
1289 4158 1393 4194 usu
1431 4139 1559 4195 effe·

411 4214 565 4264 ctum
627 4214 766 4279 erat,
827 4216 892 4265 ut
945 4228 1132 4266 amore
1189 4228 1278 4266 me
1331 4216 1561 4281 captum

407 4278 722 4349 profiterer.
797 4283 982 4339 Aliter
1021 4282 1271 4338 Bacchus
1313 4300 1559 4338 verecun-

409 4351 512 4406 dus
545 4358 630 4407 est
667 4352 846 4408 Carm.
873 4354 917 4422 1,
954 4358 1039 4420 27,
1075 4357 1123 4408 3.
1162 4384 1228 4395 —
1267 4354 1558 4425 inaestuet]

407 4418 555 4483 ἅπαξ
623 4420 953 4496 λεγόμενον;
1025 4426 1288 4482 similiter
1357 4425 1559 4481 Catull.

410 4496 496 4561 62,
523 4496 619 4548 47:
663 4498 884 4563 „animo
916 4499 1258 4553 aestuante.“
1289 4528 1358 4539 —
1393 4498 1562 4552 libera

411 4564 560 4636 bilis]
595 4566 668 4621 cf.
703 4566 882 4638 Epod.
922 4571 974 4634 4,
1012 4572 1095 4625 10.
1149 4598 1214 4611 -
1267 4570 1441 4626 ventis
1473 4568 1559 4623 di-

1652 2783 1832 2853 vidat]
1872 2784 1927 2837 h.
1952 2802 1998 2839 e.
2024 2784 2204 2838 ventis
2238 2782 2561 2853 dissipanda
2596 2782 2811 2837 tradat.

1654 2854 1724 2909 cf.
1764 2855 1944 2909 Carm.
1983 2855 2025 2921 1,
2064 2856 2152 2921 26,
2192 2856 2218 2908 1
2260 2872 2381 2924 sqq.
2426 2882 2493 2895 -
2538 2854 2807 2923 fomenta]

1655 2928 1928 2995 querelas,
1980 2944 2049 2981 ex
2095 2926 2297 2996 quibus
2348 2926 2596 2981 remedia
2642 2942 2811 2995 saepe

1654 3004 1713 3052 et
1746 2999 1957 3053 solacia
1989 3002 2276 3067 petuntur.
2344 2997 2413 3052 cf.
2449 2997 2632 3067 Epist.
2670 2997 2715 3065 1,
2756 3000 2809 3065 3,

1654 3072 1740 3123 26.
1796 3071 2037 3139 Inyrata
2074 3075 2221 3137 sunt,
2258 3070 2391 3139 quia
2426 3068 2627 3122 vulnus
2662 3068 2807 3122 nihil

1653 3142 1856 3196 levant.
1906 3170 1968 3180 -
2026 3140 2353 3211 imparibus]
2405 3140 2627 3210 ingenio
2665 3139 2805 3194 infe-

1654 3213 1915 3267 rioribus.
1996 3212 2101 3266 Est
2154 3213 2357 3267 tertius
2413 3228 2591 3266 casus.
2664 3210 2809 3265 Vide

1654 3283 1725 3338 ad
1763 3284 1940 3337 Carm.
1976 3284 2020 3350 1,
2058 3286 2109 3350 3,
2151 3286 2233 3338 13.
2271 3314 2336 3324 -
2374 3288 2671 3337 mmmotus
2702 3298 2807 3352 pu-

1654 3354 1773 3425 dor]
1812 3355 2031 3424 poetice
2078 3372 2219 3424 pro:
2281 3359 2557 3409 summoto
2592 3353 2808 3423 pudore

1654 3426 1903 3481 desinam
1964 3432 2180 3481 certare
2242 3426 2567 3497 imparibus.
2627 3454 2690 3465 -
2754 3429 2809 3479 te

1645 3498 1865 3567 palam]
1902 3496 2063 3553 Ovid.
2104 3497 2274 3552 Trist.
2311 3498 2380 3559 V,
2413 3501 2495 3565 10,
2532 3499 2627 3551 39:
2670 3512 2805 3565 „me-

1654 3586 1753 3639 que
1796 3570 1983 3637 palam
2029 3569 2099 3624 de
2149 3586 2237 3624 me
2289 3574 2415 3624 tuto
2461 3569 2610 3623 mala
2644 3584 2809 3637 saepe

1652 3640 2013 3709 loquuntur.“
2085 3640 2211 3695 Liv.
2259 3640 2352 3709 Vl,
2395 3641 2479 3709 14,
2518 3643 2580 3693 5:
2640 3639 2807 3707 „inde

1652 3730 1773 3766 rem
1810 3712 2074 3766 creditori
2120 3713 2311 3781 palam
2348 3713 2549 3782 populo
2586 3711 2805 3765 solvit.“

1658 3812 1719 3821 —-
1782 3783 1984 3837 incerto
2032 3784 2183 3853 pede]
2246 3800 2371 3837 cum
2424 3783 2594 3852 pedes
2650 3782 2807 3850 quasi

1654 3854 1895 3907 invitum
1948 3872 2038 3909 me
2094 3854 2165 3908 ad
2207 3854 2493 3909 Inachiam
2582 3854 2807 3908 erduee-

1653 3930 1795 3979 rent.
1830 3956 1895 3964 —
1928 3926 2128 3995 postes]
2170 3925 2239 3981 cf.
2272 3926 2453 3981 Carm.
2582 3963 2593 3988 ,
2635 3928 2718 3991 10,
2754 3926 2807 3977 2.

1654 3998 1740 4049 20.
1780 4026 1846 4037 -
1884 3996 2142 4067 mollitia]
2193 3997 2362 4051 Codd.
2405 4013 2597 4052 omnes
2632 3996 2800 4051 molli-

1654 4068 1765 4136 tia;
1802 4068 2091 4123 Bentleius
2128 4074 2317 4123 tamen
2340 4068 2582 4131 mollitis,
2604 4072 2671 4121 ut
2692 4067 2805 4122 evi·

1653 4144 1873 4193 taretur
1938 4146 2165 4208 „vastus
2222 4140 2319 4194 ille
2376 4144 2433 4193 et
2488 4138 2808 4193 inconditus

1652 4227 1819 4265 sonus
1864 4228 1917 4265 a.
1961 4213 2050 4264 a.“
2146 4210 2331 4266 Secuti
2384 4216 2517 4265 sunt
2568 4210 2806 4264 Meinek.

1653 4282 1875 4336 Miiller.
1933 4282 2216 4337 Eckstein.
2275 4282 2494 4336 Schiitz.
2546 4281 2804 4335 Kellerus

1654 4352 1907 4407 defendit
1954 4353 2207 4408 codicum
2253 4354 2489 4408 mollitia
2532 4369 2635 4407 nec
2674 4352 2803 4405 hae-

1654 4423 1889 4479 rendum
1918 4442 2035 4479 esse
2058 4425 2254 4479 docuit
2276 4425 2335 4479 in
2360 4423 2573 4493 duplici
2612 4422 2807 4478 littera

1654 4512 1693 4550 a
1726 4512 1789 4563 ας
1824 4512 2015 4550 versus
2052 4496 2201 4550 enim
2227 4498 2576 4564 asynartetus
2600 4499 2687 4549 est
2720 4494 2805 4548 in·

1656 4570 1745 4621 ter
1770 4570 2068 4637 utramque
2092 4567 2341 4623 litteram
2366 4582 2419 4621 a.
2447 4594 2511 4607 --
2538 4564 2805 4621 renodan-
