3092 5059
1129 220 1290 287 LIB.
1333 221 1442 286 Iv.
1487 219 1739 287 GARM.
1780 221 1830 287 Ι.

576 430 749 507 Illic
799 432 1133 530 plurima
1181 434 1493 510 naribus

2546 223 2673 288 243

671 557 919 634 Duces
971 571 1163 655 tura,
1215 556 1587 659 lyraeque
1636 572 1712 635 et
1754 559 2251 658 Berecyntiae

577 681 1076 759 Delectabere
1125 685 1362 760 tibiae

672 808 932 885 Mixtis
987 809 1456 885 carminibus
1506 835 1662 884 non
1714 810 1877 886 sine
1922 808 2204 906 fistula3

489 963 540 1004 ιε
573 931 748 1010 Illic
799 935 915 1010 bis
968 935 1190 1033 pueri
1242 934 1368 1012 die

671 1057 977 1136 Numen
1031 1086 1206 1136 cum
1259 1061 1546 1138 teneris
1597 1062 2029 1162 virginibus
2076 1077 2283 1140 tuum

570 1181 1006 1260 Laudantes
1057 1183 1258 1280 pede
1309 1183 1641 1260 candido

663 1307 757 1384 In
802 1333 1100 1385 morem
1151 1308 1440 1384 Salium
1495 1321 1614 1384 ter
1665 1309 2007 1408 quatient
2056 1309 2401 1388 humum.

569 1431 698 1508 Me
748 1458 891 1508 nec
943 1433 1234 1509 femina
1281 1458 1425 1508 nec
1473 1458 1671 1531 puer

487 1589 540 1630 ω
674 1558 838 1634 Iam
893 1583 1036 1634 nec
1088 1583 1261 1657 spes
1313 1560 1554 1634 animi
1608 1559 1923 1635 credula
1974 1561 2220 1637 mutui

571 1681 735 1760 Nec
787 1695 1080 1759 certare
1131 1684 1343 1762 iuvat
1392 1709 1608 1758 mero

669 1807 832 1884 Nec
883 1809 1176 1884 vincire
1226 1809 1446 1884 novis
1501 1821 1853 1907 tempora
1892 1809 2233 1887 floribus.

573 1931 729 2010 Sed
779 1960 914 2009 cur
963 1933 1140 2029 heu,
1189 1931 1586 2032 Ligurine,
1643 1960 1781 2009 cur

673 2057 938 2136 Manat
988 2085 1164 2136 rara
1213 2085 1423 2135 meas
1472 2057 1795 2135 lacrima
1845 2085 1986 2158 per
2038 2063 2321 2159 genas?

490 2213 542 2255 αι
577 2183 736 2260 Cur
777 2183 1118 2259 facunda
1159 2209 1436 2284 parum
1490 2182 1773 2259 decoro

669 2307 882 2385 Inter
935 2309 1172 2385 verba
1223 2307 1429 2385 cadit
1477 2308 1749 2406 lingua
1799 2308 2149 2386 silentio?

571 2433 984 2510 Nocturnis
1039 2457 1182 2532 ego
1237 2432 1551 2510 somniis

669 2559 836 2635 Iam
882 2570 1190 2655 captum
1226 2571 1476 2655 teneo,
1529 2559 1685 2634 iam
1738 2558 2127 2634 volucrem
2180 2583 2459 2658 sequor

571 2684 682 2759 Te
732 2709 874 2784 per
925 2685 1280 2780 gramina
1321 2683 1589 2760 Martii

489 2841 542 2884 40
676 2805 974 2908 Campi,
1029 2822 1104 2884 te
1157 2834 1297 2908 per
1347 2833 1610 2908 aquas,
1670 2807 1880 2905 dure,
1930 2807 2329 2883 volubiles.

253 3067 440 3134 lacus3
463 3063 596 3118 inde
611 3064 847 3134 pluralis
870 3083 1152 3120 numerus.
1172 3065 1412 3120 Videtur

254 3136 495 3192 Paullus
527 3135 722 3190 villam
759 3136 840 3191 ibi
865 3136 1141 3192 habuisse.
1167 3167 1228 3178 —
1263 3138 1414 3192 trabe

254 3209 466 3277 citrea]
511 3207 604 3262 Sic
639 3208 698 3261 in
753 3208 1156 3277 antiquissimis
1207 3209 1410 3264 codici-

253 3281 390 3350 bus;
430 3279 646 3349 Cypria
669 3297 737 3334 ex
761 3281 1122 3350 corruptione
1147 3285 1204 3335 et
1234 3297 1412 3350 prava

253 3351 538 3407 memoria
569 3351 682 3405 loci
717 3351 896 3405 θαι-ιιι.
933 3353 976 3414 1,
1009 3354 1055 3420 1,
1099 3354 1162 3405 13
1202 3357 1406 3407 ortum.

253 3426 340 3479 Ac
375 3423 525 3477 bene
561 3421 896 3478 Μοίηάεἰω·
937 3423 1088 3492 „Nec
1128 3441 1261 3478 vero
1297 3429 1409 3478 tra·

253 3496 354 3550 bes
393 3493 538 3549 dicit
571 3499 740 3563 poeta
775 3500 924 3550 totas
959 3511 992 3549 e
1028 3495 1170 3550 citro
1209 3513 1410 3564 caesas,

253 3567 354 3622 sed
411 3566 546 3620 citri
599 3566 819 3621 laminis
862 3573 924 3622 et
967 3568 1268 3638 segmentis
1314 3567 1410 3621 ob·

253 3637 517 3694 ductas.“
592 3636 778 3692 Citrus
833 3639 1004 3693 arbor
1065 3640 1208 3693 bene
1256 3639 1410 3694 olens

253 3715 314 3764 et
337 3708 750 3780 pretiosissima
783 3727 852 3764 ex
876 3709 1072 3765 Africa
1093 3710 1408 3779 petebatur.

254 3781 436 3852 Apud
487 3779 738 3834 Persium
800 3785 857 3843 1,
913 3783 981 3835 53
1049 3782 1411 3836 inveniuntur

255 3853 382 3907 lecti
417 3851 592 3906 citrei.
628 3880 693 3891 --
727 3852 1082 3924 Berecyntiae
1121 3853 1314 3922 tibiae]
1338 3852 1410 3908 cf.

257 3922 1080 3988 earm.111,19,2o.Restitui
1113 3925 1412 3979 lectionem

259 3995 516 4050 omnium
537 4009 714 4064 prope
735 3995 988 4050 codicum
1009 3995 1278 4066 (lyrae-
1307 3996 1410 4051 Be-

258 4082 742 4192 auobmmtax-ssum
685 4067 947 4194 00³1AE
949 4084 1032 4193 ror
1033 4068 1312 4208 θοοτῗιιιιιῗιᾱ
1327 4069 1412 4194 εὶιῖ

257 4209 376 4280 (lyr
375 4225 418 4262 a
461 4235 528 4248 --
573 4209 1018 4280 Berecyntia—
1067 4211 1246 4278 tibia).
1321 4209 1412 4266 Sic

263 4225 478 4334 Keller.
548 4279 770 4335 Miiller.
841 4281 1126 4337 Eckstein.
1191 4281 1409 4338 Schiitz.

263 4351 619 4406 Constructio
663 4351 963 4408 verborum
1001 4359 1110 4408 est:
1172 4353 1413 4409 delecta-

261 4423 402 4478 bere
439 4423 776 4478 carminibus
819 4425 1016 4481 mixtis
1051 4426 1208 4494 lyrae
1247 4430 1306 4480 et
1341 4427 1410 4480 ti-

261 4493 395 4549 biae
425 4493 658 4565 (datin).
721 4495 806 4550 Of.
843 4495 1029 4552 Valet.
1054 4497 1115 4556 ,F
1119 4499 1155 4552 1.
1173 4495 1240 4564 V,
1281 4501 1412 4552 100·

265 4566 564 4636 „Carmina
596 4567 734 4636 quin
757 4567 928 4624 etiam
953 4569 1102 4624 visos
1127 4569 1412 4639 placantia

1515 3081 1704 3120 manes
1730 3063 1998 3133 Odrysius
2022 3065 2137 3120 dux
2160 3066 2272 3120 rite
2294 3071 2500 3136 movet,
2524 3065 2662 3121 mix·

1514 3142 1675 3206 toque
1710 3142 2001 3191 sonantem
2037 3137 2292 3192 Percutit
2314 3155 2405 3193 ore
2434 3137 2665 3206 lyram.“

1519 3207 1649 3262 Alia
1686 3209 2027 3264 constructio
2065 3214 2151 3263 est
2178 3209 2357 3279 Epod.
2393 3211 2444 3271 9,
2474 3211 2525 3263 5.
2574 3210 2663 3263 In-

1515 3279 1738 3334 dicatur
1775 3284 2075 3335 concentus
2112 3281 2289 3335 trium
2325 3281 2661 3336 instrumen-

1513 3355 1731 3412 torum:
1768 3352 1859 3406 cui
1896 3352 2169 3407 accedunt
2202 3369 2335 3407 mox
2372 3357 2568 3406 cantus
2606 3357 2663 3407 et

1513 3424 1757 3477 saltatio·
1830 3423 1902 3478 cf.
1940 3422 2035 3491 IV,
2078 3427 2163 3487 15,
2201 3425 2287 3477 30.
2330 3453 2395 3464 -—
2432 3423 2516 3478 bis
2550 3423 2661 3494 die]

1513 3496 1793 3549 matutino
1830 3505 1887 3549 et
1926 3495 2245 3564 vespertino
2296 3500 2566 3565 tempore.
2591 3525 2657 3536 —-—

1513 3581 1709 3620 morem
1743 3565 1974 3636 Salium]
2016 3567 2085 3621 cf.
2140 3567 2320 3622 Carm.
2360 3567 2406 3636 Ι,
2450 3567 2534 3633 36,
2576 3569 2660 3621 12.

1515 3667 1583 3678 -
1612 3643 1692 3693 ter
1716 3638 1967 3706 quatient
1992 3637 2235 3710 humum]
2262 3638 2333 3694 cf.
2358 3637 2537 3693 carm.
2561 3639 2664 3709 ΙΙΙ,

1521 3711 1603 3770 18,
1646 3711 1709 3762 16
1748 3713 1805 3764 et
1840 3709 1885 3775 Ι,
1927 3713 2013 3771 37,
2051 3711 2104 3764 2.

1586 3779 1651 3833 V.
1680 3782 1765 3834 30.
1804 3779 2003 3852 matut]
2044 3780 2114 3837 cf.
2154 3780 2334 3836 Carm.
2364 3781 2435 3844 11,
2467 3783 2551 3849 12,
2581 3785 2662 3835 15.

1515 3881 1582 3892 —
1647 3853 1797 3907 novis
1846 3853 2095 3922 fioribue]
2155 3853 2293 3907 Inde
2346 3852 2662 3917 concludas,

1513 3941 1688 3978 verno
1706 3929 1960 3993 tempore
1983 3941 2204 3979 carmen
2233 3925 2505 3994 scriptum
2526 3940 2659 3978 esse.

1516 4023 1583 4035 —
1616 3995 1911 4066 Liyum'ne]
1940 3995 2131 4050 fictum
2154 4013 2371 4050 nomen.
2410 3995 2498 4049 Ad
2528 4011 2658 4049 eun-

1515 4067 1643 4121 dem
1678 4073 1763 4122 est
1788 4067 1969 4121 Germ.
1995 4070 2153 4121 10-
2082 4067 2331 4136 —raral
2368 4066 2437 4120 cf.
2477 4066 2659 4120 Carm.

1513 4139 1559 4208 Ι,
1603 4141 1685 4208 13,
1718 4141 1767 4193 6.
1802 4138 2047 4209 Egregie
2076 4139 2309 4193 intimus
2334 4137 2509 4191 animi
2540 4153 2659 4191 sen-

1515 4227 1607 4264 sus
1638 4211 1839 4265 furtim
1874 4215 1931 4264 et
1967 4227 2095 4266 raro
2133 4209 2459 4264 cadentibus
2498 4208 2662 4263 lacri-

1514 4283 1621 4336 mis
1660 4301 1727 4338 ex
1769 4282 2012 4336 rimitur.
2088 4281 2215 4336 Huc
2248 4279 2465 4335 accedit
2501 4279 2659 4335 silen-

1514 4355 1671 4424 tium,
1758 4371 1787 4408 e
1836 4371 1945 4423 quo
1989 4352 2089 4409 cfr.
2134 4351 2316 4423 Epod.
2370 4353 2453 4422 11,
2500 4354 2552 4406 9.
2593 4381 2659 4391 -

1507 4441 1614 4494 per
1643 4425 1923 4496 gramina]
1962 4425 2031 4479 In
2058 4424 2285 4479 somniis
2311 4425 2467 4492 sequi
2492 4421 2661 4495 Ligu·

1514 4498 1701 4552 riuum
1760 4497 1869 4552 sibi
1922 4496 2149 4551 videtur
2194 4501 2513 4552 currentem
2558 4511 2662 4566 per

1516 4569 1801 4640 Campum,
1826 4571 2117 4623 natantem
2144 4585 2247 4638 per
2264 4565 2539 4638 Tiberim3
2578 4567 2659 4622 ibi
