3092 5059
969 226 1128 293 LIB.
1171 226 1284 293 III.
1333 224 1583 293 GARM.
1628 224 1880 291 XXIII.

2504 223 2630 289 219

573 445 598 487 ε
633 411 794 487 Nec
844 412 1328 513 pestilentem
1380 413 1659 490 sentiet
1700 411 2057 488 Africum

632 536 992 613 Fecunda
1042 538 1216 613 vitis
1262 563 1408 613 nee
1457 537 1794 614 sterilem
1848 561 2067 634 seges

729 642 1194 759 Robiginem
1245 677 1376 739 aut
1422 663 1685 739 dulces
1739 663 2033 739 alumni

831 780 1229 864 Pomifero
1285 813 1524 887 grave
1575 802 1874 885 tempus
1928 814 2155 865 anne.

635 938 832 1015 Nam
886 962 1084 1037 quae
1133 937 1377 1014 nivali
1427 938 1767 1038 pascitur
1809 935 2098 1035 Algido

551 1098 606 1137 ιο
635 1064 928 1141 Devota
984 1088 1310 1164 quercus
1360 1063 1563 1139 inter
1613 1074 1687 1138 et
1734 1062 1951 1139 ilices
2129 1058 2133 1061 ’

730 1188 894 1267 Aut
937 1189 1208 1267 crescit
1247 1188 1575 1265 Albanis
1624 1188 1705 1263 in
1752 1188 2013 1264 herbis

831 1315 1192 1410 Victima,
1237 1314 1683 1416 pontificum
1733 1337 2031 1390 secures

636 1463 980 1542 Cer-vice·
1008 1464 1286 1562 tinget:
1337 1476 1414 1540 te
1461 1463 1664 1539 nihil
1715 1464 1984 1539 attinet

635 1591 967 1665 Tentare
1015 1588 1256 1665 multa
1310 1588 1544 1665 caede
1603 1587 2030 1695 bidentium

543 1746 598 1789 ιε
741 1714 1031 1789 Parvos
1080 1726 1575 1789 coronantem
1628 1714 1923 1788 marino

828 1840 1032 1914 Rore
1085 1837 1274 1913 deos
1325 1839 1746 1939 fragilique
1798 1852 2073 1937 myrto.

631 1990 1004 2066 Immunis
1057 2016 1273 2066 aram
1324 1990 1388 2065 si
1439 1992 1697 2087 tetigit
1744 2017 2037 2087 manus,

633 2114 808 2191 Non
861 2129 1306 2214 sumptuosa
1354 2114 1717 2192 blandior
1765 2114 2017 2191 hostia

149 2408 156 2417 ‚
209 2358 470 2413 homines
531 2358 740 2412 mensis
797 2359 1062 2429 cuiusque
1115 2359 1385 2415 Kalendis

209 2429 639 2485 sacrificabant.
679 2458 744 2469 —
785 2432 1060 2499 placaris]
1104 2431 1328 2485 Vocalis
1363 2431 1386 2484 i

211 2501 270 2553 in
305 2502 822 2557 terminationibus
858 2502 927 2570 ia,
962 2504 1120 2564 imus,
1159 2503 1258 2557 itis
1290 2521 1384 2557 an·

211 2572 456 2641 tiquitus
507 2574 685 2643 longa
735 2574 871 2639 fuit3
925 2574 997 2629 cf.
1049 2573 1212 2628 Ovid.
1248 2573 1385 2628 Met.

211 2643 306 2711 VI,
341 2646 454 2699 357
498 2645 720 2711 „vitam
757 2644 1028 2699 dedentis
1075 2646 1136 2698 in
1169 2646 1385 2713 unda“;

214 2713 348 2769 ibid.
399 2715 472 2783 X,
521 2718 634 2769 560
680 2716 954 2783 „forsitan
996 2717 1238 2771 audieus
1285 2717 1386 2771 ali-

219 2787 443 2853 quam.“
483 2786 626 2841 infr.
663 2787 760 2855 lv,
799 2789 850 2855 7,
887 2789 974 2841 20.
1023 2788 1255 2843 Placere
1289 2807 1383 2843 au-

217 2860 350 2924 tem,
397 2863 468 2911 ut
517 2859 674 2927 apud
715 2858 876 2914 Ovid.
923 2860 1058 2913 Met.
1098 2860 1221 2927 VH,
1259 2863 1378 2914 251.

219 2928 340 2995 ΧΠ,
372 2932 482 2984 150
521 2934 616 2983 est
635 2931 946 3000 propitium
978 2931 1223 3000 aliquem
1259 2932 1381 2985 red·

217 2998 348 3054 dere
361 3040 375 3062 ‚
435 3002 694 3072 gratiam
760 3003 994 3057 alicuius
1047 3008 1253 3072 petere.
1311 3030 1380 3045 ·--

219 3069 418 3141 homa]
500 3073 674 3142 spicis
745 3075 1075 3129 hornotinis,
1175 3074 1383 3129 Forma

217 3140 424 3197 hornus
471 3150 777 3213 poetarum
825 3151 926 3200 est.
984 3174 1052 3185 —-
1111 3146 1381 3231 avidaque

216 3214 538 3355 Pnffmffoffi
565 3214 682 3342 83.
716 3216 797 3343 {lii
827 3218 1058 3343 gitgrlii‘s
1083 3218 1382 3345 {ig-3³²2}

225 3350 386 3426 Verg.
428 3358 637 3429 Georg.
674 3359 718 3424 Ι,
762 3362 882 3415 160.
922 3390 988 3399 -
1028 3359 1262 3429 alumni]
1299 3362 1381 3415 vi·-

223 3426 346 3507 tuli2
381 3428 578 3498 haedi,
613 3432 764 3501 agni.
803 3432 874 3487 cf.
915 3432 1015 3500 111,
1053 3434 1136 3499 18,
1175 3436 1226 3485 4.
1286 3431 1382 3487 Bis

227 3496 403 3551 tribus
449 3503 640 3557 utitur
677 3504 968 3573 exemplis:
1017 3506 1161 3571 ture,
1199 3503 1383 3574 fruge,

225 3584 420 3640 porca;
466 3573 602 3627 dein
638 3574 788 3635 vitis,
827 3592 1001 3645 seges,
1035 3591 1266 3645 pecora3
1313 3594 1382 3629 ex

229 3645 632 3699 consuetudine
669 3645 908 3701 Horatii.
947 3676 1013 3685 —
1051 3662 1218 3715 ,orave
1253 3652 1381 3701 tem·-

227 3710 356 3779 pus]
395 3718 718 3771 autumnus.
776 3716 888 3772 Sat.
927 3718 1000 3785 11,
1037 3720 1090 3785 6,
1139 3719 1217 3771 19.
1292 3718 1381 3771 Iu·

229 3796 351 3864 ven..
389 3784 482 3866 IV,
521 3789 622 3841 56:
699 3788 852 3857 „Iam
891 3789 1116 3843 letifero
1153 3789 1384 3844 cedente

233 3867 445 3917 pruinis
479 3860 823 3915 Autumno.“
861 3888 929 3900 —
967 3858 1162 3929 nivale]
1202 3860 1382 3915 Carm.

235 3919 276 3987 1,
313 3925 400 4007 2),
443 3930 492 3981 6.
551 3958 617 3969 —
667 3930 874 4001 devota]
913 3932 1200 3987 Animalia
1235 3933 1382 3986 enim

235 3998 426 4075 statua
473 4006 604 4069 post
655 4007 884 4071 partum
945 4004 1384 4073 designabantur

238 4064 343 4119 aha
385 4070 458 4123 ad
581 4090 712 4143 eges
767 4079 826 4128 et
881 4075 1100 4130 labores
1147 4076 1258 4129 alia
1311 4074 1383 4129 ad

239 4150 372 4191 aras.
407 4138 498 4196 Sic
571 4163 684 4215 erg.
725 4144 928 4217 Georg.
953 4146 1051 4207 111.
1083 4148 1382 4201 157—165.

237 4203 303 4257 In
353 4210 558 4281 Algido
621 4222 814 4272 monte
881 4218 1176 4286 quercibus
1231 4223 1382 4273 tecto

241 4280 408 4405 ἓξὲξ
457 4284 548 4412 ἐὲῠ
571 4287 826 4415 ᾈοτὴὲεεῗρ
877 4290 1113 4373 Albanis
1166 4291 1382 4416 pgscuis

549 4376 596 4412 n
791 4380 811 4414 1
996 4379 1022 4415 s
1097 4378 1191 4415 ina
1221 4380 1240 4415 ι
1303 4379 1384 4415 vi-

247 4416 461 4476 dentur.
663 4377 700 4429 p
879 4378 946 4417 ω
1023 4379 1098 4433 ag

309 4490 373 4545 V·
411 4498 489 4552 14.
541 4501 774 4571 tentare]
833 4504 1116 4573 lacessere,
1173 4504 1372 4558 sollici-

245 4562 375 4618 tare.
415 4594 474 4607 —··
509 4586 714 4640 parvos
750 4573 894 4643 deos]
929 4574 1162 4629 Larium
1209 4576 1377 4630 simu·

1486 2360 1639 2414 lacra
1678 2359 1768 2413 vel
1801 2376 1972 2413 aenea
2004 2359 2096 2413 vel
2121 2358 2308 2429 lignea
2332 2358 2633 2413 admodum

1485 2447 1661 2500 parva
1698 2448 1815 2485 esse
1850 2430 2131 2498 solebant3
2186 2448 2329 2499 quae
2362 2434 2635 2499 tanquam

1487 2502 1785 2571 epulatura
1818 2502 1981 2556 sertis
2025 2500 2227 2556 florum
2260 2507 2319 2556 et
2364 2502 2631 2557 fruticum

1485 2575 1629 2629 bene
1667 2572 1939 2628 olentium
1975 2572 2436 2628 redimiebantur.
2474 2572 2634 2641 Quod

1485 2663 1614 2701 cum
1658 2645 1753 2714 pia
1790 2643 2025 2713 Phidyle
2071 2663 2183 2699 non
2235 2645 2515 2715 neglegat,
2548 2660 2633 2699 co·

1484 2722 1768 2772 remantem
1802 2716 2003 2786 partic.
2040 2717 2248 2771 rectius
2284 2716 2635 2787 intellegitur

1487 2804 1627 2857 quae
1671 2802 1895 2843 coronas
1942 2806 1983 2841 s.
2031 2804 2152 2843 cum
2189 2803 2426 2855 corones,
2465 2805 2631 2857 quam

1485 2859 1636 2928 quod
1672 2860 1771 2914 alii
1811 2859 2111 2915 voluerunt
2146 2858 2434 2915 dummodo
2480 2874 2631 2914 coro-

1484 2947 1600 2985 nes.
1691 2932 2052 2986 Accusativus
2110 2930 2237 2986 deos
2294 2931 2505 3000 pendet
2562 2948 2632 2985 ex

1484 3009 1725 3071 utroque
1770 3003 1963 3065 verb0,
2007 3007 2221 3057 tentare
2266 3007 2323 3057 et
2368 3018 2632 3057 coronan—

1483 3080 1604 3129 tem.
1642 3104 1715 3115 --
1757 3074 2085 3143 bidentium]
2132 3073 2470 3141 „Ambidens
2514 3074 2633 3128 sive

1479 3146 1681 3201 'bidens
1728 3146 1849 3201 ovis
1900 3145 2309 3215 appellabatur,
2357 3163 2499 3214 quae
2544 3162 2631 3198 su-

1483 3217 1799 3286 perioribus
1836 3221 1895 3272 et
1933 3217 2295 3273 inferioribus
2332 3222 2417 3271 est
2452 3217 2632 3271 denti-

1485 3290 1639 3345 bus.“
1714 3290 1761 3342 F
1764 3293 1863 3343 est.
1914 3306 1967 3358 p.
2006 3290 2055 3341 ὅ.
2106 3318 2178 3328 —-
2229 3288 2505 3357 immunis]
2560 3305 2633 3342 sc.

1484 3362 1782 3429 scelerum3
1828 3360 1909 3415 sic
1954 3359 2125 3415 schol.
2174 3362 2363 3415 Acron
2408 3365 2465 3414 et
2501 3358 2632 3415 Por-

1483 3431 1752 3501 phyrium
1788 3448 2111 3501 quanquam
2144 3432 2343 3502 negari
2377 3448 2493 3485 non
2537 3448 2633 3500 po-

1483 3509 1612 3567 test,
1634 3504 1759 3558 aliis
1781 3503 1929 3573 apud
1948 3502 2247 3557 Horatium
2268 3503 2404 3557 locis
2428 3502 2631 3571 (Oarm.

1483 3575 1579 3640 IV,
1621 3577 1702 3643 12,
1740 3576 1829 3629 23.
1882 3574 2065 3645 Epist.
2104 3575 2148 3642 1,
2192 3578 2275 3643 14,
2313 3576 2406 3645 33)
2442 3574 2633 3629 immu-

1484 3648 1577 3701 m's
1624 3646 1777 3701 idem
1821 3646 2139 3716 significare
2186 3646 2337 3716 quod
2394 3646 2635 3701 muneris

1483 3734 1689 3773 vacuus
1704 3758 1719 3787 ,
1766 3717 1885 3773 sine
1926 3718 2065 3773 dono
2126 3723 2176 3773 et
2220 3723 2455 3787 sumptu.
2528 3716 2633 3772 To-

1484 3795 1575 3843 tus
1622 3794 1811 3845 autem
1858 3790 2011 3843 locus
2056 3794 2176 3843 tam
2215 3790 2482 3844 obscurus
2532 3793 2634 3856 est,

1486 3866 1569 3923 ut,
1628 3861 1674 3915 si
1734 3864 1931 3915 contra
1975 3859 2223 3915 omnium
2270 3861 2523 3916 codicum
2578 3866 2636 3915 et

1486 3932 1913 3987 scholiastarum
1952 3933 2401 4001 antiquissimam
2446 3936 2633 3987 aucto-

1485 4004 1714 4059 ritatem
1750 4004 1963 4073 liceret,
2011 4004 2155 4059 'hanc
2195 4009 2313 4059 stro
2355 4003 2483 4058 ham
2520 4002 2632 4056 Ho-

1483 4076 1707 4129 ratiano
1734 4076 1965 4135 carmini
2004 4075 2201 4130 fraude
2236 4093 2267 4129 a
2386 4092 2475 4129 am
2516 4090 2634 4129 esse

1458 4147 1873 4214 'concederem5
1913 4147 2179 4201 libentius
2206 4150 2353 4203 certe
2390 4144 2635 4200 facerem

1486 4236 1655 4287 quam
1701 4216 1873 4272 ullain
1908 4220 2095 4274 aliam.
2170 4218 2479 4273 Meinekius
2528 4217 2631 4272 sio:

1489 4290 1801 4359 „Quicquid
1853 4294 2035 4345 tentes
2085 4294 2151 4345 ut
2197 4290 2299 4343 hos
2352 4305 2544 4343 versus
2599 4308 2635 4344 a

1487 4362 1701 4415 fraudis
1722 4362 2033 4430 suspicione
2052 4360 2317 4429 vindices,
2344 4378 2632 4430 nunquam

1487 4432 1693 4487 efficies
1714 4436 1779 4487 ut
1795 4433 1885 4487 vel
1912 4432 2222 4487 sententiae
2240 4432 2331 4487 vel
2360 4432 2631 4487 latinitati

1486 4504 1622 4559 satis
1658 4502 1809 4557 fiat.“
1858 4532 1928 4544 -
1975 4502 2176 4573 hostia]
2222 4504 2633 4559 Vocabulorum

1486 4576 1829 4631 constructio
1861 4575 1998 4631 haec
2034 4578 2141 4631 est:
2178 4576 2483 4647 „Immunis
2519 4594 2631 4631 ma-
