3092 5059
1132 228 1293 295 ΠΒ.
1338 228 1391 295 Ι.
1438 226 1709 295 EPIST.
1753 228 1807 294 Ι.

2533 226 2658 293 497

277 442 328 483 ω
357 412 520 490 Nec
574 413 757 516 quia
808 414 1169 513 desperes
1212 415 1485 492 invicti
1536 417 1883 493 membra
1933 415 2333 516 Glyconis,

356 538 671 616 Nodosa
714 565 993 641 corpus
1048 542 1249 617 nolis
1302 540 1718 637 prohibere
1767 541 2160 639 cheragra.

356 664 491 739 Est
542 664 879 764 quadam
935 666 1251 766 prodire
1302 678 1547 761 tenus,
1607 666 1672 740 si
1724 692 1880 741 non
1934 666 2158 740 datur
2207 666 2432 741 ultra.

354 787 639 867 Fervet
688 791 1011 867 avaritia
1066 793 1503 891 miseroque
1557 790 1920 891 cupidine
1972 804 2266 891 pectus:

359 912 555 990 Sunt
604 916 841 993 verba
894 928 969 991 et
1020 942 1267 1012 voces,
1323 916 1602 1015 quibus
1654 916 1858 992 hunc
1909 916 2156 993 lenire
2211 917 2556 993 dolorem

276 1073 327 1113 εις
366 1039 619 1115 Possis
674 1052 749 1116 et
800 1066 1161 1139 magnam
1213 1042 1471 1116 morbi
1524 1041 1918 1137 deponere
1971 1055 2292 1139 partem.

359 1163 649 1241 Laudis
706 1192 969 1242 amore
1018 1181 1297 1243 tumes:
1349 1182 1529 1242 sunt
1583 1180 1794 1243 certa
1844 1167 2170 1267 piacula,
2223 1194 2420 1267 quae
2478 1186 2553 1252 te

360 1289 513 1365 Ter
564 1318 755 1387 pure
805 1291 1004 1367 lecto
1058 1306 1425 1392 poterunt
1481 1318 1836 1369 recreare
1886 1292 2176 1368 libello,

360 1414 706 1513 Invidus,
758 1416 1195 1514 iracundus,
1252 1419 1477 1515 iners,
1530 1418 1869 1514 vinosus,
1927 1431 2246 1515 amator,

360 1538 606 1615 Nemo
655 1540 851 1616 adeo
906 1542 1117 1617 ferus
1170 1555 1303 1638 est,
1360 1555 1443 1617 ut
1492 1568 1647 1617 non
1705 1542 2101 1618 mitescere
2151 1544 2412 1639 possit,

275 1700 331 1739 ιο
368 1664 451 1741 Si
502 1664 735 1739 modo
790 1666 1135 1743 culturae
1184 1668 1599 1765 patientem
1655 1666 2096 1743 commodet
2144 1692 2432 1743 aurem.

362 1790 629 1865 Virtus
684 1806 797 1865 est
846 1792 1116 1867 vitium
1168 1793 1445 1889 fugere
1498 1807 1574 1867 et
1623 1792 1995 1891 sapientia
2043 1794 2291 1890 prima

368 1914 707 1993 Stultitia
760 1917 1116 1993 caruisse.

1221 1917 1486 2012 Vides,
1549 1943 1746 2017 quae
1797 1918 2136 1993 maxima
2189 1917 2440 1994 credis

365 2043 550 2118 Esse
600 2043 827 2141 mala,
882 2042 1245 2139 exiguum
1300 2068 1612 2118 censum
1661 2056 2127 2142 turpemque
2179 2043 2590 2139 repulsam,

368 2166 673 2259 Quanto
731 2167 1024 2243 devites
1075 2168 1317 2243 animi
1370 2168 1800 2267 capitisque
1855 2168 2162 2264 labore;

256 2452 331 2466 -—-
370 2423 593 2495 inunyt]
632 2424 763 2479 vide
798 2424 871 2479 ad
896 2424 1009 2480 Sat.
1036 2424 1081 2493 Ι,
1118 2426 1170 2493 5,
1207 2427 1293 2479 30.
1333 2424 1419 2479 De

256 2515 327 2552 re
396 2512 661 2583 compara
720 2496 945 2550 Arrian.
1006 2496 1188 2567 Epist.
1250 2496 1295 2563 Ι,
1355 2499 1415 2550 2:

256 2564 433 2655 ,,ουδὲ
478 2587 587 2637 γαρ
623 2570 827 2622 Μίλων
852 2570 1089 2651 ἔσομαι,
1139 2572 1231 2621 καὶ
1267 2565 1421 2639 ὅμως

258 2640 365 2695 οὐκ
403 2638 594 2726 ἀμελῶ
639 2640 735 2691 τοῦ
784 2654 1041 2727 σωματος
1089 2635 1217 2692 οὐδὲ
1258 2646 1421 2707 Κροῖ-

256 2728 389 2779 σος,
432 2716 524 2765 καὶ
564 2706 715 2781 ὅμως
766 2707 863 2764 οὐκ
998 2710 1099 2765 elo]
1148 2710 1239 2777 τῆς
1298 2709 1417 2777 κτή-

257 2784 458 2842 σεως.“
497 2812 555 2823 --
606 2781 889 2853 Glyconis]
912 2707 1047 2837 &fiio
1095 2784 1190 2852 qui
1230 2782 1419 2847 fuerit,

253 2856 479 2927 primus
507 2854 757 2925 Lessing.
796 2854 1170 2924 (Vermiscbte
1188 2854 1417 2909 Schrift.

252 2930 303 2983 Ι.
326 2944 381 2999 p.
403 2926 531 2996 325)
570 2926 817 2981 ostendit
855 2944 923 2981 ex
949 2926 1179 2981 Anthol.
1216 2944 1353 2997 grae
1354 2944 1421 2981 ca

255 2998 534 3069 (Brunck.
581 2999 835 3051 Analect.
882 2998 945 3052 Τ.
992 2998 1063 3051 11.
1113 3016 1167 3067 p.
1206 3000 1326 3051 126.
1364 3017 1418 3052 n.

252 3069 553 3139 LXVIII).
632 3064 904 3137 „summm
944 3068 1005 3123 τὸ
1044 3066 1421 3157 Περγαμηνὸν

166 3162 182 3183 ¹
252 3140 434 3201 ,Ἀσίδα
476 3108 665 3227 {euos-l:
692 3140 745 3195 0
780 3136 1111 3228 παμμάχων
1146 3138 1421 3209 κεραυνὸς,

251 3214 294 3269 ὅ
330 3210 537 3272 πλατὺς
562 3213 759 3272 nodas,
780 3211 836 3268 Ὁ
860 3214 1047 3273 καινὸς
1068 3208 1253 3271 Atlas·
1269 3214 1417 3266 xrlf‘

254 3284 639 3355 *chef-cyra]
664 3283 779 3339 Sat.
800 3284 871 3343 11.
896 3286 947 3353 7,
971 3287 1054 3338 15.
1080 3313 1141 3323 —-
1166 3284 1419 3355 Estpro·

252 3356 381 3413 dire
450 3356 578 3411 vide
615 3354 689 3411 ad
726 3354 839 3409 Sat.
874 3356 947 3425 H,
984 3360 1036 3423 5,
1080 3356 1199 3409 103.
1240 3384 1308 3395 -
1346 3360 1419 3411 te-

256 3444 371 3483 nus
451 3426 660 3481 Similis
710 3428 899 3482 tmesis
949 3428 1101 3497 apud
1154 3426 1419 3482 Ovidium

256 3500 401 3555 Met..
432 3499 499 3568 V,
526 3499 657 3552 642:
698 3498 853 3567 „Hac
887 3498 1168 3553 Arethusa
1204 3501 1419 3554 tenus.“

260 3602 331 3612 —
360 3570 668 3641 avaritiaJ,
672 3570 899 3639 ,Notatu
923 3572 1158 3642 dignum
1179 3576 1265 3625 est
1288 3588 1417 3640 poe-

258 3648 401 3707 tam,
436 3642 775 3711 ubicumque
820 3659 1002 3697 mores
1048 3660 1181 3697 suae
1220 3643 1421 3697 aetatis

260 3715 625 3786 perstringit,
674 3732 843 3769 avaro
902 3715 1113 3784 primas
1168 3714 1419 3769 tribuere

260 3794 455 3858 partes
494 3786 566 3840 ad
602 3804 839 3857 eumque
876 3786 959 3841 ire
995 3786 1307 3854 redireque.
1347 3786 1417 3840 cf.

263 3858 1417 3928 Sat..1,4,26.11.8‚820qq.1,1,2esqq.

262 3897 1250 4001 Epist.11,1‚11÷').11‚2,148sqq.“
1310 3928 1419 3983 Ob·

260 4002 471 4058 barius.
511 4030 575 4040 —
617 4002 777 4056 verba
813 4007 861 4056 et
898 4001 1073 4071 voces]
1101 4000 1419 4056 Probabilis

264 4090 463 4130 eorum
500 4072 689 4142 opinio
728 4076 815 4127 est
850 4074 947 4142 qui
982 4074 1143 4127 verba
1180 4074 1253 4128 ad
1290 4090 1419 4127 can·

262 4147 465 4229 tiones.
485 4144 734 4199 carmina
752 4146 989 4215 magica,
1010 4143 1278 4198 formulas
1302 4162 1419 4199 ma·

329 4233 419 4272 cas
466 4215 667 4285 quibus
715 4232 1011 4285 corporum
1056 4216 1269 4270 morbis
1307 4232 1419 4269 me-

264 4218 551 4343 {libantur
604 4288 851 4355 antiqui,
904 4302 1054 4342 voces
1102 4288 1176 4341 ad
1223 4292 1421 4342 cantus

268 4359 361 4415 vel
396 4358 549 4414 vocis
574 4358 849 4413 humanae
872 4358 965 4413 vel
1001 4358 1271 4413 tibiarum
1296 4375 1420 4413 ner·

266 4448 575 4498 votumque
614 4430 815 4500 (Epist.
843 4430 887 4497 1,
914 4433 963 4494 2,
994 4430 1079 4483 23.
1118 4431 1187 4483 A.
1208 4430 1269 4483 P.
1292 4432 1421 4499 216)

268 4502 547 4569 referunt3
572 4518 703 4555 nam
726 4500 1087 4571 symphoniae
1109 4518 1331 4570 quoque
1348 4500 1421 4555 ad

268 4572 555 4629 leniendos
575 4572 797 4629 dolores
818 4572 1248 4629 adhibebantur.
1277 4572 1419 4627 Gall.

366 4696 591 4739 Horatius
625 4696 699 4741 od.
725 4694 1062 4747 nmmum-gu
1083 4694 1157 4736 sd.
1186 4694 1289 4737 vu.

1512 2424 1610 2485 lv,
1651 2427 1740 2479 18:
1781 2424 2111 2493 „Proditum
2147 2431 2248 2491 est,
2285 2425 2514 2481 ischiaci
2541 2444 2668 2481 cum

1513 2498 1756 2551 maxime
1792 2496 2038 2565 doleant,
2075 2500 2198 2551 tum
2233 2497 2280 2551 si
2315 2498 2557 2552 modulis
2594 2499 2669 2553 le·

1514 2569 1680 2623 nibus
1705 2568 1915 2624 tibicen
1934 2570 2162 2634 incinat,
2182 2569 2362 2623 minui
2391 2569 2669 2625 doloresf‘

1514 2640 1587 2695 cf.
1624 2639 1768 2694 Plat.
1811 2640 2031 2695 Chai-m.
2071 2658 2128 2711 p.
2172 2642 2291 2695 155.
2329 2641 2396 2695 Ε.
2441 2642 2559 2695 157.
2600 2643 2669 2695 A.

1513 2712 1712 2803 Euripo.
1734 2710 1962 2781 Hippol.
1981 2714 2117 2766 478.
2161 2714 2360 2781 ,Εἰσὶν
2383 2714 2436 2765 ‹5’
2455 2712 2672 2782 ἐπῳδαὶ

1513 2788 1608 2837 καὶ
1643 2780 1798 2853 λόγοι
1834 2778 2194 2855 θελκτήρια]ι
2227 2812 2286 2821 -
2319 2783 2512 2854 tumes]
2553 2784 2669 2839 Sat.

1512 2854 1588 2923 11,
1625 2857 1678 2923 3,
1715 2858 1839 2909 213.
1877 2855 2059 2924 Epist.
2100 2856 2172 2915 11
2203 2856 2398 2919 1,177.
2437 2856 2668 2925 „Ambi-

1512 2927 1657 2981 tioni
1701 2926 1974 2981 secundus
2010 2932 2140 2996 post
2176 2897 2475 2982 avaritiam
2516 2929 2668 2983 loeus

1514 2998 1802 3053 tribuitur.
1866 2998 1982 3052 Sat.
2023 2998 2278 3064 1‚4,26.
2345 2999 2509 3067 Π,2,
2552 3002 2670 3054 187.

1512 3070 1602 3139 Ep
1606 3071 1692 3124 ist.
1731 3068 1804 3133 11,
1841 3070 1893 3137 2,
1932 3072 2038 3123 205
2062 3087 2144 3138 sq.
2147 3070 2178 3097 “
2257 3068 2552 3125 Obbarius.
2604 3100 2667 3111 -—

1514 3142 1621 3211 ter]
1665 3142 1794 3196 vide
1844 3142 1916 3195 ad
1957 3142 2138 3195 Carm.
2185 3140 2232 3207 1,
2269 3143 2356 3207 28,
2395 3144 2478 3196 36.
2556 3142 2671 3198 Sat.

1514 3212 1588 3280 11,
1623 3218 1665 3281 1,
1691 3215 1742 3266 7.
1792 3212 2144 3283 lungendum
2179 3218 2369 3267 autem
2405 3219 2486 3267 ter
2521 3214 2667 3269 lecto.

1518 3283 1823 3353 —zibch
1867 3284 2250 3353 expiationum
2283 3285 2427 3338 ritus
2465 3290 2522 3339 et
2556 3285 2670 3340 for-

1516 3356 1696 3409 mulas
1769 3356 2098 3411 continenti.
2203 3356 2672 3425 Philosophorum

1515 3426 1650 3480 libri
1687 3428 1846 3495 quasi
1883 3428 2028 3481 sacri
2064 3431 2214 3495 sunt,
2260 3429 2334 3483 ad
2372 3445 2510 3496 quos
2555 3446 2670 3482 non

1516 3498 1649 3553 licet
1687 3498 1951 3553 accedere
1987 3498 2096 3551 nisi
2130 3516 2274 3569 puro
2303 3500 2339 3552 i.
2365 3517 2413 3553 e.
2436 3501 2668 3569 praevia

1514 3570 1744 3625 lotione.
1807 3570 1887 3625 Ut
1927 3572 2176 3639 corporis
2214 3570 2400 3625 morbi
2437 3571 2670 3625 deorum

1515 3641 1602 3695 ira
1650 3640 1972 3695 efficiuntur
2027 3659 2130 3695 nec
2194 3648 2429 3710 possunt
2484 3644 2666 3697 sanari

1513 3712 1624 3767 m'si
1661 3713 1898 3783 placatis
1945 3712 2054 3767 diis
2099 3713 2396 3783 (piaculis),
2434 3714 2517 3767 ita
2553 3714 2671 3768 ani-

1514 3802 1736 3839 morum
1759 3785 1930 3839 etiam
1957 3785 2110 3838 vitiis
2145 3784 2312 3839 certis
2339 3785 2673 3853 quibusdam

1516 3855 2244 3997 quaswiacuiishmedebae
2290 3856 2669 3982 izvemufitug.

1516 3944 1660 3983 -σ
1743 3944 1882 3982 urae
1999 3946 2103 3983 ee
2194 3945 2260 3981 ic.
2361 3946 2472 3982 usc.
2568 3970 2582 3994 ,
2658 3968 2672 3996 ,

1518 4002 1602 4053 13.
1641 4005 1700 4054 et
1733 3998 1802 4053 cf.
1841 3946 2112 4069 Epistgl,
2152 4002 2236 4064 14,
2277 4002 2330 4053 4.
2381 4000 2496 4054 Sat.
2534 4000 2578 4069 1,
2617 4004 2670 4063 3,

1516 4074 1602 4125 37.
1643 4100 1708 4110 -
1752 4072 2030 4141 sapientia
2066 4070 2270 4141 prima]
2326 4072 2455 4125 Adi.
2489 4073 2672 4140 mima

1515 4144 1716 4197 coniun
1763 4159 1793 4196 e
1830 4144 1999 4197 etiam
2043 4160 2170 4197 cum
2207 4159 2328 4197 voc.
2363 4144 2559 4197 virtus.
2600 4143 2670 4197 cf.

1513 4214 1696 4285 Epist.
1752 4254 1766 4281 ,
1789 4218 1838 4283 6,
1869 4217 1951 4268 17.
1993 4214 2107 4268 Sat.
2135 4214 2178 4279 Ι,
2205 4216 2256 4281 3,
2284 4214 2399 4267 129.
2439 4213 2671 4281 Quintil.

1514 4286 1667 4353 vlu,
1705 4288 1755 4349 3,
1792 4288 1897 4339 41:
1937 4287 2157 4356 „prima
2193 4286 2372 4339 virtus
2409 4290 2494 4339 est
2531 4286 2671 4339 vitio

1514 4358 1760 4497 {arft-ei
1802 4388 1868 4397 —
1907 4356 2174 4427 caruisse]
2210 4356 2341 4411 vide
2380 4357 2452 4411 ad
2491 4356 2671 4413 Cam.

1589 4500 1654 4553 V.
1681 4502 1766 4553 42.
1802 4498 1974 4569 υἱᾶσε]
2013 4498 2170 4553 Idem
2206 4516 2382 4569 genus
2419 4504 2671 4568 apostro-

1512 4571 1652 4641 phes
1690 4571 1842 4639 quod
1887 4588 2058 4641 supra
2096 4573 2273 4637 v.13;
2373 4572 2384 4583 '
2515 4588 2672 4641 pror·

2206 4670 2276 4723 32
