3092 5059
443 242 569 310 404

1425 240 1921 309 SATIRARUM

553 427 906 505 Accurrit
957 428 1270 528 quidam
1322 440 1546 504 notus
1598 427 1791 503 mihi
1838 426 2153 503 nomine
2200 437 2519 519 tantum,

549 554 1040 652 Arreptaque
1089 578 1356 629 manu:
1411 550 1670 649 „Quid
1722 552 1913 649 agis,
1962 550 2403 628 dulcissime
2445 541 2811 625 rerum?“

491 709 516 749 ⁵
555 676 979 775 ‚‚Suavite1·,
995 692 1080 754 ut
1095 704 1299 754 nunc
1315 674 1498 773 est,“
1517 678 1858 777 inquam,
1879 692 2005 773 „et
2022 678 2248 777 cupio
2266 676 2523 751 omnia
2538 666 2947 774 quaeviS.“

550 801 748 878 Cum
801 814 1340 879 assentaretur:
1397 801 1648 899 „Num
1688 800 1877 901 quid
1905 803 2023 877 vis
2040 798 2123 877 ?“
2167 825 2481 898 occupo.
2532 797 2645 875 At
2674 796 2847 873 ille:

550 928 824 1025 „Noris
865 924 1051 1003 nos“
1091 926 1374 1026 inquit,
1429 926 1683 1024 „docti
1728 924 2060 1002 sumus.“
2114 926 2266 1001 Hic
2304 950 2487 1023 ego:
2542 923 2851 1021 „Pluris

544 1050 792 1150 Hoc,“
812 1054 1152 1154 inquam,
1183 1051 1419 1149 „mihi
1448 1050 1674 1128 eris.“
1705 1053 1987 1128 Misere
2017 1050 2414 1128 discedere
2443 1071 2849 1149 quaerens,

548 1178 678 1254 Ire
729 1178 962 1253 modo
1011 1179 1242 1274 ocius,
1296 1175 1684 1253 interdum
1737 1177 2171 1274 consistere,
2228 1177 2313 1253 in
2366 1202 2629 1251 aurem

464 1339 513 1377 ιο
548 1306 821 1381 Dicere
870 1304 1129 1380 nescio
1187 1303 1375 1402 quid
1425 1329 1692 1401 puero,
1746 1329 1919 1379 cum
1972 1302 2209 1377 sudor
2259 1300 2359 1376 ad
2412 1301 2607 1375 imos

544 1429 901 1506 Manaret
949 1430 1168 1506 talos.

1277 1428 1394 1523 „O
1448 1442 1545 1525 te,
1594 1426 1906 1523 Bolane‚
1960 1426 2253 1503 cerebri

543 1554 881 1631 Felicem
905 1552 974 1630 1“
1027 1556 1327 1630 aiebam
1380 1554 1675 1650 tacitus,
1731 1580 1903 1628 cum
1956 1551 2337 1651 quidlibet
2386 1550 2524 1627 ille

549 1680 920 1775 Garriret,
963 1681 1195 1774 vicos,
1240 1680 1510 1756 urbem
1566 1676 1937 1751 laudaret.
2036 1676 2135 1752 Ut
2178 1675 2297 1750 illi

545 1804 675 1880 Nil
725 1805 1325 1903 respondebam:
1385 1806 1717 1900 „Misere
1770 1803 2009 1899 cupis,

2018 1799 2063 1837 “
2114 1802 2367 1901 inquit
2416 1799 2711 1897 „abire:

467 1960 516 2003 ιε
553 1928 1012 2004 Iamdudum
1064 1928 1330 2026 vide03
1387 1930 1522 2005 sed
1578 1928 1685 2003 nil
1738 1930 1942 2027 agis:
1998 1952 2243 2026 usque
2294 1926 2609 2003 tenebo:

518 2160 586 2217 V.
629 2166 675 2217 1.
713 2166 809 2219 via
845 2165 1029 2233 sacra]
1065 2164 1196 2219 vide
1232 2163 1305 2219 ad
1339 2162 1520 2234 Epod.
1546 2164 1599 2232 4,

449 2236 498 2286 7.
537 2237 590 2297 7,
626 2236 677 2289 8.
737 2265 800 2275 -
859 2235 1154 2305 nugarum]
1207 2235 1408 2291 Catull.
1455 2234 1500 2303 1,
1540 2238 1597 2288 4:

452 2304 740 2376 „Namque
777 2312 842 2362 tu
890 2307 1105 2362 solebas
1142 2306 1296 2361 Meas
1344 2324 1462 2361 esse
1498 2306 1600 2361 ali·

449 2378 585 2446 quid
621 2383 825 2448 putare
861 2379 1092 2449 nugas.“
1133 2378 1382 2434 Martial.
1409 2377 1508 2445 IX,
1550 2380 1597 2441 1,

449 2450 509 2503 5:
585 2450 723 2516 „Ille
775 2466 880 2521 ego
936 2467 1060 2505 sum
1115 2450 1262 2504 nulli
1321 2466 1601 2521 nugarum

447 2519 614 2575 leude
649 2521 976 2583 secundus.“
1013 2520 1254 2576 Possunt
1277 2522 1457 2593 igitur
1491 2520 1602 2575 hoc

451 2592 718 2647 vocabulo
759 2593 1012 2647 carmina
1045 2593 1092 2647 si
1173 2592 1376 2654 ifieari3
1415 2610 1601 2647 neees-

449 2664 658 2719 sarium
693 2682 806 2719 non
843 2670 944 2720 est.
985 2663 1056 2719 of.
1143 2665 1273 2734 pist.
1309 2664 1380 2727 11,
1419 2667 1470 2729 2,
1513 2666 1599 2718 71.

449 2734 635 2789 Verba
683 2736 830 2791 sicut
867 2752 935 2790 m.
972 2752 1015 2790 e.
1049 2752 1164 2791 mos
1212 2737 1282 2790 sd
1319 2736 1600 2790 meditati-

448 2822 610 2860 onem
647 2807 942 2862 referenda
981 2810 1130 2877 sunt,
1167 2826 1280 2862 non
1308 2808 1379 2863 ad
1409 2807 1600 2861 ambu-

447 2876 732 2933 lationem.
792 2879 1308 2935 Animadvertenda
1349 2884 1433 2933 est
1466 2879 1599 2933 levi-

447 2953 534 3002 tas
585 2966 651 3003 ac
694 2967 872 3019 paene
915 2951 1044 3020 negl
1119 2951 1272 3005 entis,
1321 2951 1601 3005 narratio-

449 3020 564 3086 nis;
603 3021 734 3076 inde
774 3022 1028 3090 asyndeti
1101 3039 1260 3093 gnra.
1321 3050 1382 3061 -
1433 3026 1577 3076 totus

447 3090 631 3161 Epist.
670 3092 714 3161 1,
755 3095 804 3161 1,
845 3096 926 3148 11.
953 3123 1021 3133 —
1046 3094 1353 3149 dulcissime
1394 3108 1577 3147 rerum

449 3162 542 3217 Sic
597 3164 985 3235 coniungenda
1038 3166 1227 3220 verbs.
1315 3164 1386 3219 cf.
1436 3164 1601 3218 Ovid.

449 3234 584 3289 Met.
611 3236 760 3301 VIII,
787 3239 874 3291 49.
912 3237 1045 3291 Her.
1071 3240 1122 3304 4,
1153 3240 1268 3291 125.
1309 3235 1600 3305 „pulcher-

448 3306 592 3360 rime
627 3308 869 3362 rerum.“
917 3311 985 3363 A.
1005 3311 1074 3363 A.
1094 3308 1140 3375 1,
1163 3310 1285 3362 213.
1333 3307 1601 3361 Animad-

447 3378 784 3433 vertendum
819 3380 878 3433 in
927 3380 1034 3435 hoc
1067 3397 1320 3435 sermone
1366 3384 1452 3435 est
1487 3378 1599 3433 Ho—

449 3449 583 3503 ratii
603 3451 850 3505 studium
869 3451 1087 3506 urbana
1106 3451 1346 3520 quadam
1379 3450 1601 3504 ratione

449 3520 745 3575 molestum
784 3523 1064 3577 hominem
1110 3522 1390 3594 abigendi.
1463 3521 1601 3575 Inde

448 3590 813 3662 frigidissime
883 3594 1209 3664 respondet,
1268 3594 1434 3649 modo
1495 3593 1603 3647 hoc

451 3664 618 3718 modo
655 3666 795 3719 illud
831 3670 1035 3728 tentat,
1071 3666 1317 3721 ostendit
1353 3664 1599 3719 luculen-

449 3739 538 3789 ter
575 3753 634 3790 se
669 3737 849 3791 solum
898 3754 1014 3793 esse
1061 3738 1236 3803 v01103
1291 3737 1480 3791 omnia
1516 3739 1597 3789 ta-

451 3824 580 3861 men
616 3808 782 3863 irrita
817 3814 966 3876 sunt,
1004 3826 1128 3864 oum
1154 3807 1446 3863 urbanitas
1469 3824 1601 3877 poe-

449 3883 544 3933 tae
582 3878 781 3934 duram
816 3880 1124 3949 importuni
1161 3880 1402 3935 hominis
1439 3883 1599 3933 natu-

450 3967 574 4003 ram
622 3968 735 4005 non
791 3952 994 4007 vincat.
1055 3982 1120 3992 —
1175 3952 1339 4021 cupio
1392 3950 1601 4018 omnia]

453 4020 806 4077 Urbanitatis
832 4024 938 4077 hae
963 4022 1206 4079 formula
1229 4022 1601 4093 respondetur

449 4092 522 4147 ad
557 4092 796 4149 officiosi
832 4095 1074 4150 hominis
1111 4096 1180 4150 de
1224 4112 1414 4150 rerum
1449 4097 1601 4148 statu

451 4165 972 4237 interrogationem.
1017 4166 1085 4221 cf.
1123 4167 1308 4223 Plaut.
1344 4166 1496 4220 Pers.
1532 4164 1601 4233 V,

455 4240 502 4302 1,
538 4237 631 4290 14:
690 4239 928 4307 „omnim
975 4255 1118 4307 quae
1159 4243 1224 4292 tu
1267 4237 1369 4305 vis,
1411 4254 1476 4290 es.
1511 4252 1603 4291 cu·

451 4307 600 4377 pi0.“
622 4338 692 4349 -
731 4310 884 4364 Num
923 4310 1060 4379 quid
1090 4308 1230 4376 υίεὲ]
1269 4308 1420 4363 Haeo
1454 4308 1602 4362 vale-

451 4378 688 4435 dioentis
725 4386 872 4436 sunt.
909 4380 1131 4436 Terent.
1167 4380 1312 4435 Eun.
1332 4379 1405 4447 11,
1429 4380 1478 4447 3,
1505 4380 1597 4432 50:

451 4450 647 4522 „Rogo
697 4470 832 4507 num
877 4452 1014 4522 quid
1061 4452 1214 4507 velit.
1289 4450 1480 4519 Recte,
1517 4450 1599 4503 in-

453 4523 595 4591 quit,
629 4522 821 4578 abeo.“
867 4523 1124 4579 Ceterum
1159 4521 1470 4577 Fritschius
1506 4522 1599 4576 be-

452 4609 524 4647 ne
569 4594 817 4665 notavit,
865 4595 1160 4649 molestum
1208 4593 1488 4648 hominem
1527 4593 1600 4648 ab

1693 2162 1933 2218 Horatio
1966 2178 2187 2230 semper
2212 2177 2339 2215 oum
2366 2162 2693 2229 contemptu
2716 2176 2851 2228 pro-

1693 2234 1921 2289 nomine
1956 2234 2049 2289 me
2084 2233 2162 2302 (v.
2189 2235 2267 2286 12.
2302 2231 2383 2286 13.
2411 2231 2497 2285 21.
2522 2232 2612 2285 42.
2637 2232 2727 2285 61.
2752 2231 2850 2300 74)

1694 2304 2013 2377 significari.
2060 2334 2121 2345 ——-
2160 2304 2331 2359 Neris
2355 2302 2481 2373 nos]
2518 2303 2557 2357 i.
2594 2320 2641 2357 e.
2680 2318 2849 2372 spero

1692 2394 1793 2432 nos
1826 2376 1935 2431 tibi
1972 2377 2085 2431 iam
2120 2379 2284 2430 notos
2320 2390 2467 2443 esse;
2504 2374 2713 2445 quippe
2748 2374 2851 2428 do·

1693 2449 1771 2503 cti
1808 2466 1995 2503 sumus
2009 2487 2024 2516 ,
2070 2451 2135 2500 ut
2180 2451 2261 2501 ιιι.
2334 2445 2426 2501 Sic
2472 2451 2626 2502 reete
2661 2446 2851 2501 locum

1692 2520 2092 2575 intellexerunt
2127 2517 2423 2573 Kirchner.
2472 2517 2735 2572 Doederl.
2776 2546 2848 2557 --

1693 2592 1867 2660 doctu]
1919 2590 2049 2645 vide
2103 2589 2176 2644 ad
2224 2589 2403 2645 θαι-ιιι.
2447 2589 2493 2656 I,
2546 2593 2592 2652 l,
2639 2590 2727 2643 29.
2776 2616 2849 2628 ·-—

1694 2663 1891 2718 Pluris
1914 2662 2031 2732 hoc]
2058 2661 2265 2716 iterum
2300 2660 2529 2729 urbane,
2553 2660 2652 2715 sed
2676 2677 2851 2730 quam

1692 2734 2087 2805 frigidissime3
2122 2750 2255 2787 nam
2278 2733 2324 2787 si
2359 2733 2571 2787 diutius
2604 2749 2732 2787 eum
2765 2736 2851 2785 te·

1692 2824 1825 2860 nere
1874 2806 2144 2859 voluisset
2188 2809 2355 2874 poeta
2400 2804 2490 2859 vel
2540 2821 2673 2859 vere
2717 2820 2851 2858 eum

1692 2876 1885 2947 magni
1934 2877 2172 2945 fecisset,
2218 2877 2337 2947 ipse
2382 2876 2584 2946 opinor
2628 2876 2701 2929 de
2748 2874 2851 2929 do-

1694 2950 1877 3003 ctrina
1916 2952 1975 3003 et
1998 2948 2363 3003 facultatibus
2398 2947 2564 3017 plura
2604 2947 2848 3001 interro·

1692 3025 1896 3091 gasset.
1940 3050 2005 3059 -
2042 3018 2234 3089 puero]
2260 3018 2591 3089 pedisequ03
2630 3018 2851 3073 scilieet

1694 3097 1759 3146 ut
1780 3090 2069 3146 videretur
2093 3108 2356 3147 arcanum
2394 3090 2605 3145 habere
2627 3090 2849 3161 negoti·

1693 3182 1789 3217 um
1826 3168 1927 3217 aut
1962 3163 2273 3217 eonsilium.
2332 3161 2493 3229 Quod
2528 3179 2655 3217 oum
2690 3160 2845 3216 vide-

1694 3239 1783 3290 ret
1819 3235 1983 3302 alter,
2018 3235 2127 3287 nisi
2162 3233 2679 3303 impudentissimus
2714 3232 2851 3299 fuit,

1693 3306 1851 3361 abire
1898 3306 2110 3360 debuit.
2169 3334 2235 3345 —
2292 3304 2523 3373 Bolano]
2565 3304 2673 3371 Qui
2720 3305 2850 3374 quis

1694 3377 1867 3432 fuerit
1938 3376 2240 3445 nescimus;
2318 3380 2533 3430 eertum
2594 3381 2678 3431 est
2748 3376 2849 3430 ho-

1694 3450 1899 3503 minem
1952 3447 2123 3503 fuisse
2176 3447 2537 3503 durissimum
2580 3452 2639 3502 et
2684 3464 2849 3518 agre-

1694 3526 1853 3589 stem,
1890 3521 1981 3574 cui
2014 3520 2159 3574 nihil
2206 3523 2404 3574 notum
2440 3524 2585 3574 esset
2618 3518 2849 3573 urbani·

1694 3593 1846 3646 tatis.
1900 3592 1970 3646 ef.
2006 3592 2121 3647 Sat.
2158 3591 2204 3659 I,
2242 3593 2293 3659 5,
2331 3592 2417 3644 21.
2466 3618 2533 3631 —-
2582 3590 2853 3659 quidlibet

1690 3662 1954 3733 yar-rint]
1980 3663 2067 3717 Ex
2104 3680 2259 3717 more
2284 3662 2592 3730 hominum,
2634 3662 2750 3731 qui,
2774 3679 2848 3717 ne

1694 3735 1881 3789 subito
1918 3751 2029 3802 quo
2054 3735 2233 3789 velint
2271 3733 2501 3789 tendere
2526 3733 2847 3803 videantur,

1692 3823 1796 3875 per
1838 3806 2032 3861 inanes
2083 3806 2213 3861 amb
2390 3806 2571 3859 multa
2618 3805 2849 3874 quidem

1694 3878 1912 3932 faciunt
1958 3878 2149 3945 verba,
2202 3879 2259 3930 n'
2309 3877 2321 3889 '
2395 3881 2585 3931 temen
2630 3876 2847 3932 dicunt.

1697 3949 1807 4004 Cic.
1852 3952 1977 4005 Att.
2020 3948 2144 4017 XII,
2185 3951 2239 4001 1:
2314 3948 2645 4016 „Garrimus
2689 3948 2847 4019 quio-

1695 4020 1831 4090 quid
1867 4021 1927 4073 in
1961 4022 2199 4076 buccam
2234 4019 2443 4074 venit.“

1766 4092 1833 4146 V.
1876 4095 1957 4147 14.
2020 4092 2211 4147 misere
2250 4089 2430 4162 cupis]
2478 4089 2659 4145 Homo
2708 4091 2847 4145 dum

1694 4165 1945 4219 urbanus
1980 4165 2105 4219 vult
2134 4161 2315 4218 videri
2340 4167 2399 4217 et
2419 4162 2653 4217 facetias
2677 4178 2844 4231 quae·

1693 4236 1789 4298 rit,
1835 4236 2099 4290 rusticius
2136 4234 2402 4303 loquitur.
2488 4233 2626 4288 Inde
2660 4248 2845 4303 porse·

1695 4322 1851 4377 quar.
1888 4308 1948 4361 in
1985 4325 2095 4376 quo
2130 4306 2291 4376 quasi
2322 4306 2507 4359 minae
2530 4309 2679 4371 sunt,
2707 4322 2845 4374 quas

1692 4379 1789 4433 ille
1842 4379 2056 4448 lepidas
2121 4377 2294 4433 habet
2308 4418 2321 4445 ‚
2374 4394 2500 4431 eum
2554 4376 2844 4431 Doederli-

1692 4450 1789 4505 nio
1826 4454 1883 4505 et
1918 4450 2163 4504 Holdero
2208 4447 2641 4519 praeferendum
2676 4448 2843 4504 alteri

1692 4522 1922 4576 lectioni
1978 4521 2136 4577 codd.
2184 4536 2512 4590 prosequar,
2562 4520 2713 4589 quod
2758 4520 2841 4575 in—

1694 4610 1895 4648 nocens
1932 4598 2019 4647 est
2056 4598 2113 4648 et
2148 4590 2530 4649 honorificum.
2584 4590 2843 4647 Mueller.
