3092 5059
1073 217 1189 283 DE
1233 216 1463 283 ARTE
1502 213 1900 282 ΡΟΕΤῙΟΑ.

2559 213 2681 279 637

290 403 687 503 ιωΑθᾳιιίε
744 403 1127 500 accipiunt
1170 404 1446 480 animis
1502 383 1891 478 donantve
1943 427 2251 478 corona.

392 529 713 628 Syllaba
762 528 1000 626 longa
1050 530 1268 605 brevi
1323 530 1665 604 subiecta
1717 541 2034 604 vocatur
2085 526 2408 619 iambus,

388 654 535 729 Pes
588 655 821 748 citus3
872 653 1077 728 unde
1126 655 1353 731 etiam
1411 653 1776 728 trimetris
1821 675 2261 728 accrescere
2307 649 2524 724 iussit

385 778 691 854 Nomen
746 779 1091 875 iambeis‚
1140 805 1314 854 cum
1366 804 1588 854 senos
1638 776 2002 853 redderet
2052 777 2270 872 ictus,

391 903 699 978 Primus
753 903 855 978 ad
908 918 1332 980 extremum
1381 902 1655 978 similis
1708 902 1894 977 sibi:
1949 925 2106 974 non
2155 899 2262 974 ita
2311 897 2638 996 pridem,

286 1059 364 1101 ιω
396 1025 730 1103 Tardior
774 1043 858 1105 ut
908 1029 1143 1129 paulo
1198 1029 1663 1126 graviorque
1713 1027 2014 1103 veniret
2065 1023 2164 1100 ad
2208 1049 2452 1119 aures,

386 1153 791 1252 Spondeos
862 1155 1172 1230 stabiles
1224 1155 1299 1228 in
1354 1154 1523 1228 iura
1572 1145 1892 1248 paterna
1933 1151 2227 1246 recepit

396 1277 873 1356 Commodus
929 1291 1005 1353 et
1054 1279 1379 1377 patiens,
1437 1302 1589 1351 non
1637 1288 1724 1350 ut
1772 1273 1868 1349 de
1919 1273 2100 1350 sede
2150 1270 2484 1348 secunda

395 1402 728 1481 Cederet
779 1415 910 1479 aut
963 1415 1235 1502 quarta
1286 1401 1698 1478 socialiter.

1801 1399 1955 1474 Hic
2007 1412 2079 1474 et
2127 1399 2211 1472 in
2265 1398 2427 1472 Atti

394 1527 809 1603 Nobilibus
864 1527 1229 1602 trimetris
1286 1538 1612 1626 apparet
1659 1549 1878 1602 rarus
1933 1539 2008 1601 et
2054 1525 2256 1599 Enni

291 1685 369 1726 ιω
392 1651 490 1727 In
540 1677 887 1728 scaenam
944 1653 1211 1728 missos
1266 1677 1442 1728 cum
1496 1675 1779 1748 magno
1833 1648 2176 1749 pondere
2228 1674 2492 1725 versus

294 1920 352 1971 et
370 1917 573 1984 frictae
590 1933 751 1972 nuces
774 1921 1077 1973 occurrunt
1102 1917 1253 1988 apud
1267 1917 1453 1972 Plaut.

293 1987 499 2044 Bacch.
539 1990 698 2043 767.“
734 1990 943 2044 Keller.

366 2060 431 2113 V.
476 2061 598 2113 251.
652 2061 727 2115 In
757 2059 967 2127 fabalis
1002 2061 1307 2116 scribendis
1341 2077 1451 2114 ma-

293 2147 407 2201 yna
479 2147 619 2185 cura
675 2133 933 2188 novanda
1003 2138 1081 2188 est
1148 2133 1315 2187 etiam
1372 2133 1455 2188 rei

298 2203 586 2267 metricam·
642 2219 811 2272 quare
864 2205 982 2274 aqit
1028 2210 1194 2273 poeta
1240 2203 1306 2258 de
1354 2204 1452 2258 tri-

297 2279 487 2342 metro,
546 2273 673 2328 clam
721 2276 859 2345 leyes
916 2277 1032 2330 ciue
1077 2275 1313 2330 ostendit
1368 2292 1455 2330 ne-

295 2345 727 2416 qleqentiamque
768 2353 999 2402 veterum
1046 2352 1333 2416 poetarum
1376 2347 1455 2400 la·

298 2417 541 2471 tinorum
563 2422 739 2472 notat.
775 2419 909 2472 Tum
939 2418 1272 2473 commendat
1298 2434 1452 2488 qrae-

606 2490 769 2558 laria,
826 2489 1197 2559 Graeciaeque
1250 2505 1454 2544 omnem

300 2559 521 2614 laudem
591 2561 797 2615 inventi
867 2561 1165 2616 dramatici
1245 2561 1455 2630 qenes-is

301 2631 569 2700 vindicat,
615 2633 779 2686 simul
820 2639 1001 2688 tamen
1046 2632 1327 2700 confitetur
1374 2634 1453 2686 la-

300 2705 451 2758 tinas
503 2709 699 2772 poetas
752 2705 1043 2758 laudanda
1098 2704 1455 2760 aemulatione

298 2774 441 2828 nihil
488 2775 819 2829 intentatam
867 2775 1146 2844 reliquisse
1190 2791 1256 2830 ac
1296 2791 1455 2845 prae·

298 2846 463 2916 cipue
499 2862 613 2901 eam
640 2861 751 2900 rem
786 2847 913 2902 bene
946 2847 1270 2916 instituisse,
1309 2847 1455 2916 quod

300 2933 417 3043 {50⁸0
436 2933 591 3042 ‘fini'
594 2919 1291 3055 ⁰}22122‘22‘025AE35
1332 2935 1455 3044 ²⁰35

304 3059 609 3114 251-288.
648 3089 717 3098 —
758 3078 1053 3118 accrescere
1088 3062 1274 3130 iussit]
1321 3061 1455 3116 Por-

304 3131 495 3201 phyrx
483 3171 496 3185 .
535 3149 761 3200 „omnes
800 3150 986 3187 versus
1024 3134 1231 3203 tragici
1266 3135 1457 3187 trime·

302 3204 382 3258 tri
419 3204 793 3273 appellantur.
853 3203 1057 3272 Quaeri
1095 3212 1282 3259 autem
1317 3205 1459 3258 solet

306 3291 410 3328 cur
447 3275 695 3329 trimetri
728 3276 1097 3344 appellentur,
1135 3294 1261 3331 cum
1298 3291 1455 3330 senos

306 3347 873 3472 ἵξὲἷίἰᾬὲνῗιίἶθέοι
906 3347 1217 3489 ἓὲἒέἳι
1242 3348 1459 3472 ἲὲἓέῗὲῗ

306 3505 403 3543 rae
442 3489 605 3544 binos
640 3491 1083 3560 complectantur
1111 3491 1333 3560 pedes.“
1369 3489 1459 3544 Ita

308 3566 478 3630 recte,
516 3561 623 3615 nisi
664 3562 813 3631 quod
850 3579 953 3631 pro
992 3562 1271 3616 brevitate
1308 3563 1455 3616 velo·

308 3633 451 3688 citas
486 3633 743 3702 ponenda
778 3641 877 3688 est.
952 3633 1003 3688 Ν
1005 3651 1066 3688 ec
1112 3633 1461 3688 admittenda

310 3709 397 3758 est
446 3706 766 3760 coniectura
812 3705 1078 3760 Ribbeck.
1132 3711 1191 3759 et
1228 3704 1457 3760 Useneri

308 3791 517 3830 momen
550 3777 609 3846 (i.
632 3795 677 3831 e.
706 3781 1048 3832 momentum
1088 3776 1172 3831 vel
1208 3777 1309 3838 vis,
1349 3793 1460 3846 qua

312 3848 450 3916 quid
483 3851 780 3917 movetur),
818 3866 986 3917 quam
1020 3849 1222 3902 merito
1259 3849 1459 3902 reiece-

310 3924 449 3972 runt
483 3919 689 3973 Keller.
728 3919 887 3990 Krug
888 3938 965 3974 er.
998 3919 1279 3974 Eckstein.
1317 3919 1461 3973 Miil-

312 3989 411 4044 ler.
484 3990 801 4046 Difficultas
855 3992 963 4046 1οοί
1012 4009 1123 4046 non
1169 3992 1229 4045 in
1273 4007 1463 4046 ‘nomen

313 4062 587 4116 cernenda
642 4067 741 4128 est,
790 4063 886 4117 sed
934 4064 994 4116 in
1047 4064 1234 4131 iu88it3
1289 4079 1462 4132 quare

316 4133 541 4187 Mfflleri
579 4135 897 4188 coniectura
931 4135 1143 4188 iussum
1179 4136 1301 4188 iure
1341 4132 1458 4187 lau·

316 4203 450 4258 data
482 4210 566 4259 est
601 4204 672 4258 ab
710 4205 1143 4259 Hirschfeldero.
1190 4205 1459 4276 Supplen·

318 4275 449 4330 dum
474 4281 559 4330 est
586 4293 623 4330 a
642 4276 1013 4345 yrammaticis
1041 4276 1460 4345 Alexandrinis,

318 4351 377 4400 et
412 4351 805 4416 permutantur
847 4347 905 4400 in
944 4347 1101 4401 codd.
1142 4348 1461 4417 saepissime

318 4417 467 4472 inter
502 4437 561 4473 se
592 4434 683 4471 um
720 4424 778 4472 et
811 4419 857 4472 it
891 4417 1099 4472 finales
1125 4449 1189 4458 -
1214 4419 1460 4488 iambeis]

318 4506 519 4558 graeca
570 4488 755 4544 forma
806 4507 911 4560 pro
973 4491 1151 4544 latina
1211 4491 1462 4545 iambicis

318 4563 504 4615 versui
540 4562 721 4616 minus
758 4561 1061 4617 commoda.
1102 4561 1261 4618 Nunc
1300 4579 1460 4617 voca·

1547 1916 1744 1970 bulum
1781 1921 1869 1970 est
1902 1909 2051 1976 ἅπαξ
2069 1909 2390 1987 λεγόμενον,
2417 1915 2486 1970 cf.
2510 1915 2692 1970 Germ.

1544 1988 1618 2056 11,
1638 1990 1689 2057 6,
1710 1990 1743 2042 5
1784 1987 1983 2058 Aryeo.
2023 2017 2092 2027 —
2127 2003 2248 2042 cum
2280 1985 2546 2056 redderet]
2581 1988 2616 2042 i.
2639 2006 2693 2058 q.

1546 2060 1800 2129 quamvis
1819 2059 2096 2114 redderet.
2130 2087 2195 2098 --
2221 2075 2334 2113 non
2356 2059 2442 2112 ita
2460 2059 2692 2128 pridem.

1545 2133 1616 2188 de
1640 2130 1861 2186 infinito
1897 2130 2084 2199 aliquo
2122 2133 2376 2200 tempore
2410 2135 2476 2185 ut
2510 2145 2688 2201 nuper

1546 2203 1616 2258 cf.
1656 2203 1769 2257 Sat.
1802 2201 1874 2270 11,
1905 2204 1957 2269 2,
1975 2204 2062 2256 46.
2104 2201 2213 2256 Cic.
2229 2201 2387 2256 Brut.
2421 2205 2486 2256 10
2521 2202 2692 2256 meda

1550 2241 1982 2342 ,Jrhemism'cles
2056 2273 2166 2328 fuit
2237 2279 2507 2345 regnante
2581 2273 2695 2329 iam

1549 2345 1799 2413 Graecia,
1846 2349 2040 2400 nostra
2085 2349 2273 2400 autem
2317 2345 2545 2399 civitate
2579 2361 2695 2400 non

1545 2419 1628 2471 ita
1653 2417 1864 2487 pridem
1885 2415 2174 2471 dominatu
2206 2417 2364 2487 regio
2401 2415 2696 2471 liberata.“

1550 2489 1670 2557 „De
1707 2489 1814 2542 hoc
1848 2489 1968 2544 loco
1995 2489 2076 2542 sic
2099 2488 2331 2543 habeto:
2371 2505 2486 2542 non
2507 2487 2692 2543 dicere

1546 2529 1848 2614 Horatium
1900 2561 2050 2614 haud
2097 2561 2178 2614 ita
2221 2559 2442 2629 pridem
2486 2559 2544 2613 in
2582 2576 2695 2614 me-

1546 2637 1700 2686 trum
1755 2631 2058 2686 iambicum
2112 2631 2378 2685 admissos
2424 2631 2695 2700 spondeos

1546 2731 1619 2744 -
1672 2704 1769 2772 qui
1825 2703 1972 2757 enim
2021 2702 2082 2756 id
2123 2704 2316 2772 potuit
2381 2703 2510 2768 dici,
2569 2719 2696 2757 cum

1547 2775 1698 2844 apud
1742 2775 2188 2843 antiquissimum
2217 2779 2504 2830 auctorem
2540 2775 2696 2838 artis,

1547 2846 1966 2915 Archilochum,
2011 2847 2126 2900 iam
2169 2847 2481 2916 promiscue
2545 2845 2696 2900 inve·

1546 2919 1777 2972 niantur
1812 2918 1949 2972 locis
1984 2917 2292 2986 imparibus
2329 2917 2700 2972 iambicorum

1547 2989 1822 3059 spondei?
1863 3019 1927 3028 -
1971 2989 2068 3042 sed
2110 2990 2312 3058 respici
2358 3007 2517 3044 usum
2569 2991 2696 3044 Ale-

1549 3060 1954 3115 xandrinorum
1990 3061 2186 3129 utique
2221 3065 2517 3130 poetarum
2553 3065 2699 3116 tem-

1550 3149 1687 3203 pore
1728 3137 1931 3196 ortum,
1969 3147 2078 3199 quo
2115 3131 2460 3203 praecipitur
2495 3137 2560 3187 ut
2595 3133 2698 3188 tri·

1551 3204 1715 3258 metri
1752 3203 1980 3258 iambici
2001 3205 2204 3274 tragici
2233 3205 2368 3258 locis
2391 3205 2699 3275 imparibus

1549 3276 1902 3344 potissimum
1931 3281 2216 3343 ponantur
2239 3293 2264 3329 s
2305 3277 2490 3342 ondei‚
2525 3275 2697 3330 iambi

1552 3364 1720 3415 quam
1755 3345 1995 3400 maxime
2029 3351 2218 3416 potest
2295 3347 2375 3401 eri
2400 3348 2698 3403 excludan-

1551 3423 1662 3471 tur.
1666 3419 1699 3446 “
1759 3417 1982 3470 Miiller.
2022 3418 2092 3472 ad
2131 3418 2368 3472 h.1.—
2405 3418 2701 3487 socialiter]

1551 3483 1701 3549 ἅπαξ
1757 3483 2074 3557 λεγόμενον.
2175 3489 2281 3544 Est
2339 3490 2487 3544 idem
2549 3490 2699 3558 quod

1551 3559 1832 3628 commode,
1877 3564 1942 3613 ut
1977 3560 2113 3614 socii
2154 3560 2384 3629 faciunt,
2422 3561 2519 3630 qui
2557 3561 2700 3615 alter

1553 3633 1718 3686 alteri
1755 3631 2038 3685 interdum
2075 3632 2288 3699 aliquid
2336 3633 2406 3687 de
2441 3650 2540 3686 suo
2577 3633 2700 3686 iure

1550 3704 1865 3758 remittunt.
1919 3731 1980 3742 -—-
2032 3701 2166 3770 Hic]
2215 3721 2328 3758 non
2375 3709 2460 3758 est
2505 3703 2698 3758 adver-

1551 3775 1726 3844 bium,
1781 3791 1891 3844 quo
1938 3773 2118 3829 Roma
2177 3779 2372 3829 contra
2409 3775 2700 3830 Graeciam

1553 3851 1874 3917 poneretur,
1919 3846 2018 3900 sed
2061 3850 2146 3900 est
2191 3846 2501 3901 subiectum
2538 3847 2699 3902 verbi

1555 3924 1818 3988 apparet:
1869 3917 1962 3971 hic
1997 3917 2214 3972 iambus
2251 3935 2381 3972 raro
2417 3920 2700 3987 reperitur

1554 3990 1614 4043 in
1651 3991 1900 4045 versibus
1937 3990 2085 4043 Attii
2123 3993 2182 4044 et
2216 3988 2389 4043 Ennii
2424 4007 2495 4044 ne
2522 3991 2581 4043 in
2618 4007 2698 4043 se-

1555 4063 1740 4116 cunda
1785 4061 2008 4130 quidem
2054 4064 2112 4115 et
2159 4066 2362 4129 quarta
2407 4061 2556 4130 sede;
2615 4061 2700 4115 illi

1553 4135 1699 4188 enim
1737 4134 1869 4188 satie
1907 4131 2102 4186 fecisse
2127 4133 2234 4187 sibi
2259 4133 2612 4198 videbantur,
2650 4132 2700 4186 si

1552 4210 1712 4260 sexta
1767 4204 1920 4259 sedes
1990 4203 2236 4258 iambum
2294 4204 2545 4259 haberet.
2617 4204 2702 4258 De

1551 4276 1713 4330 Attio
1749 4277 1878 4330 vide
1921 4275 1990 4328 ad
2027 4275 2140 4329 Sat.
2168 4276 2212 4344 Ι,
2245 4278 2324 4344 10,
2350 4278 2446 4344 53;
2483 4275 2552 4330 de
2587 4275 2698 4329 En-

1552 4349 1647 4402 nio
1687 4348 1866 4402 carm.
1894 4347 1988 4408 IV,
2017 4349 2070 4409 8,
2099 4349 2184 4401 20.
2229 4347 2544 4416 Utrumque
2567 4347 2700 4401 sciri-

1554 4420 1710 4474 bitur
1747 4419 1944 4473 Attius
1978 4423 2037 4472 et
2071 4418 2298 4487 Accius3
2405 4435 2534 4474 aece
2561 4435 2697 4472 sem-

1554 4508 1657 4561 per
1680 4485 1896 4550 Amos.
1939 4519 2005 4530 --
2051 4489 2347 4560 missod„
2403 4495 2498 4546 ota
2537 4490 2700 4544 huius

1555 4579 1748 4618 versus
1821 4562 2066 4631 quinque
2137 4563 2426 4632 spondeos,
2497 4563 2700 4634 quibus
