3092 5059
959 219 1124 286 LIB.
1173 219 1288 286 III.
1335 217 1587 286 CARM.
1630 217 1851 286 XXX.

2488 221 2613 286 239

515 405 944 504 Regalique
995 407 1145 482 situ
1195 406 1691 506 pyramidum
1741 403 1997 502 altine,

514 528 746 623 Quod
798 557 954 606 non
1007 532 1261 607 imber
1303 531 1526 622 edax,
1581 557 1741 606 non
1794 530 2085 630 Aquilo
2138 531 2523 628 impotens

511 657 761 732 Possit
808 656 1122 733 diruere
1173 670 1306 733 aut
1354 657 1941 734 innumerabilis

452 813 478 854 5
514 780 922 858 Annorum
974 782 1208 858 series
1260 794 1336 857 et
1386 781 1575 879 fuga
1618 795 2080 883 temporum.

510 905 684 982 Non
739 907 986 982 omnis
1037 908 1328 982 moriar
1377 906 1774 1006 multaque
1825 933 2002 1007 pars
2054 908 2210 984 mei

510 1031 808 1108 Vitabit
855 1031 1314 1108 Libitinam:
1367 1057 1609 1133 usque
1662 1057 1807 1130 ego
1860 1046 2171 1130 postera

514 1155 877 1233 Crescam
926 1156 1160 1233 laude
1209 1183 1498 1254 recena,
1555 1157 1737 1232 dum
1792 1155 2265 1255 Capitolium

219 1429 272 1478 et
303 1424 441 1479 ibid.
480 1441 534 1478 v.
570 1423 639 1478 56
677 1441 826 1493 sqq.:

349 1496 614 1552 Carmina
658 1499 826 1550 erunt
871 1495 1088 1550 formae
1133 1499 1222 1550 tot
1255 1511 1362 1551 mo-

807 1573 1068 1622 numenta
1103 1571 1261 1635 tuae;

703 1637 1062 1708 Pyramidum
1109 1643 1364 1708 sumptus

809 1709 882 1764 ad
917 1709 1102 1764 sidera
1137 1711 1293 1765 ducti

349 1781 472 1836 Nee
507 1780 658 1836 Iovis
703 1780 831 1836 Elei
880 1782 1094 1836 eaelum
1140 1781 1364 1836 imitata

280 1637 424 1694 Nam
471 1654 653 1706 neque

813 1852 1009 1907 domus

280 1924 396 1980 Neo
455 1924 730 1979 Mausolei
785 1923 942 1979 dives
978 1924 1224 2008 ’fortuna
1282 1941 1362 1978 se-

347 2066 558 2122 Mortis
609 2067 682 2122 ab
739 1996 994 2122 exii-Q
1041 2066 1366 2122 eondieione

796 2143 1022 2194 vacant:

281 2210 400 2264 Aut
448 2209 564 2264 illis
609 2210 832 2276 flamma
877 2216 978 2266 aut
1020 2211 1192 2266 imber
1235 2209 1362 2264 sub-

809 2281 977 2336 dueet
1013 2281 1250 2336 honores

351 2352 650 2408 Annorum
676 2357 776 2408 aut
799 2353 916 2408 ictu
939 2353 1188 2423 pondere
1211 2353 1365 2408 vieta

808 2431 992 2480 ruent.

280 2499 360 2551 At
395 2513 516 2550 non
551 2495 778 2568 ingenio
809 2496 1125 2622 qgaesitum
1162 2513 1364 2551 nomen

811 2585 846 2622 a
926 2586 1064 2623 aevo

349 2639 612 2705 Excidet,
639 2639 865 2766 ingeniio
889 2643 1006 2695 stat
1041 2639 1160 2695 sine
1183 2643 1365 2694 morte

851 2728 992 2766 ecus.

223 2781 450 2837 Ovidius
485 2784 677 2837 Amor.
718 2781 822 2850 ΙΙΙ,
861 2785 946 2851 15,
984 2785 1016 2836 7
1055 2799 1167 2852 sq.:

281 2853 521 2909 Mantua
558 2853 1091 2981 Vergiliocgauldet,
1143 2853 1364 2909 Verona

859 2930 957 2980 atu
983 2928 1064 2980 lo:

352 2997 658 3068 Paelignae
671 2995 829 3052 diear
841 2998 1026 3069 gloria
1043 2996 1228 3070 gentis
1242 3013 1364 3068 ego.

219 3067 347 3124 ibid.
386 3089 442 3124 v.
489 3069 554 3122 19
590 3085 696 3136 sq.:

283 3139 544 3196 Imbelles
581 3139 742 3210 elegi,
779 3139 1015 3263 gfnialis
1050 3139 1229 3203 Musa,
1269 3158 1364 3195 va-

837 3215 944 3273 ete,

353 3283 496 3338 Post
531 3301 656 3338 mea
679 3298 1004 3338 mansurum
1029 3279 1150 3335 fata
1173 3299 1363 3351 super·

815 3359 926 3408 stes
963 3355 1125 3423 opus!

219 3425 296 3480 Id.
333 3429 464 3480 Am.
499 3425 546 3489 Ι,
588 3427 677 3494 15,
713 3428 808 3480 41:

287 3497 445 3569 Ergo
505 3498 678 3552 etiam
738 3515 865 3553 oum
927 3513 1015 3550 me
1076 3512 1366 3565 supremus

817 3567 1072 3622 adederit
1106 3567 1254 3638 ignis

359 3639 580 3710 Vivam,
623 3655 862 3710 parsque
907 3640 1018 3694 mei
1063 3640 1235 3694 multa
1278 3657 1366 3692 su·

815 3715 1028 3780 perstes
1065 3711 1191 3766 erit.

222 3780 298 3836 Id.
339 3785 412 3837 A.
450 3786 520 3838 A.
555 3782 656 3852 ΙΙΙ,
693 3783 799 3836 239
835 3801 950 3852 sq.:

289 3853 554 3909 Forsitan
609 3861 668 3909 et
710 3858 965 3909 nostrum
1011 3870 1214 3908 nomen
1265 3853 1367 3907 mi-

814 3925 1062 3981 scebitur
1096 3925 1238 3994 istis,

362 3995 503 4052 Nec·
529 4014 652 4052 mea
693 3996 956 4052 Lethaeis
1010 3997 1220 4066 scripta
1274 3995 1367 4050 da-

815 4069 1030 4123 buntur
1067 4069 1242 4138 aquis.

227 4133 306 4192 Id.
341 4137 480 4193 Met.
514 4139 633 4204 XV,
671 4141 773 4193 871
814 4157 960 4210 sqq.:

294 4207 522 4278 Iamque
553 4227 694 4282 opas
727 4213 894 4295 exegi,
943 4210 1094 4294 quod
1137 4228 1242 4295 nee
1277 4211 1368 4295 Ip-

814 4299 899 4339 ms
931 4300 1023 4338 ora
1055 4300 1160 4338 nee
1193 4299 1343 4353 ayma

295 4349 416 4406 Nee
451 4353 658 4421 poterit
686 4355 892 4423 ferrum
925 4372 1030 4410 nee
1060 4354 1203 4410 edax
1238 4355 1368 4409 abo-

819 4427 935 4481 lere
969 4431 1225 4482 vetustas.

302 4493 440 4548 Cum
476 4496 642 4564 volet,
677 4495 778 4552 illa
811 4497 946 4561 dies,
981 4515 1124 4567 quae
1152 4498 1234 4552 nil
1260 4498 1369 4552 nisi

821 4570 1068 4639 eorporis
1105 4569 1268 4625 huius

1534 1423 1628 1476 Ius
1674 1423 1863 1492 habet,
1919 1422 2121 1478 incerti
2170 1425 2414 1494 spatium
2474 1427 2614 1481 mihi

2060 1494 2223 1550 finiat
2258 1499 2405 1553 aevi:

1535 1565 1704 1620 Parte
1762 1570 1953 1622 tamen
2017 1567 2237 1622 meliore
2290 1570 2393 1624 mei
2452 1585 2617 1638 super

2064 1639 2185 1692 alta
2213 1641 2476 1709 perennis

1534 1707 1713 1762 Astra
1744 1707 1902 1775 ferar
1946 1725 2239 1779 nomenque
2280 1712 2385 1766 orit
2418 1711 2614 1768 indele—

2062 1780 2167 1836 bile
2200 1788 2473 1850 nostrum,-

1535 1850 1760 1922 Quaque
1790 1855 1946 1920 patet
1980 1851 2205 1906 domitis
2232 1853 2487 1910 Romana
2514 1869 2612 1924 po-

2058 1923 2237 1978 tentia
2272 1925 2457 1995 terris,

1540 1991 1645 2048 Ore
1697 1993 1850 2063 leym·
1900 1993 2113 2063 populi,
2166 2011 2368 2066 perque
2430 1998 2617 2053 omnia

2063 2067 2279 2122 saecula
2310 2069 2485 2137 fama,

1535 2137 1597 2192 Si
1633 2137 1771 2206 quid
1815 2137 2028 2191 habent
2061 2137 2183 2191 veri
2221 2143 2414 2194 vatum
2457 2158 2616 2210 prae·

2060 2209 2235 2278 sagia,
2270 2213 2464 2268 vivam.

1465 2280 1763 2335 Martialis
1795 2280 1867 2348 X,
1903 2281 1954 2344 2,
1993 2281 2026 2332 7
2062 2296 2212 2348 sqq.:

1535 2350 1711 2422 Pigra
1765 2369 1867 2421 per
1910 2350 2069 2410 ‚huno
2117 2351 2300 2422 fugies
2358 2352 2618 2424 ingratae

2068 2421 2302 2480 flumina
2338 2423 2545 2479 Lethes

1609 2494 1689 2548 Et
1741 2495 1955 2550 meliore
2004 2494 2087 2549 tui
2130 2501 2297 2578 parte
2348 2501 2619 2566 superstes

2066 2581 2192 2621 ens.

1537 2635 1826 2692 Marmora
1860 2635 2155 2692 Messallae
2196 2637 2362 2692 findit
2398 2637 2616 2709 caprifi-

2067 2726 2161 2763 ous
2197 2715 2257 2764 et
2292 2710 2474 2765 audax

1612 2779 1887 2836 Dimidios
1961 2779 2143 2850 Crispi
2213 2781 2389 2836 mulio
2470 2781 2621 2836 ridet

2064 2869 2250 2922 equos.

1537 2925 1620 2977 At
1666 2923 1877 2978 chartis
1926 2941 2029 2978 nee
2075 2925 2231 2978 furta
2277 2928 2481 2979 noeent
2518 2939 2621 2979 neo

2064 2997 2283 3052 saecula
2313 2999 2573 3066 prosunt3

1607 3065 1837 3135 Solaque
1870 3082 1982 3120 vum
2025 3073 2231 3123 norunt
2266 3069 2397 3124 haec
2430 3082 2618 3122 πωπω-

2063 3143 2246 3194 menta
2279 3139 2439 3194 mori.

1467 3209 1536 3263 In
1573 3209 1775 3277 quibus
1812 3209 1947 3264 loeis
1983 3211 2139 3265 vides
2174 3227 2288 3265 non
2331 3227 2509 3280 pauca
2546 3209 2617 3264 ad

1469 3281 2067 3420 exsssmsslumaefffmffil
2085 3283 2297 3352 scripta
2330 3299 2573 3408 esse&

1592 3368 1803 3407 ..ει
1952 3370 2453 3418 moe,nonsu
2574 3371 2601 3408 e

1469 3424 1622 3494 quod
1658 3424 1714 3479 h.
1752 3424 1789 3476 1.
1825 3423 2079 3494 ineptum
2116 3429 2217 3480 est.
2291 3371 2619 3494 Cogiparari

1467 3499 1656 3565 potest
1691 3494 1960 3551 adieetivi
1992 3497 2135 3551 situs
2171 3514 2300 3550 usus
2338 3497 2487 3566 apud
2512 3495 2617 3551 Ta·

1469 3566 1644 3622 citum
1680 3571 1825 3622 Ann.
1861 3567 1961 3635 111,
1999 3570 2092 3621 38:
2142 3567 2619 3638 „Philippopolim

1470 3657 1504 3692 a
1558 3638 1861 3693 Macedone
1915 3639 2180 3710 Philippo
2238 3640 2404 3694 sitam
2462 3639 2520 3707 (i.
2569 3657 2619 3694 e.

1469 3710 1777 3779 conditam)
1827 3710 2288 3779 circumsidunt“,
2334 3711 2486 3766 alias.
2550 3740 2619 3751 —-

1469 3781 1755 3852 impotens]
1795 3781 1901 3835 sibi
1936 3799 2051 3837 non
2086 3789 2421 3852 temperans,
2457 3783 2619 3837 vehe-

1470 3857 1687 3908 menter
1746 3853 1955 3908 furens.
2027 3854 2209 3924 Epod.
2268 3855 2349 3918 16,
2400 3855 2489 3908 62.
2550 3883 2618 3895 -

1469 3924 1788 3995 temporum]
1827 3924 2096 3982 Simonid.
2144 3943 2233 3996 ap.
2277 3925 2617 3980 Schneidew.

1469 3995 1595 4052 Del.
1642 4014 1697 4065 p.
1729 3997 1862 4052 404:
1924 3993 2164 4068 „1961209
2212 3993 2333 4058 ὀξὺς
2386 3992 2621 4056 ὀδόντας

1469 4062 1667 4123 Πάντα
1688 4064 2001 4139 καταψήχει
2034 4073 2125 4122 καὶ
2148 4067 2212 4122 τὰ
2239 4063 2616 4136 βεβαιότατα.“

1471 4167 1538 4178 ——
1593 4140 1927 4211 Libitinam]
1967 4140 2151 4196 Venus
2196 4140 2467 4204 Libitina,
2516 4141 2621 4196 dea

1471 4209 1761 4280 funerum3
1808 4212 1869 4266 in
1914 4213 2069 4268 euius
2108 4211 2243 4268 aede
2292 4218 2454 4266 erant
2494 4213 2618 4267 libi-

1469 4283 1686 4348 tinarii,
1723 4285 1925 4351 quibus
1962 4285 2059 4354 qui
2094 4284 2304 4339 mortui
2343 4289 2525 4339 essent
2550 4301 2620 4340 ex

1469 4353 1594 4425 lege
1618 4355 2006 4423 nuntiabatur,
2042 4355 2234 4410 eadem
2266 4356 2485 4410 ratione
2510 4373 2621 4425 qua

1470 4443 1661 4481 reeens
1709 4427 1832 4481 nati
1880 4428 1941 4481 in
1986 4427 2195 4497 templo
2234 4425 2461 4481 Iunonis
2510 4427 2617 4481 Lu-

1470 4498 1628 4552 cinae
1646 4499 2096 4553 nominabantur.
2122 4497 2259 4552 Inde
2283 4497 2481 4552 Livius
2500 4498 2619 4569 XL,

1475 4571 1568 4624 192
1616 4570 1983 4638 „Pestilentia
2018 4571 2077 4624 in
2118 4569 2258 4624 urbe
2294 4573 2455 4625 tanta
2488 4569 2619 4642 fuit,
