3092 5059
1038 236 1203 305 LIB.
1246 238 1331 303 11.
1376 234 1630 303 GARM.
1667 234 1781 300 VI.

2491 231 2616 297 125

558 456 585 497 s
619 426 863 502 Tibur
912 424 1179 523 Argeo
1232 422 1572 523 positum
1617 418 1896 497 colono

620 550 735 628 Sit
785 576 1006 627 meae
1056 549 1277 626 sedes
1330 548 1626 625 utinam
1676 558 2050 642 senectae,

612 675 729 754 Sit
778 675 1055 751 modus
1106 674 1307 749 lasso
1359 672 1596 748 maris
1649 684 1728 747 et
1771 670 2071 747 viarum

814 800 1301 900 Militiaeque
1314 800 1333 878 1

614 950 845 1028 Unde
888 951 955 1025 si
1004 950 1293 1026 Parcae
1346 948 1764 1047 prohibent
1811 945 2146 1043 iniquae,

530 1105 581 1142 ιο
614 1075 858 1151 Dulce
909 1072 1193 1175 pellitis
1245 1076 1519 1151 ovibus
1573 1070 1884 1154 Galaesi

618 1200 948 1275 Flumen
1000 1213 1078 1277 et
1125 1213 1447 1299 regnata
1486 1214 1746 1301 petam
1797 1200 2092 1275 Laconi

814 1329 1018 1404 Rura
1068 1326 1521 1403 Phalantho,

556 1530 566 1541 .
613 1474 761 1551 Ille
809 1487 1191 1554 terrarum
1240 1476 1433 1551 mihi
1479 1486 1789 1574 praeter
1834 1498 2098 1550 omnes

620 1600 976 1699 Angulus
1028 1601 1254 1698 ridet,
1306 1602 1442 1677 ubi
1493 1627 1653 1677 non
1702 1600 2070 1701 Hymetto

528 1757 581 1797 ιε
621 1725 860 1800 Mella
912 1725 1296 1802 decedunt
1340 1725 1729 1825 viridique
1781 1737 2018 1800 certat

815 1850 1023 1926 Baca
1068 1851 1439 1947 Venafr03

619 1998 782 2099 Ver
831 2001 969 2076 ubi
1018 2000 1343 2097 longum
1393 2000 1854 2100 tepidasque
1907 1998 2230 2100 praebet

620 2124 972 2223 Iuppiter
1020 2126 1357 2221 brumas,
1412 2140 1489 2202 et
1533 2128 1826 2202 amicus
1885 2124 2140 2200 Aulon

220 2366 399 2423 ieotivi
434 2366 647 2433 forma,
689 2367 749 2421 in
792 2369 982 2438 lyricis
1015 2371 1237 2441 saepius
1274 2370 1369 2425 ob·

222 2439 329 2509 νὴ,
350 2438 513 2495 Ovid.
544 2441 670 2493 Am.
685 2438 787 2501 111.
802 2444 853 2510 6,
871 2445 940 2497 45
953 2464 966 2497 ε
992 2441 1251 2512 „Tiburis
1262 2445 1368 2497 Ar-

224 2511 304 2633 {Zi
323 2511 621 2637 5⁰}3f‘3‘3
644 2512 833 2637 ⁸5:15
872 2514 1223 2640 ΗἭἭΈ
1248 2514 1291 2579 ¹’
1321 2517 1369 2579 ¹⁹

291 2621 303 2634 .
372 2626 385 2646 ‚
609 2621 623 2634 .
794 2601 918 2639 rum
938 2601 999 2640 vi
1038 2604 1069 2640 e
1225 2602 1364 2641 arm.

226 2652 265 2719 1,
278 2654 321 2718 7,
334 2656 409 2709 13.
431 2622 591 2723 1‚'18‚
602 2656 652 2707 2.
674 2654 991 2725 Verg.Aen.
1004 2658 1367 2725 V11‚670sqq.

226 2752 283 2762 —
300 2725 567 2792 senectae]
591 2723 815 2781 Tertius
846 2746 1004 2784 casus
1030 2734 1130 2791 est,
1150 2747 1263 2783 nou
1286 2744 1371 2782 se·

223 2796 437 2851 enudus.
487 2824 571 2836 -
614 2799 807 2867 maris}
846 2799 1073 2855 Tacitus
1110 2804 1259 2855 Anu.
1296 2800 1369 2868 11,

228 2870 285 2919 12
304 2868 525 2923 Horatii
566 2866 805 2924 fortasse
844 2890 1082 2927 memor:
1124 2872 1217 2941 „Si
1254 2877 1369 2926 tae-

220 2938 305 2993 dio
330 2940 559 2995 viarum
596 2956 665 2994 ac
686 2944 859 2997 maris
894 2944 1065 2999 finem
1088 2944 1367 3014 cupiant.“

218 3008 344 3065 Tres
367 3010 628 3081 genetivi
649 3014 839 3077 maris,
871 3018 1107 3084 vinnm,
1139 3017 1371 3069 militiae

220 3081 287 3137 sd
309 3100 514 3137 nomen
554 3082 703 3137 lasso
728 3102 841 3139 non
874 3088 1051 3158 magis
1088 3086 1370 3141 referendi

220 3158 343 3207 sunt
376 3171 553 3223 quam
601 3153 675 3209 ad
725 3157 965 3213 alterum
1010 3159 1222 3213 modus.
1297 3157 1369 3213 cf.

220 3224 393 3295 Epist.
430 3226 481 3289 1,
504 3228 593 3293 11,
618 3226 671 3279 6.
744 3229 967 3284 Militia
1003 3236 1193 3285 autem
1215 3246 1371 3283 mare

221 3301 275 3351 et
306 3299 426 3352 vias
464 3297 883 3366 complectitur,
922 3302 1129 3371 quippe
1159 3301 1371 3371 duplex

221 3374 301 3421 est
341 3369 573 3437 militia,
626 3372 914 3427 maritima
958 3378 1016 3427 et
1066 3372 1369 3428 terrestris.

222 3438 307 3494 Sic
348 3440 535 3495 Carm.
574 3438 621 3506 Ι,
663 3444 708 3509 1,
751 3446 819 3496 23
872 3450 1058 3499 castra
1106 3450 1159 3499 et
1212 3445 1373 3499 tubae

220 3512 424 3567 sonitus
474 3512 747 3582 bellaque3
802 3520 866 3570 ut
910 3533 945 3569 a
992 3516 1251 3585 partibus
1298 3515 1372 3569 ad

223 3584 395 3637 totam
448 3600 571 3638 rem
623 3586 973 3643 ascendatur.
1031 3617 1099 3627 —
1162 3588 1373 3643 Parcae

220 3652 461 3779 Ἣ
502 3654 747 3795 m
762 3658 967 3799 m]
1002 3659 1163 3785 1123
1304 3730 1357 3784 R

224 3794 290 3862 Π,
326 3799 383 3849 2:
444 3796 743 3859 „similiter
794 3802 1113 3857 faciendum
1159 3802 1219 3855 in
1256 3802 1373 3855 ovi·

224 3866 319 3951 bus
355 3868 591 3937 pellitis,
629 3887 772 3940 quae
806 3879 1043 3943 propter
1080 3876 1241 3929 lanae
1276 3874 1373 3927 bo-

224 3944 475 4021 nitatem,
512 3945 581 3995 ut
624 3948 757 3997 sunt
793 3944 1133 4001 Tarentinae
1178 3950 1238 4001 et
1274 3949 1373 3999 At·

225 4014 383 4079 ticae,
433 4012 679 4081 pellibus
724 4016 1071 4087 integuntur,
1121 4034 1193 4072 ne
1244 4018 1376 4071 lana

228 4082 573 4166 inquinetur,
610 4102 719 4155 quo
752 4088 937 4144 minus
974 4091 1062 4145 vel
1098 4088 1251 4143 infici
1286 4106 1373 4143 re·

230 4158 312 4209 cte
332 4164 513 4224 possit
532 4158 623 4211 vel
653 4158 831 4214 lavari
856 4177 923 4215 ac
942 4161 1186 4229 parari.“
1224 4160 1375 4215 Mar·

230 4225 347 4279 tial.
383 4226 546 4308 ⁰XIV,
595 4232 721 4285 1652
780 4231 1127 4300 „Velleribus
1176 4232 1377 4301 primis

232 4297 453 4378 apulia,
479 4296 687 4355 Parma
722 4303 977 4358 secundis
994 4303 1255 4372 Nobilis3·
1277 4304 1375 4357 Al-

231 4372 413 4421 tmum
447 4370 621 4425 tertia
656 4373 851 4429 laudat
887 4375 1061 4429 ovis.“
1123 4375 1249 4443 ΧΠ,
1284 4376 1375 4442 63,

232 4441 289 4492 3:
326 4440 483 4523 „albi
503 4457 647 4509 quae
668 4462 895 4513 superas
914 4446 1219 4515 (Corduba)
1246 4464 1377 4501 oves

231 4508 501 4566 Galaesi.“
553 4542 618 4553 -
664 4523 895 4586 reynata
930 4517 1161 4588 Laconi]
1210 4518 1293 4573 Ne
1341 4535 1376 4572 a

232 4586 561 4639 neutrorum
595 4587 821 4655 quidem
842 4590 1141 4644 verborum
1178 4590 1374 4643 formis

1468 2369 1706 2439 passivis
1742 2369 2028 2443 abstinent
2061 2374 2278 2439 poetae.
2327 2369 2398 2425 cf.
2439 2369 2620 2425 Carm.

1468 2440 1570 2502 111,
1609 2442 1696 2509 29,
1733 2443 1820 2495 27.
1895 2440 2248 2497 Phalanthum
2281 2447 2472 2497 autem
2507 2442 2624 2497 dux

1470 2512 1582 2566 fuit
1619 2512 2067 2567 Partheniarum.
2106 2542 2164 2553 -—
2220 2512 2382 2582 ridet]
2418 2514 2622 2582 placet.

1468 2584 1686 2638 Eadem
1711 2585 2042 2655 metaphora
2071 2585 2242 2654 γελᾶν
2259 2583 2460 2639 Graeci
2485 2602 2620 2653 quo-

1471 2673 1582 2724 que
1642 2656 1712 2711 de
1774 2656 1942 2711 rebus
2002 2655 2326 2711 inanimatis
2381 2660 2621 2711 utuntur

1471 2726 1632 2796 quasi
1677 2728 1852 2783 vitam
1905 2728 2242 2783 habentibus
2292 2732 2352 2782 et
2401 2728 2620 2783 faciem.

1471 2799 1564 2852 Sic
1598 2798 1846 2855 rem'dere
1881 2800 1953 2869 11,
1993 2804 2044 2861 5,
2087 2802 2169 2854 19.
2207 2799 2280 2867 11,
2322 2800 2406 2869 18,
2443 2802 2493 2853 2.
2537 2800 2624 2855 De

1469 2870 1746 2941 producta
1784 2878 2036 2926 extrema
2059 2872 2276 2940 syllaba
2311 2869 2384 2926 cf.
2411 2871 2485 2925 ad
2523 2870 2623 2940 111,

1472 2946 1523 3010 5,
1561 2942 1642 2995 17.
1704 2941 1778 3009 11,
1822 2942 1901 3008 13,
1943 2944 2025 2997 16.
2087 2972 2148 2983 --
2207 2943 2492 3015 Hymetto]
2535 2943 2625 2997 Ex

1469 3030 1628 3068 more
1682 3014 1918 3083 antiquo
1973 3032 2078 3083 pro
2137 3016 2280 3070 melli
2326 3014 2624 3087 Hymettia.

1472 3083 1666 3139 Solent
1701 3085 1852 3139 enim
1889 3090 2122 3149 veteres,
2171 3104 2298 3141 cum
2335 3086 2626 3141 hominum

1469 3156 1562 3210 vel
1598 3173 1786 3211 rerum
1811 3156 2112 3212 facultates
2135 3158 2444 3212 virtutesve
2474 3158 2626 3211 inter

1470 3244 1531 3281 se
1585 3233 1948 3298 componunt,
2003 3228 2240 3283 alterius
2292 3229 2626 3283 facultatem

1472 3314 1808 3369 componere
1845 3316 1973 3355 cum
2009 3300 2190 3355 altero
2231 3300 2352 3370 ipso
2395 3299 2624 3354 homine

1472 3370 1562 3425 vel
1610 3388 1689 3425 re.
1763 3371 1856 3426 Sic
1900 3371 2010 3427 Cic.
2059 3372 2131 3427 de
2175 3376 2320 3427 orat.
2357 3372 2428 3433 11,
2477 3375 2524 3437 l,
2561 3373 2622 3425 4:

1474 3448 1830 3510 „nostrorum
1905 3442 2195 3498 hominum
2263 3442 2624 3512 prudentiam

1474 3513 1700 3568 Graecis
1737 3514 2073 3569 anteferre-‘⁴
2143 3515 2224 3570 Cf.
2269 3515 2450 3570 Carm.
2487 3513 2534 3578 1,
2575 3518 2620 3577 1,

1475 3586 1562 3639 23.
1625 3585 1726 3652 ΠΙ,
1763 3590 1813 3653 6,
1847 3588 1930 3641 46.
2005 3586 2169 3641 Hom.
2209 3586 2271 3641 11.
2311 3586 2486 3649 XVII,
2527 3588 2624 3655 513

1472 3662 1531 3712 et
1567 3657 1716 3711 infra
1751 3663 1922 3713 certat
1957 3657 2092 3712 baca
2137 3656 2392 3725 Venafro.
2431 3686 2498 3697 -
2535 3658 2624 3712 de·

1469 3728 1688 3797 cedunt]
1740 3728 1976 3783 Deoedit
2021 3730 2086 3793 is,
2135 3729 2234 3798 qui
2278 3728 2464 3799 primo
2501 3729 2624 3784 loco

1474 3816 1642 3868 quem
1677 3799 1860 3855 adhuc
1883 3800 2133 3855 obtinuit
2163 3801 2236 3855 ab
2259 3802 2440 3855 altero
2464 3817 2624 3870 prae-

1474 3872 1749 3927 stantiore
1783 3872 1967 3926 victus
2001 3872 2170 3927 cedit.
2221 3872 2290 3926 cf.
2327 3872 2512 3941 Epist.
2549 3870 2621 3930 11.

1474 3947 1523 4005 2,
1563 3944 1686 3997 213.
1726 3972 1792 3983 —-
1843 3943 2166 4013 Venafrum]
2214 3942 2520 3997 Minturnis
2567 3947 2626 3997 et

1472 4014 1748 4085 Fregellis
1785 4020 1844 4069 et
1862 4013 1987 4069 Liri
2026 4014 2200 4068 fluvio
2234 4015 2508 4082 vicinum3
2543 4014 2624 4068 υί-

1472 4085 1596 4139 ride
1647 4091 1733 4141 est
1790 4092 1977 4141 totum
2030 4084 2340 4141 Venafrum
2390 4089 2626 4155 propter

1474 4156 1794 4225 frequentia
1829 4159 1911 4212 ibi
1945 4158 2170 4212 oliveta.
2241 4156 2624 4211 venafranum

1474 4230 1662 4284 oleum
1697 4230 1972 4299 optimum
2010 4234 2150 4283 erat.
2190 4228 2305 4283 Sat.
2342 4227 2415 4296 11,
2449 4232 2503 4296 4,
2535 4230 2624 4282 69.

1478 4330 1543 4340 -
1585 4300 1856 4369 Iuppiter]
1896 4300 2078 4355 Carm.
2114 4298 2160 4361 Ι,
2205 4301 2287 4367 12,
2330 4302 2409 4353 15.
2567 4370 2570 4373 ἢ

1552 4370 1616 4426 V.
1659 4375 1740 4426 18.
1797 4372 2006 4427 amicus
2049 4371 2254 4440 Aulon]
2309 4372 2498 4425 Aulon
2555 4386 2626 4424 ex

1473 4443 1812 4498 testimoniis
1836 4444 2074 4499 Acronis
2099 4442 2447 4510 scholiastae,
2479 4458 2628 4497 com·

1474 4518 1806 4571 mentatoris
1843 4514 2010 4583 Cruq.
2047 4518 2108 4569 et
2143 4514 2324 4569 Servii
2361 4513 2434 4569 ad
2457 4513 2624 4584 Verg.

1477 4588 1612 4641 Aen.
1661 4587 1758 4654 111,
1805 4588 1909 4641 558
1955 4602 2114 4641 mons
2157 4585 2270 4641 fuit
2319 4585 2629 4641 Calabriae.
