3092 5059
418 217 544 281 fflffl

1437 212 1793 281 EPODON

518 384 797 475 Lesbia
849 399 1252 499 quaerenti
1305 410 1610 473 taurum
1659 396 2119 473 monstravit
2163 396 2515 489 inertem,

620 523 817 601 Cum
869 524 1059 599 mihi
1111 522 1316 601 Cous
1368 522 1669 599 adesset
1719 521 2118 623 Amyntas,

520 650 758 728 Cuius
813 650 892 723 in
943 648 1320 724 indomito
1353 648 1847 723 'constantior
1898 648 2217 745 inguine
2267 671 2572 739 nervus,

434 808 486 849 so
623 775 874 869 Quam
927 800 1128 850 nova
1180 772 1503 849 collibus
1556 774 1789 848 arbor
1834 770 2203 848 inhaeret.

517 900 944 976 Muricibus
989 899 1244 998 Tyriis
1296 900 1616 973 iteratae
1668 896 1959 974 vellera
2001 896 2225 972 lanae

622 1023 767 1101 Cui
817 1024 1488 1123 properabantur?
1594 1022 1771 1098 Tibi
1817 1046 2115 1122 nempe,

520 1148 636 1225 Ne
687 1148 891 1225 foret
939 1149 1298 1249 aequales
1347 1150 1553 1224 inter
1608 1149 1955 1244 conviva,
2009 1147 2254 1246 magis
2308 1172 2538 1246 quem

618 1274 992 1372 Diligeret
1042 1272 1324 1348 mulier
1369 1299 1506 1349 sua
1554 1299 1783 1372 quam
1830 1285 1929 1347 te.

439 1430 490 1470 ιε
526 1398 596 1476 Ο
651 1423 798 1497 ego
852 1424 1007 1473 non
1061 1397 1270 1493 felix,
1329 1422 1560 1497 quam
1615 1410 1695 1472 tu
1743 1398 1977 1495 fugis,
2031 1411 2117 1473 ut
2160 1408 2389 1495 pavet
2441 1421 2652 1471 acres

618 1523 851 1621 Agna
899 1523 1121 1621 lupos
1176 1548 1657 1623 capreaeque
1707 1522 2010 1598 leones!

1289 1898 1671 1987 OARMEN
1732 1900 1955 1985 ΧΙΠ.

521 2083 869 2160 Horrida
917 2097 1329 2182 tempestas
1386 2083 1685 2159 caelum
1740 2083 2135 2178 contraxit,
2184 2096 2263 2157 et
2310 2082 2595 2159 imbres

620 2207 1005 2310 Nivesque
1039 2210 1431 2285 deducunt
1463 2210 1768 2304 Iovem3
1821 2234 2023 2283 nunc
2056 2234 2289 2301 mare,
2333 2234 2541 2284 nunc
2576 2209 2821 2285 siluae

521 2334 879 2412 Threicio
934 2332 1329 2434 Aquilone
1381 2349 1691 2411 sonant:
1748 2335 2159 2433 rapiamus,
2215 2333 2461 2429 amici,

422 2578 812 2688 ωηωῗῖοῗιῗῖ
831 2561 1574 2703 ἔὲἱ-’ὲὲἓὲῗὲέῗιῖῗῖιέἳὲἓῇ

421 2706 492 2760 de
529 2722 594 2760 ac
630 2705 720 2759 vel
757 2710 918 2773 atque
967 2709 1097 2774 post
1133 2706 1575 2775 comparativam

421 2776 659 2831 formam
681 2775 750 2830 cf.
778 2775 848 2830 ad
871 2776 1050 2845 Epod.
1084 2780 1166 2844 15,
1191 2781 1242 2831 5.
1262 2805 1327 2816 -
1351 2776 1549 2832 Lesbia

423 2850 564 2903 lena.
615 2876 682 2888 —
729 2848 1024 2903 muricibus
1079 2848 1266 2918 Tyriis
1320 2850 1551 2903 iteratae

420 2919 685 2989 dibapha.
742 2918 887 2974 Vide
921 2920 992 2974 ad
1032 2920 1209 2975 Carm.
1251 2920 1322 2989 11,
1366 2921 1447 2987 16,
1490 2921 1572 2973 16.

422 3020 489 3031 -
520 2996 688 3061 pavet
731 2991 908 3061 lupos]
947 2991 1032 3045 De
1077 2992 1392 3047 accusativo
1444 2991 1574 3046 vide

421 3062 494 3117 ad
533 3062 712 3119 carm.
753 3062 847 3131 lv,
885 3068 938 3128 5,
975 3066 1064 3117 25.

759 3174 1040 3231 Carmen
1077 3175 1231 3231 XIII.

495 3270 878 3340 Compositum
888 3272 1113 3327 videtur
1128 3271 1278 3326 haud
1291 3272 1372 3327 ita
1393 3272 1572 3326 multo

419 3348 552 3411 post
602 3359 848 3413 pugnam
904 3344 1337 3413 Philippensem,
1398 3360 1572 3412 quan-

422 3431 591 3497 quam
627 3415 727 3468 alii
763 3432 970 3469 annum
995 3416 1182 3485 potius
1210 3417 1310 3469 721
1339 3416 1429 3470 vel
1469 3416 1573 3467 722

419 3484 993 3627 ῗέέῇἶοᾷῗὲζὲῗῗ
1010 3488 1140 3625 32³?ss
1161 3487 1573 3613 ἒιὲξῖῑὶὶῗέξ

422 3646 490 3684 ac
543 3630 796 3697 pluvioso
843 3630 1176 3685 adhortatur
1233 3632 1454 3698 amicos,
1506 3634 1571 3685 ut

421 3700 588 3771 genio
614 3700 968 3771 indulgentes
995 3720 1084 3756 eas
1122 3706 1252 3756 ante
1277 3702 1464 3755 omnia
1486 3718 1571 3756 re-

421 3789 648 3828 movere
671 3774 850 3828 velint
873 3773 1175 3840 molestias,
1211 3774 1412 3841 quibus
1438 3778 1575 3829 tunc

423 3844 606 3913 ipsum
631 3844 928 3915 iniquitate
953 3845 1085 3899 anni
1116 3849 1461 3914 premantur,
1487 3844 1571 3898 fu-

421 3916 539 3970 turi
575 3918 844 3986 temporis
880 3933 1182 3985 rerumque
1218 3916 1573 3985 publicarum

423 4004 615 4042 curam
645 3988 983 4059 benignitati
1008 3994 1066 4043 et
1089 3988 1318 4042 consilio
1339 3988 1573 4043 deorum

421 4058 569 4113 bono
613 4060 800 4114 animo
848 4061 1129 4115 mandent.
1206 4059 1364 4127 Quod
1411 4077 1571 4129 prae-

423 4134 650 4200 ceptum
690 4136 755 4185 ut
791 4132 1128 4186 auctoritate
1161 4130 1365 4199 firmet,
1389 4149 1571 4186 exem·

421 4202 519 4271 plo
555 4202 739 4257 utitur
763 4202 1040 4271 Chironis,
1075 4203 1174 4271 qui
1206 4203 1419 4257 Achilli
1455 4202 1573 4257 alu·

423 4290 583 4341 mno,
635 4290 762 4329 cum
815 4274 997 4329 fatum
1053 4272 1356 4329 Parcarum
1421 4279 1575 4329 certa

421 4345 710 4399 voluntate
746 4344 919 4400 fixum
956 4364 1021 4400 ac
1057 4346 1398 4401 destinatum
1438 4346 1573 4401 effu·

421 4433 559 4487 gere
607 4432 720 4469 non
765 4422 969 4485 posset,
1022 4421 1086 4470 ut
1144 4418 1409 4487 quicquid
1463 4418 1575 4473 sibi

423 4487 578 4541 vitae
621 4504 940 4543 concessum
985 4492 1130 4543 esset
1180 4489 1330 4545 laeto
1384 4490 1572 4545 animo

423 4557 764 4628 transigeret
829 4577 970 4615 neve
1023 4559 1198 4615 nimia
1253 4560 1573 4617 futurarum

421 2561 544 2616 oleo

1666 2576 1855 2615 rerum
1916 2558 2292 2615 sollicitudine
2363 2557 2482 2627 ipse
2552 2556 2818 2626 perderet

1666 2631 1905 2700 sapienti
1952 2631 2231 2699 quondam
2278 2630 2509 2684 consilio
2546 2632 2822 2683 suaserat.

1738 2702 1805 2756 V.
1837 2706 1882 2756 1.
1918 2701 2172 2773 horrida]
2211 2706 2277 2755 ut
2312 2699 2463 2770 apud
2488 2699 2647 2755 ovid.
2688 2701 2821 2755 Am.

1666 2773 1738 2842 ΙΙ,
1779 2776 1861 2837 16,
1898 2775 1986 2827 19:
2064 2774 2146 2842 „si
2184 2790 2498 2843 premerem
2560 2776 2821 2827 ventosas

1666 2845 1922 2899 horridus
1957 2846 2181 2915 Alpes.“
2241 2874 2309 2883 —
2354 2842 2659 2913 contraxit]
2704 2842 2819 2898 Cic.

1664 2916 1732 2971 N.
1768 2916 1835 2970 D.
1876 2916 1948 2984 11,
1984 2918 2070 2977 40.
2118 2918 2247 2969 102:
2286 2914 2419 2984 „Sol
2462 2916 2627 2970 modo
2664 2931 2817 2969 acce-

1665 2988 1817 3051 dens.
1854 2993 1977 3043 tum
2012 2992 2199 3043 autem
2225 2988 2485 3041 recedens
2524 2986 2682 3055 quasi
2718 2986 2821 3041 tri-

1664 3060 1823 3114 stitia
1860 3058 2101 3129 quadam
2126 3058 2401 3115 contrahit
2436 3064 2662 3127 terram,
2698 3062 2821 3111 tum

1664 3130 1909 3185 vicissim
1949 3130 2282 3200 laetificat“;
2332 3130 2481 3184 unde
2531 3129 2713 3199 qualis
2760 3129 2819 3182 in

1666 3202 1771 3257 hoc
1795 3203 1968 3257 verbo
1993 3203 2131 3257 insit
2152 3202 2483 3272 metaphora
2508 3201 2819 3271 intellegas.

1667 3304 1731 3313 —
1759 3274 1956 3343 Iovem]
1994 3274 2266 3344 pluvium.
2303 3274 2395 3328 Sic
2419 3272 2586 3329 Lucr.
2611 3271 2656 3339 Ι,
2683 3274 2817 3327 250:

1668 3344 1992 3413 „Postremo
2038 3350 2277 3415 pereunt
2322 3345 2545 3410 imbres,
2593 3344 2691 3398 ubi
2726 3361 2820 3399 eos

1666 3423 1829 3486 pater
1845 3417 2059 3471 Aether
2079 3418 2147 3471 In
2164 3417 2443 3489 gremium
2468 3416 2667 3471 matris
2686 3414 2819 3469 Ter·

1666 3488 1751 3542 rai
1774 3489 2196 3558 praecipitavit:
2233 3492 2313 3542 At
2338 3488 2551 3543 nitidae
2584 3491 2825 3558 surgunt

1667 3558 1859 3630 fruges
1896 3561 2151 3629 ramique
2186 3560 2470 3615 virescunt
2506 3559 2821 3614 Arboribus

1667 3632 1835 3685 cett.“
1890 3631 1961 3687 cf.
1998 3631 2167 3702 Verg.
2205 3631 2349 3685 Geor
2395 3672 2407 3683 .
2446 3632 2519 3699 11,
2554 3633 2659 3686 325
2698 3648 2821 3699 sqq.

1668 3732 1733 3742 -
1764 3702 2011 3759 Threicio
2036 3702 2333 3774 Aquilone]
2416 3703 2561 3757 iatus
2598 3703 2659 3755 in
2693 3719 2821 3772 pro·

1664 3774 1791 3843 prio
1828 3777 2052 3830 nomine
2078 3780 2135 3829 et
2159 3774 2269 3828 arsi
2296 3775 2519 3829 veniam
2555 3774 2822 3828 inveniet.

1670 3846 1836 3900 Cuius
1874 3847 1957 3901 rei
1996 3846 2252 3915 exempla
2287 3864 2353 3900 ex
2390 3845 2549 3899 Ovid.
2588 3846 2821 3900 Metam.

1667 3919 1947 3988 congessit
1982 3917 2243 3973 Loersius
2292 3918 2364 3972 ad
2400 3918 2537 3973 Met.
2574 3916 2675 3980 111,
2721 3918 2824 3970 184

1666 3988 1827 4044 haec:
1862 3989 1933 4057 11,
1969 3990 2090 4043 244.
2132 3988 2199 4057 V,
2222 3992 2344 4043 312.
2366 3990 2487 4043 409.
2507 3990 2633 4043 625.
2662 3988 2824 4056 vm,

1668 4060 1791 4115 310.
1840 4060 1939 4129 xl,
1978 4063 2064 4115 93.
2117 4059 2213 4124 lv,
2252 4062 2373 4115 535.
2411 4060 2509 4123 XI,
2550 4060 2632 4122 17,
2680 4076 2824 4128 quae

1668 4137 1857 4187 tamen
1896 4134 2084 4187 omnia
2119 4138 2343 4201 praeter
2372 4150 2547 4187 unum
2582 4131 2667 4199 (V,
2692 4132 2823 4201 625)

1666 4202 1773 4259 hoc
1825 4204 2033 4259 habent
2077 4220 2384 4273 commune,
2434 4204 2587 4273 quod
2636 4202 2825 4257 hiatus

1668 4274 1940 4329 admissus
1994 4280 2081 4331 est
2128 4276 2188 4329 in
2236 4276 2351 4330 arsi
2408 4275 2593 4345 quinti
2646 4274 2824 4343 pedis.

1668 4346 1927 4401 Ceterum
1962 4346 2033 4403 cf.
2060 4346 2241 4402 Carm.
2262 4346 2304 4413 Ι,
2326 4350 2413 4409 25.
2437 4351 2520 4400 11.
2540 4376 2609 4387 -
2632 4345 2821 4417 amici]

1668 4418 1761 4473 Sic
1796 4435 1985 4473 omnes
2035 4419 2186 4487 libri,
2232 4435 2469 4501 quorum
2516 4418 2823 4473 auctoritas

1667 4494 2009 4629 Ξῖιῖξᾯῖῃὲζ
2048 4492 2161 4615 33..
2184 4489 2825 4617 Ϋέιηῖἷωοὲῗὲῗέὲὶῗῗῗ
