3092 5059
409 240 535 304 396

1341 236 1851 305 SATIRARUM

505 426 686 501 Vita
736 424 1164 501 solutorum
1209 424 1492 499 misera
1541 423 1962 499 ambitione
2008 420 2415 520 gravique:

409 584 482 625 ιω
507 550 650 625 His
702 576 827 626 me
873 549 1234 625 consolor
1284 550 1665 625 victurum
1712 548 2019 624 suavius
2073 573 2163 623 ae
2208 547 2274 621 si

510 674 892 767 Quaestor
945 698 1129 747 avus
1165 684 1384 769 pater
1429 685 1661 771 atque
1712 698 1929 748 meus
1980 684 2453 770 patruusque
2508 670 2807 745 fuisset.

1505 868 1704 878 ————

1327 984 1659 1072 SA'mRA
1722 984 1892 1070 VII.

507 1152 930 1251 Proscripti
978 1151 1204 1248 Regis
1255 1150 1516 1248 Rupili
1567 1175 1713 1249 pus
1767 1164 1997 1249 atque
2042 1175 2418 1226 venenum

509 1276 872 1376 Hybrida
922 1300 1074 1375 quo
1127 1288 1352 1376 pacto
1407 1277 1506 1349 sit
1559 1274 1861 1350 Persius
1917 1274 2139 1370 ultus,
2198 1275 2473 1373 opinor

510 1399 886 1478 Omnibus
939 1414 1016 1479 et
1066 1401 1298 1502 lippis
1341 1414 1605 1475 notum
1662 1412 1739 1475 et
1788 1401 2225 1476 tonsoribus
2280 1426 2466 1477 esse.

507 1528 812 1603 Persius
861 1527 990 1602 hie
1039 1550 1464 1627 permagna
1515 1526 1825 1623 negotia
1878 1525 2095 1601 dives
2142 1526 2479 1601 habebat

451 1690 478 1729 r,
516 1652 1020 1749 Clazomenis,
1071 1652 1298 1729 etiam
1351 1651 1524 1727 lites
1570 1676 1740 1727 cum
1794 1652 2009 1749 Rege
2057 1651 2441 1745 molestas,

411 1871 631 1923 menter
688 1872 774 1922 est
833 1866 1223 1930 dubitandum,
1279 1886 1414 1921 num
1459 1867 1567 1921 hae

413 1944 598 1994 aetate
641 1940 883 2010 trigonis
921 1957 1123 1993 nomen
1170 1941 1286 1994 iam
1332 1956 1564 2008 usurpa·

409 2016 532 2065 tum
587 2010 762 2065 fuerit
777 2051 792 2079 ,
859 2028 986 2066 eum
1049 2014 1182 2065 ante
1244 2011 1565 2066 Martialem

409 2100 686 2152 nusquam
712 2083 950 2153 legatur.
995 2081 1256 2137 Veterem
1291 2100 1410 2137 esse
1446 2100 1566 2137 cor-

409 2155 692 2224 ruptelam
747 2158 934 2224 patet.
983 2159 1168 2210 ortam
1213 2154 1452 2210 fortasse
1497 2172 1568 2209 ex

409 2227 598 2297 glossa
649 2228 708 2280 in
761 2243 854 2279 ma
986 2244 1016 2280 e
1081 2226 1402 2296 explicandi
1455 2226 1567 2281 loci

407 2316 576 2353 causa
601 2298 811 2352 addita.
854 2244 1060 2353 &dit-bui
1083 2298 1382 2353 lectionem
1407 2303 1566 2353 tuen—

409 2374 505 2424 tur
557 2370 728 2425 etiam
791 2370 1159 2439 perantiquus
1209 2370 1382 2425 codex
1431 2369 1567 2423 Bar-

411 2442 609 2496 cellou.
671 2440 966 2497 Hauthalii
1011 2446 1070 2496 et
1116 2442 1318 2511 optimi
1356 2440 1568 2495 Kelleri

411 2530 628 2581 omnes3
687 2512 859 2567 etiam
912 2512 1244 2569 scholiastae
1299 2517 1357 2567 et
1407 2513 1567 2567 Com-

352 2651 359 2658 ·
408 2589 578 2639 ment.
629 2585 796 2653 Cruq.
843 2584 940 2653 qui
995 2585 1142 2639 male
1192 2586 1567 2654 interpretan-

407 2660 504 2709 tur
563 2656 682 2709 dies
747 2655 1106 2710 caniculares.
1165 2688 1232 2697 -
1287 2657 1567 2726 quaestor]

409 2726 630 2782 Primus
677 2726 772 2781 hie
815 2728 1092 2781 maiorum
1141 2728 1442 2791 honorum,
1493 2729 1569 2782 ad

411 2814 578 2867 quem
638 2798 735 2867 qui
785 2799 965 2853 nobili
1029 2800 1152 2855 loeo
1211 2804 1396 2855 essent
1447 2800 1567 2854 nati

411 2869 642 2939 plurimi
681 2877 1074 2939 pervenerunt.
1114 2872 1426 2939 Quaestum
1462 2872 1565 2943 igi-

411 2946 508 2995 tur
533 2942 755 3011 generis
781 2943 1046 2998 nobilitas
1073 2946 1208 2999 satis
1235 2944 1566 3013 explicatur.

771 3054 1053 3111 Satira
1089 3055 1208 3113 VII.

483 3151 690 3206 Facete
751 3152 1020 3207 describit
1073 3152 1344 3207 Horatius
1407 3153 1567 3207 litem

415 3240 584 3294 quam
627 3222 850 3279 Persius
905 3225 1135 3294 quidam
1183 3224 1567 3279 Clazomenius

410 3242 471 3349 P.
496 3294 726 3378 Rupilio
747 3294 890 3367 Regi
912 3296 1064 3365 apud
1084 3296 1362 3351 Brutum
1345 3314 1406 3349 m
1429 3298 1569 3351 Asia

415 3367 714 3435 imperium
749 3372 1030 3423 tenentem
1067 3368 1204 3423 olim
1229 3368 1567 3423 intenderat.

416 3438 518 3492 Cui
527 3438 610 3493 rei
625 3439 920 3507 probabile
939 3439 1059 3493 est
1043 3456 1228 3509 ipsum
1245 3438 1567 3495 interfuisse

414 3510 728 3565 Horatium.
751 3510 976 3565 Summa
989 3516 1179 3566 autem
1202 3511 1420 3580 lepidae
1439 3529 1567 3565 nar·

413 3582 648 3636 rationis
667 3582 908 3637 videnda
927 3588 1014 3637 est
1040 3584 1098 3636 in
1127 3582 1330 3638 festiva
1346 3584 1569 3637 ratione

413 3670 523 3722 qua
537 3652 752 3723 Rupilii
763 3672 1072 3737 cognomen
1091 3654 1322 3710 luditur.
1343 3657 1428 3709 Ac
1443 3656 1568 3710 veri

409 3723 594 3779 simile
613 3730 714 3791 est,
736 3726 975 3795 primam
995 3726 1142 3781 hanc
1159 3743 1276 3781 esse
1291 3726 1441 3781 inter
1453 3727 1565 3781 Ho-

411 3797 544 3851 ratii
569 3797 788 3859 satiras,
807 3798 1075 3867 scriptam
1093 3798 1245 3852 haud
1277 3799 1360 3853 ita
1385 3799 1567 3853 multo

410 3872 540 3937 post
573 3886 740 3937 quam
777 3886 845 3923 ex
880 3868 1210 3925 Macedonia
1245 3870 1303 3923 in
1341 3870 1569 3924 Italiam

411 3943 578 4009 poeta
603 3957 858 3995 reversus
881 3946 1040 3996 esset.
1063 3941 1206 3997 Nam
1229 3942 1352 4009 quis
1375 3942 1569 3996 credat

411 4012 752 4066 levissimam
787 4012 946 4066 illam
995 4030 1116 4067 rem
1147 4030 1244 4067 sex
1281 4016 1567 4081 septemve

413 4083 574 4137 annis
593 4088 721 4153 post
733 4084 814 4137 ita
823 4084 1172 4155 divulgatam
1193 4085 1365 4138 etiam
1375 4084 1563 4153 fuisse,

411 4158 476 4208 ut
507 4158 642 4209 nota
668 4155 924 4209 omnibus
959 4162 1016 4210 et
1043 4156 1214 4225 lippis
1241 4160 1299 4209 et
1323 4156 1563 4211 tonsori-

413 4226 518 4280 bus
555 4226 666 4280 diei
699 4218 924 4296 posset?
959 4227 1174 4281 Deinde
1206 4228 1565 4282 vehementer

411 4298 720 4353 cavendum
764 4304 865 4353 est.
903 4315 972 4352 ne
1019 4299 1144 4367 quis
1182 4298 1346 4353 Bruti
1383 4299 1563 4353 levem

411 4370 654 4440 aliquem
681 4374 1064 4439 contemptum
1097 4372 1158 4423 in
1183 4371 1359 4425 satira
1385 4372 1565 4425 inesse

411 4446 576 4511 putet
629 4441 868 4509 indeque
929 4441 1294 4511 posteriorem
1355 4460 1563 4497 annum

413 4513 572 4580 quasi
603 4512 850 4567 natalem
873 4514 1014 4567 velit
1049 4512 1286 4567 efficere.
1325 4513 1563 4569 Horatio

413 4582 576 4636 Bruti
629 4585 900 4638 memoria
953 4600 1172 4653 semper
1224 4602 1384 4639 sacra
1435 4585 1563 4655 fuit,

1659 1867 1829 1921 etiam
1894 1884 2021 1921 cum
2096 1866 2322 1921 omnino
2386 1866 2609 1921 deditus
2666 1872 2815 1922 esset

1658 1938 1969 1993 Maecenati
1995 1937 2401 2008 Octavianique
2435 1938 2710 2007 partibus.
2738 1938 2811 1993 cf.

1665 2010 1846 2065 Carm.
1872 2010 1946 2077 11,
1984 2012 2034 2063 7.
2071 2009 2251 2079 Epist.
2290 2010 2334 2077 Ι,
2370 2012 2458 2079 20,
2496 2012 2583 2064 28.
2622 2010 2815 2081 'hu-pe

1662 2098 1793 2136 sane
1836 2081 2052 2136 facinus
2094 2081 2307 2147 fuisset,
2354 2082 2403 2137 si
2444 2082 2713 2137 Horatius
2760 2100 2813 2137 a.

1660 2157 1692 2207 7
1700 2156 1784 2223 18,
1820 2170 1935 2224 quo
1980 2154 2079 2208 alii
2114 2158 2321 2223 putant
2362 2154 2635 2224 scriptam
2678 2154 2813 2209 sati·

1660 2242 1808 2290 ram,
1854 2226 2051 2294 quinto
2098 2243 2242 2279 anno
2286 2230 2414 2295 post
2457 2226 2703 2280 reditum
2749 2226 2813 2280 in

1660 2296 1885 2351 Italiam
1898 2336 1911 2359 ,
1981 2296 2223 2352 Brutum
2285 2297 2512 2366 oblique
2578 2302 2814 2368 tangere

1662 2386 1826 2422 ausus
1864 2373 2024 2434 esset,
2068 2368 2290 2437 turpius
2334 2370 2508 2423 etiam
2556 2386 2723 2438 quam
2762 2369 2815 2425 si

1661 2440 1809 2493 idem
1846 2440 2069 2495 fecisset
2105 2458 2251 2495 anno
2288 2440 2401 2495 iam
2439 2442 2559 2494 713.
2631 2440 2716 2495 Ne
2752 2441 2815 2495 in

1662 2511 1943 2567 tricesimo
1970 2517 2171 2581 quarto
2199 2512 2426 2581 quidem
2449 2530 2617 2567 versu
2658 2512 2813 2581 quic-

1661 2601 1831 2651 quam
1858 2584 2005 2638 inest
2036 2584 2267 2654 maligni
2301 2587 2402 2638 aut
2424 2584 2814 2639 contumeliosi

1668 2656 1729 2708 in
1748 2655 1987 2709 Brutum
2016 2659 2116 2709 aut
2151 2656 2375 2710 caedem
2398 2654 2680 2725 Caesaris3
2716 2656 2815 2709 sed

1660 2727 1802 2781 salse
1838 2728 1991 2781 dicta
2026 2745 2091 2781 ea
2128 2731 2259 2780 sunt
2293 2728 2352 2781 in
2387 2726 2601 2799 Regem
2638 2726 2814 2796 Rupi-

1660 2799 1801 2853 lium
1814 2839 1828 2867 ,
1888 2799 2089 2867 quibus
2152 2799 2323 2853 etiam
2372 2799 2815 2869 simplicissimus

1660 2869 1950 2939 Brutoque
2003 2870 2383 2925 deditissimus
2438 2870 2677 2939 quisque
2722 2870 2817 2925 vel

1660 2946 1955 3011 praesente
1994 2941 2171 2997 Bruto
2218 2942 2545 2996 innocenter
2592 2942 2680 2995 uti
2714 2959 2815 3011 po·

1660 3014 1791 3068 tuit.
1879 3016 2149 3068 Attamen
2196 3030 2307 3067 non
2352 3018 2505 3068 reete
2548 3013 2817 3068 videntur

1662 3085 1937 3139 iudicasse
1982 3086 2079 3154 qui
2120 3086 2269 3140 inter
2304 3085 2815 3155 praestantissimas

1662 3157 1863 3213 satiras
1899 3157 2045 3212 hanc
2068 3174 2291 3227 quoque
2313 3156 2629 3212 habendam
2664 3157 2813 3212 arbi-

1660 3229 1799 3282 trati
1837 3232 1984 3282 sunt.

1734 3300 1799 3354 V.
1820 3300 1865 3353 1
1896 3300 2066 3370 Regis
2084 3299 2301 3369 Rupili]
2322 3298 2382 3354 P.
2406 3300 2667 3368 Rupilius
2688 3300 2813 3355 Rex

1661 3371 2075 3437 Praenestinus,
2112 3388 2279 3440 eques
2307 3370 2593 3427 Romanus
2629 3390 2679 3426 a.
2706 3374 2815 3426 ⁷02

1660 3410 2817 3583 ffitffsstfiffi.ffi¹.}2¹32?{”ff0ss¹;.⁸;2h.zffiss

1662 3586 1845 3641 factus
1890 3586 1987 3641 sed
2034 3586 2345 3641 Octaviano
2406 3589 2636 3640 auctore
2686 3602 2819 3656 pro-

1662 3658 1903 3728 scriptus
1928 3657 2001 3711 ad
2021 3657 2261 3711 Brutum
2282 3656 2541 3727 confugit
2574 3658 2634 3711 in
2672 3658 2815 3713 eius-

1663 3746 1769 3797 que
1816 3730 2146 3783 comitatum
2190 3732 2449 3799 receptus
2492 3733 2595 3783 est.
2642 3728 2713 3783 cf.
2758 3746 2816 3783 v.

1666 3803 1752 3853 26.
1802 3801 2067 3855 Consulto
2105 3800 2373 3855 Horatius
2410 3816 2718 3871 cognomen
2754 3800 2815 3854 in

1662 3873 1853 3942 priore
1908 3874 2029 3927 loco
2088 3872 2305 3941 posuit,
2352 3888 2465 3941 quo
2530 3878 2815 3927 certamen

1662 3944 1892 4013 aliquod
1936 3945 2183 3998 oriretur
2236 3944 2387 3997 inter
2435 3946 2815 4029 proscriptum

1664 4020 1721 4070 et
1758 4014 1997 4085 Regem3
2044 4033 2109 4071 ac
2160 4020 2453 4099 praeterea
2500 4016 2685 4070 iocosa
2730 4016 2816 4069 vis

1662 4087 1869 4170 leporis
1906 4091 2029 4142 tota
2065 4087 2251 4157 posita
2288 4092 2371 4140 est
2398 4087 2455 4141 in
2481 4086 2590 4141 hoc
2612 4104 2677 4141 co

1662 4160 1829 4213 mine.
1870 4186 1933 4199 —
1975 4158 2225 4229 Persius]
2264 4158 2649 4213 Clazomenius
2714 4159 2817 4225 uit,

1660 4234 1824 4299 patre
1861 4230 2127 4298 AsiatieO,
2163 4234 2345 4283 matre
2370 4230 2649 4298 Romana3
2686 4230 2817 4283 inde

1662 4300 1903 4370 hybrida
1948 4302 2178 4355 dicitur.
2251 4300 2368 4355 Iam
2408 4301 2455 4354 si
2501 4302 2639 4371 quid
2684 4301 2819 4355 licet

1661 4373 1920 4427 divinare
1956 4373 2025 4427 de
2059 4372 2167 4427 hac
2203 4373 2318 4438 lite,
2337 4372 2591 4427 Persium
2630 4374 2819 4443 cogita

1662 4448 2035 4498 mercaturam
2074 4444 2270 4498 fecisse
2318 4444 2617 4499 frumentis
2663 4444 2815 4499 colli-

1660 4514 1861 4587 gendis
1914 4532 1979 4569 ac
2030 4514 2363 4582 dividendis,
2418 4514 2491 4570 cf.
2538 4534 2591 4571 v.
2628 4516 2692 4583 4,
2756 4514 2817 4570 id

1662 4587 1813 4657 quod
1867 4586 2159 4655 probabile
2204 4586 2271 4642 fit
2318 4604 2389 4642 ex
2442 4586 2817 4643 contumeliae
