3092 5059
1091 250 1250 317 LIB.
1295 250 1343 317 Ῑ.
1391 248 1641 317 ΟΑΒΜ.
1686 250 1801 318 ΙΧ.
2568 248 2647 315 57

551 434 865 514 Soracte
917 464 1058 515 nec
1105 439 1262 515 iam
1314 442 1744 517 sustineant
1794 466 1984 516 onus

668 560 925 637 Silvae
977 560 1414 639 laborantes
1464 562 1803 662 geluque

746 684 1102 763 Flumina
1159 687 1641 764 constiterint
1692 700 1936 764 acuto.

477 869 506 911 ε
545 836 898 911 Dissolve
951 836 1200 935 frigus
1243 837 1460 936 ligna
1509 864 1740 935 super
1790 839 1970 915 foco

545 960 800 1059 Large
849 986 1254 1059 reponens,
1303 976 1533 1062 atque
1584 964 1988 1061 benignius

665 1088 1052 1185 Deprome
1095 1088 1587 1188 quadrimum
1640 1088 1946 1187 Sabina,

751 1210 819 1289 Ο
876 1212 1358 1309 Thaliarche,
1413 1241 1715 1291 merum
1770 1216 2002 1294 diota.

547 1362 917 1440 Permitte
970 1364 1165 1439 divis
1222 1377 1494 1460 cetera,
1550 1368 1683 1466 qui
1736 1368 1967 1443 simul

455 1522 507 1561 ιο
545 1490 900 1567 Sti-avere
953 1503 1219 1565 ventos
1270 1515 1609 1589 aequore
1666 1492 1966 1567 fervido

646 1614 1250 1714 Deproeliantes,
1302 1642 1448 1693 nec
1503 1619 1847 1714 cupressi

745 1740 903 1816 Nec
954 1754 1250 1816 veteres
1293 1743 1682 1841 agitantur
1734 1745 1929 1819 orni.

547 1888 758 1983 Quid
811 1892 908 1966 sit
958 1892 1310 1967 futurum
1363 1918 1551 1989 cras,
1612 1896 1800 1992 fuge
1855 1920 2227 1995 quaerere
2281 1907 2356 1970 et

545 2016 798 2108 Quem
851 2017 1012 2092 fors
1070 2018 1369 2093 dierum
1431 2044 1758 2119 cumque
1812 2019 2025 2096 dabit
2075 2020 2293 2095 lucro

457 2174 508 2215 ιε,
649 2140 1006 2241 Appone,
1057 2169 1202 2220 nec
1247 2144 1510 2221 dulces
1566 2170 1863 2221 amores

749 2266 1039 2369 Sperne
1092 2295 1287 2367 puer
1338 2296 1611 2369 neque,
1643 2283 1726 2344 tu
1780 2270 2118 2365 choreas,

232 2499 355 2565 diis,
388 2500 489 2568 qui
531 2501 600 2553 ut
636 2500 997 2568 tempestates
1023 2516 1218 2555 sereno
1246 2502 1398 2555 caelo

232 2572 500 2642 mitigare
537 2570 741 2639 solent,
789 2571 870 2624 sic
907 2570 1108 2639 quibus
1143 2590 1244 2626 nos
1283 2590 1398 2627 mo·-

233 2660 428 2697 vemur
471 2642 626 2696 curis
679 2660 771 2695 eas
823 2658 1042 2710 quoque
1079 2644 1396 2698 delebunt!

238 2713 614 2769 ssaEarcRus
652 2718 738 2767 est
771 2730 1036 2783 graecum
1074 2734 1279 2770 nomen
1315 2734 1398 2770 so-

233 2786 374 2840 dalis
432 2786 694 2839 alicuius.
769 2786 1032 2841 Imitatus
1089 2794 1172 2841 est
1223 2788 1398 2843 Hora-

237 2858 348 2911 tius
403 2856 676 2911 Alcaeum
723 2856 1125 2921 (Schneidewin
1173 2859 1295 2913 Del.
1345 2878 1398 2929 p.

237 2928 388 2996 273):
452 2924 602 2997 „‘'Yeae
653 2928 765 2995 μὲν
808 2926 840 2981 ὁ
877 2923 1030 2998 Ζεύς,
1083 2931 1146 2984 ἐκ
1189 2931 1240 2982 ‹5’
1279 2926 1402 3001 ὀρα-

237 2970 639 3140 gffdrgjnygffoet.
639 2994 1400 3157 Χῖἕὲἔαλλῗῗὶῖγὲἓιῖωιξξ,

239 3144 328 3197 ἐπὶ
374 3143 490 3215 μὲν
550 3145 727 3201 τιθεὶς
779 3144 920 3212 Πῦρ,
978 3146 1040 3199 ev
1083 3145 1146 3197 δὲ
1196 3151 1403 3233 κίρναις

241 3194 390 3269 οἶνον
392 3212 710 3299 ἀφειδέως
745 3210 1050 3301 Μελιχρόν,
1087 3212 1254 3285 αὐτὰρ
1291 3214 1402 3304 ἀμ-

241 3290 306 3356 φὶ
341 3281 522 3357 κόρσα
549 3286 874 3340 Μαλθακὸν
908 3283 1239 3359 ἀμφιῂίθει]
1275 3284 1402 3359 γνό-

243 3358 503 3427 ‹pau-ov!
544 3384 617 3396 —
655 3356 852 3411 Totius
891 3360 1154 3414 carminis
1199 3366 1402 3415 natura

243 3430 472 3485 suadere
535 3428 784 3493 videtur,
843 3434 908 3485 ut
969 3448 1191 3485 carmen
1252 3433 1402 3487 haud

245 3502 323 3554 ita
395 3502 582 3555 multo
647 3505 778 3569 post
845 3504 1124 3571 proelium
1192 3503 1402 3575 Philip·

243 3590 406 3641 pense
459 3572 738 3641 scriptum
787 3590 906 3628 esse
955 3576 1262 3643 credamus,
1314 3593 1402 3629 eo·-

247 3644 368 3697 dem
423 3644 544 3699 fere
603 3648 856 3769 tempore
917 3662 1027 3713 quo
1082 3646 1439 3715 Epod.18,·

246 3716 390 3785 quod
441 3731 672 3771 carmen
761 3734 853 3771 uic
899 3722 958 3772 et
1002 3736 1064 3772 re
1109 3725 1168 3772 et
1215 3719 1404 3773 verbis

251 3787 596 3841 simillimum
636 3792 736 3841 est.

314 3857 378 3912 V.
421 3862 469 3911 1.
528 3856 660 3927 stet]
700 3860 859 3915 Stare
895 3878 984 3915 res
1021 3860 1171 3931 apud
1212 3866 1403 3929 poetas

253 3928 529 3997 dicuntur,
568 3946 710 3999 quae
746 3932 829 3986 ita
853 3936 1049 4002 operta
1087 3938 1144 3986 et
1177 3934 1404 4001 oppleta

252 4007 376 4056 sunt
411 4007 476 4056 ut
513 4002 732 4055 moveri
767 4003 880 4057 iam
917 4020 1030 4057 non
1060 4004 1291 4073 possint.
1333 4004 1402 4059 cf.

252 4072 412 4144 Vei-g.
450 4077 593 4127 Aen.
623 4072 714 4139 VI,
756 4076 876 4128 300.
919 4074 1041 4143 XII,
1079 4076 1201 4129 408.
1243 4076 1401 4130 Clau·

254 4144 393 4199 dian.
429 4145 500 4199 de
539 4144 690 4199 laud.
729 4145 944 4201 Stilich.
971 4148 1014 4208 Ι,
1041 4148 1174 4201 257:
1218 4152 1404 4216 „stant

253 4216 473 4283 pulvere
511 4216 736 4284 Syrtes“
757 4238 771 4288 ;
818 4218 967 4287 quod
1003 4219 1075 4273 ad
1131 4218 1401 4274 inanima-

253 4292 334 4341 tas
383 4305 604 4357 quoque
659 4306 746 4343 res
795 4290 903 4345 hoc
939 4290 1172 4346 verbum
1222 4296 1400 4345 trans-

259 4358 448 4427 fertur,
484 4360 542 4414 id
579 4360 696 4414 noli
731 4361 946 4429 mirari,
984 4364 1248 4431 quoniam
1273 4380 1401 4431 poe-

257 4430 326 4484 tis
359 4400 568 4499 ubique
602 4437 788 4486 motus
813 4438 898 4487 est
935 4438 991 4487 et
1019 4434 1154 4489 vita.
1181 4464 1250 4473 —-
1267 4433 1404 4488 Par-

259 4502 424 4556 ticula
463 4508 526 4557 ut
572 4521 700 4557 cum
741 4505 998 4573 sequitur
1044 4506 1280 4560 verbum
1326 4506 1404 4560 vi·

264 4572 438 4643 ciendi,
477 4574 698 4644 similia,
739 4592 883 4645 quae
919 4576 1038 4632 eius
1068 4594 1174 4647 ope
1211 4577 1404 4631 adiun-

1493 2500 1652 2571 gitur
1688 2499 1965 2554 sententia
2012 2516 2127 2553 ιιοιι
2170 2516 2274 2569 pro
2310 2498 2531 2553 obiecto
2564 2502 2650 2553 est

1497 2572 1647 2641 quod
1682 2588 1963 2634 vocamus,
2013 2570 2110 2625 sed
2156 2569 2495 2624 describitur
2538 2586 2651 2639 qua

1493 2645 1715 2697 ratione
1762 2642 1879 2698 fiat.
1954 2642 2134 2697 Carm.
2188 2642 2240 2709 Ι,
2295 2645 2375 2703 14,
2424 2642 2473 2695 3.
2547 2641 2649 2709 ΙΠ,

1499 2717 1590 2783 10,
1641 2717 1691 2769 7.
1765 2714 1873 2783 111,
1910 2718 1969 2782 4,
2010 2716 2092 2768 17.
2140 2716 2225 2769 42.
2301 2714 2413 2780 ΠΙ,
2450 2714 2512 2781 ’1,
2565 2716 2648 2767 13.

1495 2816 1563 2825 —-
1620 2786 1957 2856 laborantes]
2014 2784 2085 2840 cf.
2140 2784 2319 2840 Carm.
2366 2784 2439 2852 11,
2486 2786 2537 2853 9,
2595 2786 2647 2838 7.

1494 2858 1616 2913 Hoc
1642 2875 1861 2943 quoque
1898 2874 1967 2911 ex
2008 2857 2193 2911 studio
2231 2861 2529 2927 poetarum
2562 2856 2647 2909 in-

1497 2931 1761 2985 animatis
1822 2946 2043 2998 quoque
2112 2928 2280 2983 rebus
2342 2929 2520 2981 vitam
2591 2932 2651 2983 et

1493 3018 1686 3056 sensus
1733 3001 2037 3055 tribuendi.
2087 3030 2153 3040 -
2206 2998 2497 3071 reponens]
2547 3016 2651 3069 per

1494 3090 1700 3127 servos.
1768 3100 1837 3112 --
1897 3072 2147 3142 deprome
2203 3070 2413 3126 Sabina
2472 3070 2648 3211 diota}

1499 3146 1669 3199 Diota
1705 3143 1991 3198 vasculum
2018 3147 2103 3197 est
2126 3144 2263 3197 duas
2290 3159 2451 3197 aures
2488 3134 2624 3208 (ὦτα

1493 3217 1722 3285 habens,
1772 3216 2055 3285 utrimque
2102 3218 2376 3281 ansatum,
2430 3213 2491 3267 in
2538 3230 2648 3283 quo

1497 3289 1689 3342 vinum
1751 3286 2113 3341 condebatur.
2196 3286 2402 3341 Sabina
2462 3290 2649 3339 autem

1496 3359 1815 3430 appellatur
1868 3363 2102 3429 propter
2146 3358 2341 3411 vinum
2392 3355 2542 3425 quod
2588 3357 2649 3410 in

1496 3450 1562 3486 ea
1626 3435 1990 3487 conservatur
2045 3430 2331 3498 Sabinum,
2385 3446 2497 3482 non
2552 3446 2647 3482 no·

1494 3504 1609 3557 bile
1670 3502 1895 3572 quidem
1970 3501 2067 3557 sed
2124 3518 2238 3555 non
2299 3500 2647 3555 vilissimum.

1500 3603 1563 3614 —
1618 3573 1806 3645 simul]
1859 3574 1988 3627 vide
2040 3573 2112 3628 ad
2159 3572 2340 3627 Carm.
2391 3572 2437 3640 Ι,
2476 3571 2650 3640 4,17.

1494 3676 1566 3685 —
1626 3645 1883 3727 stravere]
1948 3644 2158 3698 Ventos
2212 3647 2463 3699 sternere
2522 3658 2651 3713 poe-

1497 3718 1673 3771 ticum
1712 3722 1826 3783 est3
1864 3717 1923 3769 in
1958 3716 2215 3770 oratione
2240 3714 2475 3770 dicimus
2512 3730 2653 3771 com·

1487 3804 1721 3859 pascere,
1741 3788 1947 3843 sedare.
1974 3816 2041 3827 -
2066 3788 2200 3857 fuya
2220 3786 2493 3857 quaerere]
2521 3786 2651 3840 vide

1496 3878 1665 3930 supra
1704 3860 1776 3913 ad
1814 3858 1993 3913 Carm-
2032 3860 2077 3927 Ι,
2122 3862 2168 3926 1,
2206 3861 2257 3912 8:
2312 3859 2398 3913 De
2432 3862 2650 3913 senten-

1496 3932 1579 3986 tia
1628 3931 1695 3985 cf.
1738 3931 1935 4001 Eurip.
1974 3931 2093 3986 Alc.
2136 3932 2244 3984 800
2281 3932 2429 3999 sqq-2
2498 3927 2655 4014 ,,Τὸν

1494 4004 1624 4056 καθ’
1680 4000 1894 4073 ἡμέραν
1954 4008 2097 4055 Blov
2161 4004 2374 4071 λογίζου
2430 3998 2535 4054 σὸν
2586 3996 2653 4051 τὰ

1496 4074 1549 4127 δ’
1606 4068 1741 4127 alla
1795 4076 1887 4139 τῆς
1950 4069 2013 4127 τύ
2056 4090 2136 4139 ης·
2210 4078 2361 4142 Τίμα
2430 4070 2493 4124 δὲ
2562 4074 2654 4123 καὶ

1493 4143 1593 4213 τὴν
1636 4149 1897 4201 πλεῖστον
1952 4143 1984 4211 ἧ
2024 4150 2183 4210 ίστην
2238 4144 2387 4197 θεῶν
2435 4136 2656 4212 Κύπριν

1495 4224 1792 4288 βροτοῖσι).
1802 4218 1829 4245 “
1904 4218 2115 4272 Archil.
2180 4216 2247 4269 fr.
2295 4216 2365 4268 49
2428 4212 2651 4269 Schnei-

1495 4290 1721 4345 dewin.:
1763 4295 1929 4357 ,,Τοῑζ·
1954 4294 2104 4348 θεοῖς
2137 4292 2281 4339 τίθει
2317 4282 2383 4338 τὰ
2417 4282 2649 4340 πάνταέ*

1495 4391 1563 4401 -
1617 4330 1787 4430 fores
1818 4360 1937 4414 Alii
1987 4376 2121 4441 sors,
2167 4358 2265 4412 sed
2310 4375 2431 4412 sors
2487 4376 2650 4413 even-

1495 4437 1588 4487 tus
1630 4436 1731 4499 est,
1769 4450 1883 4486 non
1908 4433 2029 4501 ipsa
2062 4430 2147 4483 vis
2172 4429 2296 4484 fati.
2338 4429 2539 4484 Catull.
2560 4430 2651 4498 64,

1501 4505 1603 4557 169
1662 4521 1859 4567 „saeva
1917 4503 2033 4559 fors
2093 4502 2267 4556 etiam
2310 4502 2517 4556 nostris
2568 4502 2651 4555 in-

1497 4575 1645 4630 vidit
1680 4575 1967 4645 questibus
2010 4590 2185 4629 aures.
2194 4572 2221 4602 ‘⁴
2258 4602 2324 4613 —-
2350 4572 2516 4643 puer]
2557 4572 2651 4626 do·
