3092 5059
425 202 547 267 184

1373 203 1703 271 ΟΑΒΜῙΝ
1708 204 1832 272 UM

821 391 1096 468 Fertur
1136 392 1461 492 pudicae
1517 391 1867 488 coniugis
1920 390 2263 466 osculum

819 516 1264 616 Parvosque
1313 530 1530 592 natos
1584 529 1671 591 ut
1724 516 1991 616 capitis
2042 516 2294 590 minor

918 639 1045 715 Ab
1099 667 1183 717 se
1233 642 1653 719 removisse
1701 655 1777 717 et
1822 641 2123 716 virilem

1016 767 1313 842 Torvus
1368 766 1583 843 humi
1632 767 1978 866 posuisse
2026 765 2344 862 vultum,
2426 789 2431 795 ·

736 947 788 989 ιε
822 917 1085 994 Donec
1132 916 1478 994 labantes
1531 917 1853 994 consilio
1905 928 2158 1014 patres

818 1040 1198 1117 Firmaret
1245 1053 1510 1119 auctor
1561 1065 1956 1140 nunquam
2008 1040 2197 1116 alias
2249 1040 2428 1117 dato

921 1167 1290 1266 Interque
1340 1179 1772 1244 maerentes·
1816 1167 2097 1243 amicos

1019 1291 1397 1391 Egregius
1451 1304 1904 1392 properaret
1957 1290 2192 1368 exsul.

826 1439 1066 1541 Atqui
1107 1441 1394 1518 sciebat
1449 1465 1647 1542 quae
1694 1440 1840 1516 sibi
1890 1441 2261 1518 barbarus

743 1597 794 1638 ω
829 1567 1108 1643 Tortor
1157 1579 1504 1668 pararet:
1556 1592 1712 1642 non
1763 1566 1983 1642 aliter
2030 1578 2289 1643 tamen

912 1692 1252 1768 Dimovit
1303 1693 1688 1768 obstantes
1738 1691 2217 1792 propinquos

1023 1816 1122 1892 Et
1171 1816 1544 1915 populum
1597 1815 1887 1892 reditus
1938 1827 2389 1910 morantem,

827 1967 1079 2059 Quam
1131 1967 1197 2042 si
1246 1967 1604 2043 clientum
1658 1966 1897 2063 longa
1946 1966 2256 2064 negotia

824 2093 1257 2170 Diiudicata
1307 2091 1442 2168 lite
1485 2092 1961 2190 relinqueret

749 2253 797 2291 55
933 2217 1288 2294 Tendens
1338 2215 1822 2292 Venafranos
1872 2217 1954 2292 in
1975 2240 2234 2325 ‘agros

1023 2341 1182 2418 Aut
1231 2340 1930 2419 Lacedaemonium
1975 2342 2415 2418 Tarentum.

1329 2663 1712 2750 GARMEN
1776 2665 1907 2751 VI.

824 2832 1125 2909 Delicta
1173 2833 1552 2908 maiorum
1602 2830 2025 2907 immeritus
2078 2831 2261 2928 lues,

427 3055 578 3109 tibus
620 3053 690 3109 de
723 3054 966 3109 victoria
998 3053 1462 3108 contendentibus
1489 3052 1572 3107 di·

426 3126 723 3182 micatur.“
801 3125 892 3180 Sic
931 3124 1014 3180 bis
1047 3143 1116 3179 ex
1151 3125 1296 3186 duis,
1332 3125 1504 3179 boum
1540 3141 1573 3178 e

427 3197 646 3253 dnonas
695 3227 762 3236 —
817 3196 1116 3267 probrosis]
1177 3196 1396 3251 Probra
1446 3213 1571 3250 cum

424 3269 696 3324 dedecore
717 3275 848 3323 sunt
867 3269 1184 3336 coniuncta3
1213 3285 1386 3337 quare
1423 3267 1573 3335 quod

425 3341 726 3410 imperium
747 3339 1064 3394 Romanum
1087 3358 1120 3393 a
1139 3339 1340 3394 Poenis
1358 3339 1575 3393 victum

425 3413 650 3466 ruinam
694 3412 961 3474 minatur,
1009 3412 1126 3465 eius
1171 3412 1255 3465 rei
1291 3413 1456 3480 culpa
1487 3415 1575 3464 est

425 3485 485 3537 in
517 3483 892 3555 ignominiosa
927 3483 1136 3537 civium
1173 3483 1415 3552 ignavia.
1455 3481 1577 3535 Sibi

426 3555 535 3624 ipsi
577 3556 841 3608 irascitur
880 3554 1144 3624 Regulus.

496 3625 564 3677 V.
601 3625 689 3678 42.
726 3625 930 3695 capitis
966 3624 1166 3694 minor]
1218 3623 1448 3694 „Capite
1483 3623 1577 3678 de-

427 3695 674 3750 minutus
712 3701 836 3751 erat
872 3697 972 3766 qui
1023 3696 1081 3750 in
1130 3695 1373 3750 hostium
1421 3700 1576 3764 pote-

426 3771 628 3822 statem
656 3768 824 3822 venit.
831 3767 856 3796 “
896 3767 1127 3835 Festus;
1163 3767 1234 3822 cf.
1253 3767 1378 3821 Liv.
1398 3766 1578 3835 XXII,

427 3840 512 3892 60.
564 3839 795 3908 Triplex
843 3845 966 3894 erat
1013 3809 1212 3928 capitis
1249 3839 1575 3893 deminutiO.

425 3909 529 3964 Dio
561 3909 769 3995 fragm.
813 3913 938 3964 153.
995 3914 1120 3978 „acal
1153 3906 1218 3968 ὃς
1251 3904 1317 3962 τά
1351 3927 1408 3962 τε
1441 3903 1577 3962 ἄλλα

423 3977 680 4069 ικαθάπερ
751 4001 829 4040 τις
893 3951 1274 4052 Καρχηδόνιος
1335 3976 1450 4032 ἀλλ’
1513 3977 1578 4034 οὗ

423 4051 695 4124 Ῥωμαῖος
744 4071 822 4107 ων
864 4053 1121 4121 ἔπραττε,
1164 4057 1256 4106 καὶ
1302 4044 1426 4106 οὔτε
1477 4049 1579 4118 τὴν

423 4132 654 4208 γυναῖκα
679 4126 736 4183 ἐς
767 4119 960 4208 λόγους
993 4124 1214 4184 ἐδέξατο
1243 4117 1362 4178 οὔτε
1391 4123 1446 4182 ἐς
1479 4119 1579 4189 τὴν

423 4190 550 4248 πόλι
533 4215 588 4250 ιν
645 4191 898 4263 καθάπερ
958 4197 1244 4262 ἐκβληθεὶς
1301 4195 1573 4262 &cipi-9⁸1&

427 4297 496 4307 —
525 4268 734 4335 torvus]
759 4267 828 4320 cf.
855 4266 1014 4322 Ovid.
1041 4267 1174 4322 Met.
1197 4267 1261 4330 V,
1280 4267 1368 4322 92.
1405 4266 1573 4337 Verg.

428 4337 628 4408 Geor.
665 4339 764 4404 111,
791 4339 875 4392 51.
915 4335 1188 4407 ταυρηδὸν
1222 4337 1576 4406 ὑποβλέπειν.

533 4410 722 4478 tortor]
763 4409 833 4464 cf.
875 4409 984 4465 Cic.
1022 4411 1091 4464 de
1128 4410 1428 4479 off.1,13.
1473 4410 1575 4479 111,

429 4479 516 4532 27.
553 4507 620 4518 —
665 4480 900 4549 reditus]
946 4481 1162 4535 Plurali
1202 4499 1434 4536 numero
1480 4480 1573 4535 de·-

431 4550 712 4620 scribitur,
758 4552 974 4620 saepius
1018 4552 1286 4622 populum
1331 4557 1576 4607 tentasse

1666 3051 1947 3124 Regulum
2015 3072 2049 3107 a
2113 3052 2305 3109 reditu
2363 3055 2692 3124 prohibere.
2760 3087 2833 3098 —

1667 3124 1854 3194 lonya]
1892 3124 2066 3179 taedii
2102 3127 2283 3196 plena.
2326 3155 2392 3166 —
2452 3125 2833 3198 Venafranos]

1668 3196 1728 3248 in
1774 3195 2075 3264 Campania
2127 3199 2279 3252 sitos.
2336 3227 2405 3238 —-
2462 3199 2832 3256 Lacedaem-

1667 3266 1842 3336 πίννη]
1882 3267 2059 3321 Carm.
2098 3269 2170 3337 11,
2208 3271 2259 3335 6,
2298 3273 2386 3323 11.

2034 3383 2319 3438 Carmen
2358 3381 2455 3438 vl.

1738 3481 2151 3561 Argumentum
2186 3480 2355 3534 huius
2390 3480 2657 3536 carminis
2694 3497 2833 3536 cum

1669 3550 1867 3619 quinto
1913 3555 2217 3621 cognatum
2266 3557 2366 3606 est.
2441 3552 2581 3607 Nam
2632 3554 2831 3623 Augu·

1670 3627 1787 3677 stus
1825 3622 1923 3690 qui
1968 3640 2033 3677 eo
2084 3623 2357 3686 tenderet,
2410 3627 2477 3678 ut
2512 3623 2831 3678 Romanam

1669 3693 2005 3763 dignitatem
2042 3695 2189 3748 inter
2227 3696 2377 3765 ipsos
2404 3696 2555 3750 cives
2590 3699 2651 3749 et
2674 3696 2831 3765 apud

1670 3771 1889 3820 exteras
1936 3766 2191 3820 nationes
2237 3767 2581 3835 restitueret,
2638 3768 2830 3835 pravi·

1672 3836 1807 3890 tatis
1845 3843 1902 3892 et
1948 3839 2325 3907 corruptionis
2370 3855 2481 3907 qna
2528 3837 2833 3894 laborabat

1668 3908 2833 4036 {izfffflssffiffi22⁸⁶{23313'022225133

1671 4051 2035 4106 fundamenta
2050 4053 2357 4106 communis
2375 4051 2571 4106 salutis
2590 4052 2831 4108 suffossa

1670 4126 1848 4190 erant,
1886 4123 2101 4191 priscus
2144 4125 2318 4179 timor
2360 4123 2597 4178 deorum
2644 4124 2831 4179 subla·

1669 4198 1777 4262 tus,
1822 4194 2035 4277 templa
2078 4195 2370 4250 devastata
2406 4194 2497 4250 vel
2548 4195 2832 4280 neglecta,

1670 4267 1965 4336 integritas
2016 4267 2323 4322 domestica
2362 4267 2515 4322 vitae
2568 4267 2831 4338 turpissi-

1671 4338 1775 4391 mis
1812 4337 2043 4420 flagitiis
2080 4339 2482 4394 contaminata.
2546 4337 2831 4394 Pietatem

1672 4425 1798 4463 cum
1854 4410 2181 4480 integritate
2242 4409 2651 4465 restituendam
2704 4428 2828 4466 cen·

1670 4481 1786 4534 suit
1829 4482 2144 4551 Augustus3
2200 4482 2330 4537 inde
2384 4481 2507 4537 eius
2556 4482 2619 4536 in
2666 4499 2825 4538 reno-

1673 4551 1869 4606 vandis
1938 4553 2164 4622 templis
2238 4554 2297 4608 in
2369 4553 2829 4624 corrigendisque
