3092 5059
1141 221 1304 289 ms.
1348 221 1432 289 11.
1475 220 1661 289 sAr.
1704 222 1790 289 11.
1840 173 1853 183 ’

2548 218 2673 285 425

374 411 752 507 Rusticus,
803 410 1196 487 abnormis
1255 400 2048 510 sapiens,‘crassaque
2094 410 2442 487 Minerva
2501 448 2585 463 -·

376 535 658 613 Discite
709 562 866 611 non
915 536 1114 612 inter
1163 533 1418 613 lances
1474 560 1925 635 mensasque
1978 535 2331 627 nitentes,

315 692 342 735 n
379 660 572 739 Cum
625 672 884 761 stupet
929 660 1213 737 insanis
1263 660 1464 739 acies
1519 660 1961 757 fulgoribus
2012 672 2087 735 et
2140 685 2315 735 cum

376 785 722 861 Acclinis
775 785 986 861 falsis
1041 786 1338 863 animus
1393 785 1715 863 meliora
1765 797 2089 881 recusat,

379 911 668 987 Verum
721 910 845 987 hie
897 911 1270 1009 impransi
1325 935 1627 986 mecum
1680 908 2105 1009 disquirite.

1237 1034 1443 1111 Male
1494 1060 1763 1110 verum
1818 1035 2207 1112 examinat
2256 1034 2505 1110 omnis

1223 1159 1605 1261 Leporem
1658 1173 1985 1237 sectatus
2036 1185 2337 1259 equove

373 1035 668 1131 Dicam,
720 1036 788 1111 si
839 1049 1132 1135 potero.

380 1161 803 1260 Corruptus
854 1162 1114 1239 iudex.

2216 910 2373 988 Cur
2425 908 2619 988 hoc?

291 1318 346 1357 ιο
377 1284 658 1363 Lassus
709 1287 808 1363 ab
861 1286 1240 1363 indomito
1295 1285 1440 1382 vel,
1489 1287 1557 1361 si
1606 1288 1953 1361 Romana
2001 1286 2275 1385 fatigat

377 1411 658 1487 Militia
709 1425 1092 1489 assuetum
1145 1412 1510 1509 graecari,
1566 1437 1701 1487 seu
1752 1411 1911 1509 pila
1968 1409 2194 1485 velox

377 1536 720 1614 Molliter
770 1550 1162 1615 austerum
1207 1537 1458 1613 studio
1513 1536 1833 1613 fallente
1884 1535 2233 1612 laborem

382 1658 531 1737 Seu
578 1674 652 1735 te
705 1661 956 1739 discus
1007 1662 1191 1761 agit,
1245 1677 1424 1760 pete
1473 1662 1871 1739 cedentem
1923 1674 2107 1739 aera
2157 1661 2407 1737 disco:

381 1784 578 1863 Cum
635 1786 858 1863 labor
909 1787 1286 1865 extuderit
1336 1786 1669 1881 fastidia,
1716 1787 1984 1883 siccus,
2038 1785 2287 1861 inanis

297 1940 346 1981 us
381 1909 678 2010 Sperne
729 1911 988 1987 cibum
1038 1912 1294 2009 vilem,
1347 1913 1494 1988 nisi
1543 1911 1941 2010 Hymettia
1986 1910 2218 1986 mella
2266 1909 2599 1987 Falerno

276 2144 563 2227 generalia
599 2142 992 2215 complectitur
1033 2150 1334 2217 praecepta
1371 2150 1431 2201 et

277 2216 610 2284 sententias3
666 2215 867 2286 quibus
903 2235 1015 2287 quo
1051 2219 1284 2273 accedat
1313 2236 1430 2274 ma·

279 2288 369 2342 ior
404 2286 542 2343 fides
578 2291 636 2343 et
671 2288 976 2344 auctoritas
1007 2288 1210 2346 deinde
1248 2294 1431 2345 osten·

277 2360 454 2428 ditur,
523 2358 806 2415 hominem
863 2359 1024 2416 illum
1084 2380 1198 2417 non
1251 2363 1432 2417 solum

279 2434 440 2487 tanta
463 2448 626 2485 usum
649 2448 768 2486 esse
793 2431 1083 2515 doctrinae
1111 2434 1428 2509 severitate,

278 2502 377 2559 sed
421 2502 618 2558 fecisse
664 2502 836 2559 etiam
874 2504 1058 2575 ipsum
1102 2504 1246 2575 quae
1288 2506 1433 2561 bene

277 2573 1210 2717 {lffiflg‘ssmssgff‘ffufflggssg
1230 2578 1433 2704 .ῗὸὃῖ

277 2718 414 2772 bero
461 2734 606 2773 anno
654 2720 687 2771 7
695 2720 758 2772 1⁷
815 2724 1050 2788 propter
1099 2722 1208 2776 iter
1251 2720 1431 2775 Brun·

280 2789 544 2858 disinnm,
580 2806 690 2858 quo
727 2808 854 2845 cum
891 2790 1074 2846 Ofello
1112 2794 1433 2848 convenisse

280 2864 614 2985 poetamp
576 2866 796 2931 p,utant
869 2862 1132 2933 Zumptio
1195 2882 1245 2919 a.
1307 2865 1432 2948 719,

327 2932 530 2986 rankio
577 2937 636 2987 et
681 2933 998 2989 Duentzero
1046 2952 1095 2990 a.
1133 2936 1258 3005 720,
1311 2935 1432 3006 qui-

277 3004 382 3059 bus
431 3003 480 3057 si
535 3004 672 3073 quid
719 3005 948 3061 debeam
998 3008 1308 3077 enuntiare,
1369 3007 1432 3062 li-

281 3075 604 3131 bentissime
642 3077 930 3132 assentiar.

353 3146 415 3201 V.
448 3152 494 3200 1.
531 3146 680 3217 bom]
708 3148 906 3203 Suavis
931 3148 1288 3218 compellatio
1307 3166 1432 3205 suo·

281 3234 408 3273 rum
442 3223 498 3273 et
533 3216 781 3273 filiorum
815 3225 873 3274 et
910 3221 1233 3276 amicorum.
1269 3220 1340 3275 cf.
1379 3240 1434 3275 v.

289 3291 403 3344 128.
443 3289 557 3345 Sat.
597 3290 668 3353 Π,
705 3292 760 3360 6,
798 3291 884 3346 51.
922 3293 1012 3345 95.
1049 3292 1231 3361 Epist.
1268 3292 1342 3357 11,
1381 3294 1434 3359 2,

282 3361 376 3431 37;
435 3366 493 3415 et
524 3360 596 3416 de
634 3362 738 3418 hoc
770 3379 974 3433 genere
1009 3363 1282 3418 sermonis
1320 3362 1433 3419 Sat.

281 3432 354 3501 11,
389 3435 442 3493 6,
479 3435 710 3489 70-76,
759 3462 826 3475 -
874 3434 1064 3505 sermo]
1101 3436 1288 3490 verba.
1363 3434 1434 3490 cf.

281 3506 350 3558 A.
387 3504 452 3558 P.
489 3506 578 3561 69.
635 3534 707 3547 -—·
765 3505 925 3576 quae]
973 3505 1066 3561 Sic
1109 3507 1342 3576 plurimi
1379 3512 1438 3561 et

282 3575 484 3646 optimi
519 3576 697 3639 codd..
733 3594 872 3647 quos
899 3594 1047 3633 nunc
1069 3583 1289 3634 secutus
1313 3596 1432 3633 sum

284 3664 410 3703 cum
448 3646 618 3703 Orell.
653 3648 874 3703 Miiller.
911 3648 1152 3705 Fritsch.
1197 3650 1434 3721 Kriiger.

283 3718 568 3774 Eckstein.
593 3718 822 3775 Holder.
841 3720 1079 3790 Keller.;
1103 3721 1340 3777 alteram
1359 3721 1434 3777 le-

282 3791 528 3846 ctionem
566 3808 716 3861 quem
755 3792 1030 3862 Cruquius
1065 3793 1278 3862 recepit
1313 3793 1436 3861 qui-

282 3863 430 3925 dem.
469 3863 564 3919 sed
589 3863 660 3919 de
694 3864 808 3920 suis
843 3863 1003 3919 codd.
1030 3864 1174 3919 nihil
1199 3864 1436 3920 addidit.

287 3964 352 3973 —
395 3934 625 4019 Oscum]
667 3935 760 3992 Sic
786 3953 977 3992 omnes
1013 3936 1175 3991 codd.
1211 3941 1438 4005 praeter

285 4024 477 4073 ιιιιιιιιι,
533 4006 592 4060 in
643 4024 752 4075 quo
799 4007 942 4061 illud
991 4026 1058 4062 ex
1115 4013 1436 4062 correctura

282 4046 1437 4233 ξίἷίἷέἳῗοῗὲἷίαῗᾬῖἒέἒῖὲξ’“ἓοὶ“ἳῗίξ

283 4220 466 4275 forma
501 4226 586 4275 est
609 4221 956 4293 cognominis
987 4223 1136 4305 apud
1155 4222 1434 4277 Romanos

283 4291 421 4347 noti.
473 4322 538 4331 —
585 4293 860 4348 abnormis
895 4294 1140 4364 sapum-s]
1190 4294 1434 4349 Tantum

283 4380 398 4417 non
461 4382 624 4434 recep
624 4364 645 4418 i
705 4382 776 4419 ex
833 4364 1028 4419 multis
1089 4370 1149 4419 et
1205 4366 1435 4436 optimis

285 4434 446 4489 codd.
487 4436 752 4491 abnormi.
825 4436 942 4491 Nec
976 4436 1122 4491 male
1156 4436 1438 4492 diceretur

284 4506 538 4561 abnormi
582 4522 876 4577 massaque
911 4508 1182 4573 Minerva,
1241 4508 1322 4563 ita
1371 4512 1438 4562 ut

284 4592 580 4647 crassaque
634 4596 702 4633 ex
759 4579 1059 4649 proverbio
1120 4580 1438 4650 explicandi

1501 4008 1768 4063 ¹disca-sta

1524 2148 1713 2218 gratia
1772 2146 2027 2201 additum
2090 2151 2249 2201 esset.
2331 2145 2401 2200 cf.
2462 2146 2674 2200 Colum.

1522 2219 1699 2289 praef.
1738 2219 1782 2286 Ι,
1826 2220 1880 2272 1:
1941 2222 2163 2287 „potest
2203 2217 2353 2272 enim
2398 2234 2502 2272 nec
2554 2218 2675 2271 sub-

1523 2290 1782 2345 tilissima
1842 2307 1945 2345 nec
1997 2306 2239 2354 rursum,
2300 2289 2451 2358 quod
2498 2288 2675 2357 aiunt,

1519 2359 2676 2489 verwfflmszffiztfffflxt.

1525 2505 1808 2561 Minervae
1847 2505 2003 2560 homo
2046 2505 2099 2560 h.
2136 2522 2181 2559 e.
2220 2503 2384 2558 valde
2426 2504 2675 2575 ingenio-

1525 2595 1633 2631 sus.
1693 2576 1777 2631 De
1813 2594 1932 2631 voc.
1968 2576 2251 2631 abnormis
2286 2574 2359 2630 cf.
2380 2574 2490 2631 Cic.
2518 2574 2676 2630 Lael.

1526 2650 1577 2702 5.
1606 2648 1939 2717 Metaphora
1956 2652 2179 2717 sumpta
2198 2646 2271 2702 ab
2290 2652 2413 2703 arte
2432 2647 2678 2716 texendi,

1526 2738 1562 2774 a
1598 2720 1715 2803 tela
1760 2720 1850 2774 vel
1886 2735 2073 2773 crassa
2108 2719 2196 2774 vel
2231 2720 2429 2790 pingui
2467 2719 2557 2773 vel
2596 2722 2675 2774 te-

1527 2791 1625 2845 nui
1661 2791 1750 2845 vel
1788 2791 1998 2847 subtili.
2054 2820 2117 2829 —
2168 2788 2335 2859 acies]
2374 2790 2677 2845 oculorum.

1528 2890 1597 2903 -·
1634 2862 1887 2933 acclinus]
1934 2879 2126 2917 rarum
2165 2866 2224 2917 et
2257 2862 2542 2931 poeticum
2582 2880 2679 2916 vo·-

1527 2933 1803 2991 eubulum.
1837 2934 2004 3005 Verg.
2042 2936 2183 2988 Aen
2208 2934 2279 3003 X,
2302 2934 2424 2988 835.
2466 2934 2679 3003 Cogna-

1525 3012 1649 3061 tum
1684 3006 1916 3061 verbum
1964 3006 2232 3060 acclinare
2280 3005 2677 3074 metaphorice,

1526 3084 1593 3133 ut
1626 3078 1683 3133 h.
1703 3079 1737 3132 1.
1764 3076 2119 3140 adiectivum,
2148 3077 2395 3146 positum
2419 3080 2507 3131 est
2529 3076 2679 3145 apud

1526 3150 1753 3205 Livium
1787 3149 1883 3217 IV,
1920 3151 2007 3203 48.
2046 3176 2115 3188 ——-
2152 3148 2447 3218 impransi]
2485 3148 2679 3215 ieiuni,

1526 3226 1595 3275 ut
1627 3238 1680 3273 v.
1716 3222 1803 3275 38.
1838 3250 1911 3261 -
1948 3220 2215 3290 Leporem
2250 3219 2507 3289 sectatus]
2546 3218 2677 3274 Sen-

1526 3293 1707 3347 tentia
1724 3292 1893 3361 paulo
1916 3291 2239 3361 impeditius
2258 3291 2526 3360 formata3
2548 3308 2681 3345 nam

1528 3364 1958 3433 participiorum
1986 3364 2127 3429 loco,
2161 3382 2195 3416 a
2230 3362 2433 3432 quibus
2458 3380 2681 3434 egressa

1530 3440 1615 3490 est
1658 3436 1859 3498 oratic,
1894 3434 2291 3489 condicionalis
2335 3434 2519 3489 forma
2554 3434 2679 3489 sub-

1528 3507 1799 3562 stituitur.
1841 3536 1906 3545 —
1948 3505 2222 3576 yraecoeri]
2262 3505 2332 3561 cf.
2373 3508 2553 3561 Carm.
2580 3506 2679 3575 111,

1529 3581 1619 3646 24,
1656 3580 1743 3633 57.
1788 3578 1895 3632 Est
1930 3582 2119 3633 autem
2156 3594 2413 3633 exercere
2449 3595 2506 3632 se
2542 3578 2678 3633 mol-

1527 3650 1765 3705 lioribus
1787 3650 2126 3705 Graecorum
2160 3648 2307 3703 ludis
2331 3650 2481 3719 pilae
2516 3654 2575 3703 et
2597 3650 2680 3703 di·

1529 3724 1625 3777 sci.
1652 3752 1717 3761 —-
1754 3722 2007 3791 molliter]
2046 3721 2299 3775 consulto
2323 3720 2431 3775 loci
2453 3721 2680 3789 propin·

1530 3794 1747 3863 quitate
1801 3811 1925 3850 cum
1975 3798 2253 3848 austerum
2298 3792 2681 3861 coniunctum3

1530 3866 1779 3920 studium
1817 3866 1964 3920 enim
2010 3864 2259 3919 molliter
2303 3863 2455 3918 fallit
2499 3868 2682 3919 auste-

1530 3955 1657 3991 rum
1694 3937 1959 3993 laborem.
1996 3936 2066 3991 cf.
2108 3936 2223 3991 Sat.
2261 3934 2331 4001 11,
2369 3935 2420 3997 7,
2464 3937 2581 3988 114.
2610 3964 2681 3975 —

1531 4080 1713 4135 carm
1811 4008 2085 4141 'nedixit'
2104 4007 2517 4135 fiffl'ssasifft.
2558 4006 2682 4140 vnl

1533 4152 1629 4205 12.
1690 4150 1887 4219 „Unde
1922 4155 2007 4205 est
2042 4155 2102 4205 et
2142 4151 2285 4205 illud
2319 4149 2681 4220 proverbium

1531 4240 1641 4294 quo
1678 4191 1915 4277 u⁹tuntur
1951 4221 2207 4293 gulones·
2244 4222 2503 4289 mulsum,
2529 4220 2679 4289 quod

1527 4294 1707 4363 probe
1780 4299 2075 4363 temperes,
2151 4292 2493 4347 miscendum
2564 4310 2682 4347 esse

1530 4382 1676 4421 novo
1716 4364 1763 4418 Η
1766 4364 1998 4435 ymettio
2051 4368 2105 4417 et
2156 4364 2349 4417 vetulo
2385 4363 2679 4418 Falerno.“

1533 4437 1602 4493 cf.
1654 4384 1859 4492 infra
1851 4436 1966 4491 Sat.
2014 4435 2085 4499 II,
2122 4436 2174 4502 4,
2211 4434 2299 4487 24.
2375 4434 2683 4491 Columella

1533 4513 1759 4563 auctore
1822 4507 1969 4575 (XII,
2014 4505 2105 4573 41)
2166 4506 2409 4560 mulsum
2470 4507 2681 4575 optime

1530 4580 1857 4651 parabatur,
1911 4594 2037 4634 cum
2084 4578 2319 4650 singulis
2362 4578 2519 4633 urnis
2562 4578 2682 4633 vini
