3092 5059
490 147 615 212 518

1376 147 1996 215 EPISTULARUM

596 337 985 433 Tempora
1034 338 1439 413 momentis
1491 349 1668 412 sunt
1720 336 1853 435 qui
1905 336 2324 412 formidine
2377 335 2594 412 nulla

519 494 545 533 a
596 459 909 538 Imbuti,
937 475 1324 560 spectent:
1381 462 1575 561 quid
1623 487 1886 537 censes
1939 487 2261 538 munera
2311 476 2584 556 terrae,

601 585 809 678 Quid
868 589 1101 662 maris
1148 601 1529 662 extremos
1584 584 1888 662 Arabas
1933 585 2250 662 ditantis
2303 600 2378 661 et
2425 585 2688 679 Indos,

603 709 936 788 Ludicra
988 711 1199 809 quid,
1252 711 1566 808 plausus
1617 722 1692 785 et
1744 711 1972 786 amici
2025 709 2231 787 dona
2282 710 2636 804 Quiritis,

603 837 775 929 Quo
830 835 1251 934 spectanda
1298 835 1556 927 mod0‚
1613 860 1766 933 quo
1819 861 2046 910 sensu
2101 833 2348 910 credis
2401 848 2479 910 et
2527 835 2730 910 ore?

599 961 754 1054 Qui
808 961 1027 1036 timet
1070 959 1185 1034 his
1237 959 1584 1054 adversa,
1643 959 1807 1033 fere
1861 959 2182 1034 miratur
2234 957 2507 1035 eodem

500 1117 554 1158 ιο
607 1086 777 1178 Quo
834 1087 1147 1182 cupiens
1201 1096 1465 1181 pact03
1516 1110 1764 1180 pavor
1814 1097 1929 1158 est
1979 1085 2392 1182 utrobique
2444 1082 2816 1176 molestus,

598 1211 1033 1308 Improvisa
1078 1209 1307 1285 simul
1360 1208 1651 1306 species
1707 1221 2040 1284 exterret
2087 1221 2525 1308 utrumque.

599 1334 961 1412 Gaudeat
1010 1362 1111 1411 an
1166 1333 1446 1429 doleat,
1503 1333 1762 1432 cupiat
1813 1345 2222 1428 metuatne,
2279 1333 2468 1431 quid
2521 1332 2626 1408 ad
2685 1358 2846 1427 rem,

497 1569 542 1631 Ι,
593 1570 679 1636 18,
725 1569 811 1622 28.
884 1567 958 1635 11,
1007 1568 1058 1634 2,
1103 1565 1188 1620 21.
1237 1567 1322 1620 61.
1382 1595 1449 1606 -
1506 1566 1647 1634 una]

508 1638 665 1694 Unus
702 1640 842 1694 alios
890 1656 1003 1693 non
1040 1636 1305 1698 excludit,
1342 1637 1438 1692 sed
1473 1655 1648 1692 unum

500 1716 723 1766 tantum
746 1711 909 1780 ponit
932 1709 1498 1780 praecipuum3301us
1522 1727 1650 1764 con·

500 1788 592 1837 tra
648 1800 838 1838 omnes
892 1783 1031 1837 alios
1090 1781 1351 1836 excludit.
1427 1781 1496 1836 cf.
1535 1780 1649 1835 Sat.

500 1855 573 1922 11,
610 1856 661 1922 3,
699 1855 787 1908 24.
873 1853 1045 1924 Verg.
1098 1856 1237 1907 Aen.
1293 1853 1366 1921 II,
1400 1855 1523 1908 426.
1583 1881 1650 1892 --

502 1928 642 1981 hunc
666 1925 851 1994 solem]
890 1925 1185 1992 δεικτικῶς,
1211 1942 1378 1994 quem
1395 1923 1651 1978 videmus

502 2003 561 2053 et
596 1997 958 2052 admiramur.
1017 1997 1126 2051 Cic.
1165 1995 1325 2051 Tusc.
1363 1996 1409 2064 1,
1435 1997 1524 2064 25,
1561 1999 1648 2051 60.

503 2087 610 2151 pro
660 2069 780 2123 Mil.
828 2070 915 2135 30,
946 2069 1034 2122 83.
1128 2067 1419 2122 Conclusio
1472 2072 1561 2122 est
1615 2084 1650 2121 a

501 2140 703 2195 maiori
739 2140 811 2194 ad
845 2140 1044 2195 minus.
1089 2169 1156 2178 —
1196 2138 1501 2208 momentis]
1551 2138 1652 2193 Be-

500 2216 1003 2337 ffiffigffssffif'
1030 2210 1651 2351 11‘}¹⁰'2{3¹'5²⁸⁰‚¹‘122331?33

501 2373 603 2425 per
657 2359 917 2423 tempora
969 2371 1133 2408 versa
1172 2353 1473 2408 Momentis
1526 2353 1650 2408 red-

500 2427 691 2482 eunt.“
755 2426 1161 2481 Describuntur
1200 2425 1521 2495 philosophi
1554 2443 1650 2480 na-

500 2497 773 2553 turalium
808 2513 997 2551 rerum
1032 2497 1221 2566 periti.
1278 2527 1343 2536 --
1403 2495 1650 2552 deceden-

498 2569 607 2638 tia]
658 2586 711 2623 v.
748 2567 995 2623 decedere
1030 2583 1063 2621 a
1110 2567 1436 2622 cadentibus
1484 2567 1651 2622 astris

502 2641 706 2710 (Epist.
731 2640 777 2708 Ι,
808 2641 890 2707 16,
918 2639 973 2708 7)
1011 2638 1083 2694 ad
1120 2643 1376 2709 tempora
1411 2640 1650 2693 transla-

500 2718 643 2779 tum,
693 2712 828 2780 quia
873 2716 1130 2780 tempora
1174 2711 1421 2766 siderum
1459 2727 1650 2764 cursus

499 2787 825 2852 sequuntur.
866 2811 932 2822 ---
975 2782 1293 2851 formidine]
1350 2782 1439 2836 Ex
1476 2782 1650 2836 admi·

501 2855 721 2909 ratione
761 2871 1093 2924 magnarum
1129 2871 1319 2908 rerum
1344 2854 1528 2908 oritur
1553 2858 1652 2908 aut

503 2927 746 2981 formido
786 2932 846 2981 et
894 2925 1065 2980 timor
1102 2925 1174 2995 (v.
1202 2924 1255 2994 9)
1304 2929 1403 2979 aut
1439 2924 1652 2993 cupidi·

502 3003 589 3054 tas
651 2999 723 3068 (v.
750 2996 863 3066 10);
924 3002 1167 3066 utraque
1228 3013 1317 3051 res
1375 3001 1541 3051 aucta
1595 3000 1652 3051 et

500 3068 1207 3210 ἓῖἰξῗῆἳξρῖἰωῗωι
1215 3067 1316 3193 ἓξ
1323 3067 1652 3207 ¹⁴)„10132‘3332

503 3217 655 3267 totus
692 3215 918 3281 torpeo·
976 3230 1089 3266 non
1134 3210 1334 3280 edepol
1368 3228 1516 3265 nunc
1554 3180 1652 3264 ubi

502 3289 784 3338 terrarum
820 3283 927 3337 sim
960 3283 1130 3338 sci0.“
1168 3312 1235 3322 —
1274 3281 1409 3352 quid
1444 3281 1651 3352 cemes]

504 3356 589 3410 De
630 3355 941 3410 sententiae
993 3354 1177 3410 forma
1232 3353 1301 3408 cf.
1342 3353 1451 3408 Cic.
1488 3353 1650 3408 Rosc.

502 3430 627 3481 Am.
673 3429 752 3491 17,
792 3427 877 3480 49.
924 3426 995 3480 de
1035 3425 1141 3482 off.
1180 3426 1253 3494 11,
1282 3427 1329 3480 7.
1403 3424 1652 3480 Verbum

504 3503 693 3553 autem
745 3497 922 3553 credis
976 3502 1107 3566 post
1161 3496 1473 3567 longiorem
1528 3514 1652 3551 ver·

502 3571 703 3625 borum
764 3569 1238 3638 intercapedinem
1293 3568 1653 3638 praecedenti

501 3658 679 3698 censes
713 3641 857 3696 bene
892 3640 1271 3695 substituitur.
1308 3669 1373 3680 --
1410 3637 1653 3709 ludicra]

501 3714 622 3767 ludi
658 3712 891 3783 publici,
928 3715 994 3766 ιιι
1020 3711 1146 3767 Liv.
1166 3713 1210 3781 Ι,
1229 3714 1283 3780 9,
1308 3713 1389 3766 13.
1424 3711 1471 3780 Ι,
1493 3713 1582 3778 35,
1601 3713 1652 3766 9.

504 3783 979 3853 —dona]1uven.
1000 3783 1095 3852 IV,
1122 3787 1202 3850 10,
1216 3751 1445 3852 78’sqqa
1472 3781 1655 3852 „Nam

544 3858 603 3910 ui
638 3854 915 3926 (populus)
951 3855 1127 3910 dabat
1162 3854 1299 3910 olim
1329 3855 1654 3924 Imperium,

530 3945 698 3995 esces,
771 3926 1036 3996 legiones,
1108 3928 1315 3993 omnia,
1382 3943 1533 3981 nuno
1595 3943 1654 3981 se

507 3999 769 4054 Continet
837 4003 1009 4066 atque
1078 3997 1218 4052 duas
1281 4001 1505 4052 tantum
1565 4015 1654 4052 res

504 4089 723 4197 &2¹32
756 4068 1217 4196 2353?ssss
1220 4069 1654 4207 Θιιῗὶιῖωιωῖι.

506 4213 711 4268 Lucan.
733 4213 924 4268 Phars.
939 4213 1011 4280 ΙΙ,
1028 4211 1157 4266 386:
1198 4210 1474 4280 „Romani
1499 4228 1656 4266 more

442 4284 759 4380 Quiritis.
762 4285 795 4314 “
836 4283 1097 4340 Ceterum
1116 4283 1506 4338 Doederlinius
1526 4301 1653 4338 oon·

442 4335 691 4412 iunxit
722 4356 943 4412 ludicra
972 4355 1206 4424 plausus
1240 4355 1496 4426 (genet.);
1522 4353 1654 4410 Kel-

491 4421 569 4510 Ϊξς
557 4445 653 4482 rus
682 4427 819 4482 olim
846 4445 970 4482 cum
993 4427 1276 4482 nonnullis
1308 4426 1465 4481 codd.
1482 4396 1658 4482 inter·

486 4491 709 4580 psstuit
741 4504 793 4553 ct
814 4499 984 4553 Indos
1022 4496 1307 4554 Μία-αἲ
1351 4499 1485 4568 quid
1521 4504 1656 4567 oet.;

1745 1582 1896 1620 nuno
1938 1570 2067 1636 post
2109 1566 2282 1621 Indos
2325 1567 2548 1638 signum
2583 1567 2874 1638 interroga·

1745 1638 1916 1692 tionis
1955 1641 2014 1692 et
2047 1641 2177 1708 post
2209 1638 2430 1694 ludicra
2465 1644 2744 1708 punctum
2767 1641 2876 1722 poni

1745 1709 1918 1772 iubet,
1961 1710 2044 1764 ita
2079 1714 2141 1763 ut
2182 1710 2414 1772 ludicra,
2463 1712 2622 1766 cuius
2659 1711 2876 1766 nominis

1745 1781 1954 1864 plurali
1999 1799 2230 1836 numero
2279 1799 2564 1850 nunquam
2603 1781 2764 1837 ludos
2795 1799 2878 1852 pu·

1746 1851 1914 1908 blicos
1937 1851 2246 1923 significari
2268 1853 2536 1922 affirmat,
2561 1854 2880 1923 respondeat

1745 1923 1820 1979 ad
1881 1925 2305 1993 praecedentem
2361 1925 2880 1996 interrogationem.

1745 1996 1958 2051 scilicet
2020 2014 2254 2052 munera
2315 2000 2500 2052 terrae
2557 2004 2662 2052 aut
2733 1997 2882 2052 maris

1745 2068 1783 2120 i.
1821 2085 1866 2122 e.
1907 2085 2125 2135 aurum,
2152 2068 2427 2152 pretiosos
2469 2069 2708 2138 lapides.
2747 2069 2882 2122 unio-

1744 2157 1842 2192 nes
1879 2139 2021 2194 nihil
2055 2157 2172 2194 esse
2208 2140 2316 2194 nisi
2353 2138 2572 2194 ludicra
2596 2157 2784 2209 neque
2816 2140 2882 2192 ul-

1746 2210 1854 2265 lius
1891 2211 2010 2265 veri
2045 2211 2236 2279 pretii.
2306 2214 2387 2265 At
2419 2229 2534 2266 non
2567 2211 2742 2268 credo
2779 2229 2888 2266 con·
2979 2264 2981 2283 ,

1743 2286 1838 2336 tra
1871 2299 2063 2336 versus
2110 2287 2372 2337 naturam
2415 2282 2548 2351 quid
2591 2301 2628 2338 a
2679 2301 2886 2352 praece-
2981 2330 2983 2342 .

1745 2353 1912 2408 dente
1951 2370 2086 2410 voce
2121 2355 2338 2410 ludicra
2367 2354 2560 2408 divelli
2594 2372 2768 2423 posse
2801 2371 2892 2410 nec

1744 2424 2090 2479 haerendum
2137 2429 2225 2479 est
2279 2425 2340 2480 in
2389 2426 2791 2482 coniunctione
2831 2431 2891 2490 et,

1746 2514 1858 2566 qua
1905 2497 2074 2551 tertio
2122 2497 2246 2552 loco
2295 2496 2460 2551 amici
2503 2497 2652 2552 dona
2705 2505 2894 2554 eontra

1745 2568 2088 2622 latinitatem
2128 2585 2256 2622 cum
2301 2568 2519 2623 duobus
2563 2571 2894 2638 praeceden-

1744 2639 1898 2693 tibus
1934 2657 2107 2709 prave
2145 2639 2410 2710 coniungi
2445 2639 2720 2695 defendit.
2799 2641 2896 2696 Sed

1744 2728 1858 2765 ιιοιι
1902 2716 2034 2765 sunt
2078 2712 2190 2766 tria
2230 2711 2458 2765 nomina
2495 2729 2640 2780 quae
2674 2715 2896 2768 coniun-

1743 2786 1972 2852 guntur,
2011 2781 2110 2837 sed
2144 2783 2257 2837 duo
2307 2787 2532 2838 tantum
2575 2785 2821 2854 plausus
2853 2789 2898 2838 d

1745 2853 1908 2917 dona,
1964 2872 2001 2909 a
2052 2855 2256 2924 quibus
2299 2855 2519 2910 ludicra
2563 2855 2700 2910 satis
2747 2874 2898 2927 sepa-

1744 2929 1872 2980 rata
1891 2931 2022 2981 sunt
2039 2926 2477 2996 interpungendi
2497 2927 2676 2997 signe.
2707 2927 2900 2982 Etiam

1749 2997 2006 3067 Kriigcro
2041 2997 2258 3052 ludicra
2294 3003 2426 3052 sunt
2461 2998 2601 3053 viles
2637 3015 2746 3066 res,
2801 3018 2904 3053 nu-

1748 3086 1854 3139 gae
1897 3069 2157 3138 pueriles,
2209 3073 2274 3124 ut
2309 3069 2490 3139 Epist.
2527 3069 2570 3134 Ι,
2620 3074 2671 3136 1,
2711 3073 2798 3132 10,
2849 3075 2902 3124 et

1745 3157 1870 3194 cum
1905 3139 2267 3196 Doederlinio
2295 3141 2686 3212 coniungenda
2711 3141 2902 3197 viden-

1745 3216 1841 3266 tur
1889 3230 2016 3268 cum
2057 3213 2299 3283 plausus
2343 3213 2539 3284 (genu)
2589 3214 2712 3268 veri
2749 3214 2902 3268 simi-

1743 3283 1854 3337 lius
1907 3289 2058 3339 certe
2103 3302 2271 3354 quam
2316 3284 2468 3354 quod
2505 3285 2733 3340 Kellero
2789 3287 2902 3354 pla·

1747 3355 1880 3410 cuit.
1917 3355 2140 3412 Miiller.
2171 3355 2454 3412 Eckstein.
2491 3357 2596 3411 sic.
2635 3355 2904 3412 ludicra?

1853 3427 2174 3496 .Quiritis.
2163 3425 2192 3468 9
2261 3427 2389 3482 Non
2445 3433 2615 3495 recte,
2671 3444 2744 3497 op
2745 3427 2904 3495 inor3

1748 3515 2068 3567 quanquam
2094 3517 2128 3553 a
2167 3499 2433 3568 probavit
2469 3499 2720 3570 Madvig.
2757 3499 2902 3554 Adv.

1747 3569 1817 3623 11.
1875 3587 1930 3638 p.
1985 3571 2077 3637 623
2164 3570 2382 3625 ludicra
2425 3593 2484 3618 =
2527 3569 2564 3624 S
2607 3571 2905 3626 ielsachen.

1748 3640 2008 3711 Epist-1,
2043 3642 2225 3710 1,10).
2259 3641 2452 3695 Lehrs.
2497 3641 2518 3694 1
2593 3642 2816 3710 {eraque
2857 3648 2908 3697 et

1748 3730 1816 3767 ex
1843 3713 1985 3766 coni.
2013 3743 2080 3752 —
2101 3712 2213 3784 Qui
2225 3711 2398 3782 timet]
2419 3713 2614 3782 Neque
2636 3713 2904 3768 debemus

1747 3802 1839 3868 eas
1858 3801 1948 3838 res
1961 3789 2228 3853 appetere
2237 3801 2418 3852 neque
2436 3802 2580 3853 quae
2593 3785 2664 3838 iis
2679 3791 2900 3840 eontra-

1748 3855 1835 3910 ria
1854 3860 1986 3910 sunt
2003 3855 2228 3923 timere;
2253 3873 2383 3910 nam
2397 3862 2456 3910 et
2473 3856 2532 3909 in
2550 3857 2903 3939 appetitione

1747 3927 1844 3982 οι·
1829 3944 1890 3980 ιιι
1909 3927 2113 3982 timore
2133 3928 2280 3982 inest
2297 3926 2599 3982 admiratio
2625 3929 2900 3996 quaedam

1749 4015 1816 4054 ac
1849 4015 2044 4068 pavor,
2080 3999 2180 4068 qui
2215 3999 2462 4054 animum
2509 4015 2578 4054 ex
2625 4001 2900 4068 tranquil·

1748 4071 1912 4125 litate
1969 4070 2184 4126 excutit
2236 4075 2562 4140 rectumque
2616 4071 2687 4125 de
2734 4071 2900 4126 rebus

1749 4141 2019 4197 iudicium
2055 4141 2372 4213 perturbat.
2429 4141 2513 4196 De
2536 4159 2748 4211 pavore
2771 4143 2900 4197 vide

1751 4212 2073 4268 Ciceronem
2111 4213 2272 4268 Tusc.
2308 4213 2405 4280 IV,
2446 4215 2498 4282 8,
2539 4213 2636 4280 19;
2670 4214 2740 4268 de
2782 4214 2903 4284 ipsa

1749 4287 2030 4340 sententia
2085 4285 2321 4340 eundem
2365 4284 2526 4340 Tusc-
2581 4284 2680 4352 IV,
2725 4286 2901 4352 6,12.

1748 4355 1850 4424 111,
1892 4359 1974 4419 13,
2011 4357 2100 4409 28.
2175 4355 2270 4425 IV,
2306 4357 2394 4424 26,
2429 4358 2515 4410 57.
2577 4354 2644 4424 V,
2677 4358 2771 4424 28,
2811 4361 2897 4412 81.

1749 4457 1821 4467 —
1855 4429 2114 4498 exterret]
2167 4428 2400 4484 verbum
2442 4427 2690 4482 medium
2733 4431 2794 4482 et
2831 4429 2902 4484 ed

1749 4498 2010 4555 timorem
2059 4505 2114 4554 et
2163 4498 2238 4554 ad
2273 4499 2640 4569 cupiditatem
2688 4503 2903 4570 aptum.

2936 876 2943 1072 k

2971 2063 2976 2122 ι
