3092 5059
373 235 499 300 fflffi

1389 231 1747 301 EPODON

773 422 978 497 Diris
1031 448 1254 520 agam
1310 448 1489 499 vos:
1547 422 1715 497 dira
1769 422 2165 498 detestatio

688 581 739 620 oo
971 548 1205 623 Nulla
1257 550 1609 645 expiatur
1658 550 1991 625 victima.

774 671 979 764 Quin
1030 674 1166 749 ubi
1209 673 1468 773 perire
1509 673 1757 748 iussus
1812 674 2326 773 exspiravere,

971 797 1406 873 Nocturnus
1459 823 1859 874 occurram
1898 800 2138 896 furor,

769 924 1190 1022 Petamque
1241 923 1496 998 vultus
1547 924 1827 999 umbra
1880 925 2130 998 curvis
2184 926 2591 1022 unguibus,

975 1046 1193 1139 Quae
1244 1048 1362 1121 vis
1415 1046 1737 1121 deorum
1791 1061 1907 1124 est
1953 1048 2323 1143 manium,

693 1204 744 1246 9⁵
779 1174 874 1247 Et
924 1172 1284 1271 inquietis
1337 1172 1677 1247 assidens
1728 1174 2201 1270 praecordiis

980 1297 1279 1372 Pavore
1323 1322 1633 1373 somnos
1684 1296 2055 1373 auferam.

776 1421 937 1497 Vos
987 1424 1214 1499 turba
1258 1422 1569 1497 vicatim
1618 1422 1797 1497 hinc
1848 1434 1923 1498 et
1972 1421 2153 1498 hinc
2206 1423 2400 1499 saxis
2453 1438 2721 1523 petens

981 1545 1424 1623 Contundet
1480 1547 1845 1623 obscenas
1898 1573 2124 1645 anus;

775 1673 957 1747 Post
1006 1671 1393 1771 insepulta
1441 1674 1793 1749 membra
1843 1671 2203 1748 different
2242 1672 2413 1771 lupi

665 1832 740 1871 100
970 1798 1066 1871 Et
1115 1796 1560 1895 Esquilinae
1610 1795 1858 1894 alites,

771 1921 1041 2023 Neque
1094 1923 1240 1998 hoc
1290 1936 1647 2025 parentes
1698 1923 1847 2000 heu
1902 1923 2093 1999 mihi
2144 1916 2589 2023 superstites

972 2048 1352 2144 Effugerit
1401 2049 1945 2147 spectaculum.

1281 2394 1661 2481 GARMEN
1725 2398 1857 2484 VI.

781 2566 989 2661 Quid
1039 2570 1529 2645 immerentes
1583 2570 1923 2669 hospites
1975 2596 2207 2647 vexas
2260 2574 2471 2648 canis

975 2693 1311 2792 Ignavus
1363 2692 1776 2770 adversum
1826 2696 2097 2795 lupos?

377 2926 626 2981 iectura:
703 2966 736 2996 „
744 2932 1045 2981 convertere
1097 2925 1340 2981 humana
1390 2927 1530 2981 invi-

376 3014 484 3053 cem
499 2998 554 3065 ;“
607 2998 704 3053 sed
751 2998 1032 3053 sententia
1079 2998 1316 3052 obscura
1351 3014 1532 3067 neque

378 3069 614 3125 Horatio
665 3070 1035 3124 obtrudenda.
1119 3069 1347 3124 Etenim
1388 3086 1532 3138 quae

377 3146 510 3195 sunt
577 3140 824 3197 humana
891 3156 1096 3197 venem
1117 3141 1145 3194 ⁸?
1229 3140 1532 3196 fueruntne

377 3214 546 3267 etiam
585 3212 780 3267 divina
816 3212 1068 3267 venena?
1138 3212 1230 3265 Ad
1267 3213 1529 3267 Lambini

379 3285 853 3339 constructionem
913 3284 1216 3339 verborum
1268 3302 1531 3353 compara

378 3355 558 3411 Tacit.
601 3358 750 3409 Ann.
807 3355 933 3423 XII,
989 3358 1088 3409 64:
1157 3356 1532 3427 „Ag·1·ippina,

379 3444 521 3496 quae
575 3426 694 3481 filio
741 3428 876 3482 dare
925 3427 1238 3496 imperium,
1287 3428 1532 3481 tolerare

377 3498 1150 3625 ³523?0‘{322J53„¹32‘}3³2’3‡;2
1186 3499 1263 3624 (ἓξ
1278 3498 1532 3641 Ἓὶιῖῗῗ’

459 3609 473 3622 ·
523 3610 556 3638 n
1153 3609 1168 3638 ν
1509 3598 1530 3610 ”

378 3658 591 3707 vamus,
638 3643 696 3695 in
742 3659 852 3711 qua
900 3641 1225 3709 moriamur,
1275 3658 1388 3695 non
1432 3659 1531 3711 po·

377 3714 547 3768 test.“
619 3714 834 3769 Deinde
895 3713 966 3767 cf.
1024 3712 1174 3767 Suet.
1228 3715 1375 3784 Aug.
1435 3714 1530 3767 66:

376 3785 591 3853 „vicem
645 3802 802 3839 suam
853 3789 1189 3853 conquestus
1259 3786 1398 3839 est.“
1475 3788 1534 3839 et

379 3856 544 3927 Verg.
590 3856 792 3926 Georg.
840 3856 892 3923 l,
937 3858 1070 3910 505:
1131 3858 1376 3925 „quippe
1433 3856 1533 3909 ubi

377 3928 471 3995 fas
515 3944 724 3983 versum
773 3932 935 3994 atque
983 3928 1194 3994 nefas.“
1255 3956 1324 3967 —-
1377 3928 1533 3981 uuna

378 3998 656 4069 eoepiaw]
693 3999 764 4053 cf.
804 3999 984 4053 Carm.
1023 4000 1067 4064 1,
1105 4001 1192 4064 28,
1229 4002 1314 4053 34.
1345 4026 1408 4037 --
1437 4014 1529 4053 no·

378 4076 609 4126 ctus-nus
643 4070 824 4138 furor]
859 4070 1286 4125 Interfectorum
1317 4071 1530 4123 animas

379 4146 654 4211 perpetuo
711 4142 870 4209 sequi
933 4146 993 4196 et
1050 4147 1263 4196 terrere
1317 4159 1436 4205 eos,
1497 4158 1531 4196 a

381 4213 584 4282 quibus
620 4215 806 4267 necati
859 4217 1057 4276 essent,
1113 4212 1364 4283 vulgaris
1412 4214 1529 4281 opi·

377 4285 474 4339 nio
512 4284 638 4338 fuit.
715 4282 880 4355 Verg.
918 4288 1057 4338 Aen.
1095 4284 1192 4352 IV,
1231 4286 1353 4337 385.
1417 4284 1527 4338 Cic.

380 4355 540 4410 Rosc.
576 4358 700 4410 Am.
741 4357 830 4417 24,
867 4358 954 4410 67.
1003 4386 1068 4395 —
1115 4356 1297 4409 curvis
1331 4356 1530 4423 unqui-

377 4428 498 4509 bus]
539 4426 728 4481 Furiis
762 4426 1056 4497 praelongi
1101 4431 1265 4481 erant
1316 4444 1530 4497 ungues

377 4502 438 4552 et
483 4498 716 4552 incurvi.
763 4526 829 4537 -
877 4498 1098 4553 deorum
1140 4498 1409 4567 manium]
1457 4498 1527 4553 cf.

379 4567 559 4637 Epist.
589 4568 662 4637 11,
695 4571 744 4637 1,
787 4570 902 4624 138.
941 4568 1065 4623 Liv.
1103 4569 1204 4633 ΠΙ,
1242 4572 1336 4623 58:
1375 4570 1527 4637 „Ma-

1624 2946 1831 2997 nesque
1865 2928 2157 2999 Virginiae
2191 2946 2295 2999 per
2336 2933 2427 2983 tot
2462 2928 2655 2984 domos
2702 2927 2773 2981 ad

1622 3001 1892 3070 petendas
1927 3018 2135 3070 poenas
2166 3002 2358 3071 vagati
2388 3000 2544 3055 nullo
2572 3000 2773 3054 relicto

1622 3077 1783 3127 sonte
1814 3072 2044 3127 tandem
2073 3073 2461 3142 quieverunt.“
2505 3072 2617 3127 Cic.
2636 3070 2771 3142 Leg.

1622 3144 1695 3211 II,
1721 3146 1818 3197 29:
1850 3144 2127 3212 „Deorum
2151 3144 2410 3199 Manium
2428 3144 2555 3197 iura
2580 3148 2773 3197 sancta

1624 3218 1843 3270 sunto.“
1918 3214 2152 3283 Quintil.
2193 3216 2331 3270 Inst.
2382 3216 2477 3277 vl,
2523 3232 2771 3284 prooem.

1625 3288 1785 3355 „iuro
1822 3304 1923 3357 per
1956 3288 2106 3342 mala
2152 3304 2296 3355 mea,
2342 3304 2445 3357 per
2492 3286 2771 3340 infelicem

1625 3360 2038 3426 conscientiam,
2073 3376 2177 3428 per
2204 3360 2332 3413 illos
2359 3358 2575 3427 Manes,
2597 3358 2773 3411 numi-

1623 3448 1701 3485 na
1754 3430 1955 3485 doloris
2010 3431 2165 3485 παῖ’(
2222 3460 2289 3471 -
2346 3430 2473 3484 hinc
2529 3434 2581 3484 et
2628 3428 2769 3496 Mne]

1624 3502 1753 3556 vide
1803 3502 1875 3557 ad
1920 3502 2101 3571 Epod.
2138 3501 2189 3567 2,
2230 3504 2317 3556 81.
2346 3532 2411 3541 —
2440 3500 2773 3570 Esquilinae

1625 3574 1805 3643 autes]
1850 3590 2095 3643 rapaces,
2132 3590 2276 3642 quae
2304 3573 2581 3629 cadavera
2608 3588 2774 3640 quae·

1624 3652 1775 3699 runt.
1824 3644 1907 3699 De
1943 3644 2212 3715 Esquiliis
2252 3644 2321 3700 cf.
2360 3644 2475 3698 Sat.
2512 3644 2556 3709 Ι,
2596 3645 2649 3711 8,
2690 3644 2770 3696 14.

1626 3716 1826 3771 Hiatus
1854 3718 2086 3786 proprio
2117 3717 2343 3771 nomine
2366 3719 2683 3770 excusatur.
2704 3743 2773 3755 —

1625 3787 1748 3857 heu]
1771 3788 1958 3858 Luget
1993 3788 2157 3856 quod·
2179 3792 2437 3857 parentes
2476 3786 2771 3841 habiturus

1625 3860 1699 3913 sit
1734 3860 2079 3929 superstites,
2110 3877 2238 3913 cum
2263 3864 2499 3914 naturae
2526 3859 2651 3929 lege
2668 3856 2773 3911 filii

1623 3932 1951 4000 parentibus
1986 3931 2315 4000 superstites
2350 3947 2469 3985 esse
2514 3929 2774 3984 debeant.

1968 4043 2298 4099 Carmen
2333 4040 2423 4097 VI.

1693 4140 2132 4195 Acerbissimum
2192 4155 2415 4194 carmen
2475 4138 2535 4191 in
2595 4137 2772 4193 homi-

1623 4229 1751 4267 nem
1812 4212 2097 4282 ignotum,
2170 4211 2269 4280 qui
2327 4210 2655 4273 innocentes
2714 4212 2773 4264 et

1624 4284 1949 4354 peregrinos
1986 4283 2255 4351 homines,
2278 4282 2377 4351 qui
2412 4282 2521 4349 ipsi
2564 4298 2623 4336 se
2658 4297 2771 4335 non

1622 4358 1929 4424 potuerunt
1976 4354 2293 4421 defendere,
2344 4353 2606 4422 malignis
2654 4369 2771 4407 car-

1622 4426 1866 4481 minibus
1888 4456 1954 4466 —
1974 4444 2105 4480 nam
2140 4426 2368 4479 videtur
2398 4430 2569 4494 poeta
2602 4423 2775 4479 fuisse

1626 4526 1690 4537 -
1754 4501 1877 4552 erat
1926 4498 2311 4553 calumniatus.
2384 4494 2655 4550 Horatius
2716 4512 2775 4549 se

1622 4574 1911 4637 comparat
1964 4586 2091 4623 cum
2143 4585 2279 4623 cane
2330 4568 2621 4637 pastorali,
2670 4566 2767 4635 qui
