3092 5059
1126 251 1286 318 LIB.
1336 253 1388 319 I.
1433 251 1618 318 SA'P.
1657 252 1742 318 Π.

2506 245 2629 311 351

1181 467 1510 554 SATIRA
1574 467 1679 551 II.

332 628 948 709 Ambubaiarum
1000 633 1348 732 collegia,
1401 630 2075 732 pharmacopolae,

329 755 693 854 Mendici,
749 757 1053 852 mimae,
1109 757 1569 854 balatrones,
1622 757 1771 832 hoc
1824 782 2065 856 genus
2113 783 2338 832 omne

331 882 712 957 Maestum
765 907 854 957 ac
903 882 1320 958 sollicitum
1375 894 1489 958 est
1539 882 1875 957 cantoris
1922 895 2172 958 morte
2222 881 2545 982 Tigelli:

337 1006 646 1106 Quippe
690 1007 1067 1106 benignus
1115 1018 1296 1084 erat.
1357 1009 1649 1086 Contra
1695 1006 1844 1102 hic,
1891 1032 1989 1082 ne
2040 1006 2415 1106 prodigus
2470 1031 2633 1083 esse

271 1163 298 1204 ⁵
331 1132 651 1207 Dicatur
701 1145 1070 1228 metuens,
1118 1133 1335 1234 inopi
1387 1131 1577 1208 dare
1630 1130 1827 1207 nolit
1876 1132 2150 1227 ami00‚

333 1257 610 1355 Frigus
665 1281 818 1356 quo
875 1256 1302 1358 duramque
1352 1257 1642 1332 famem
1689 1255 2128 1356 propellere
2176 1256 2437 1353 possit.

331 1381 564 1458 Hunc
615 1383 682 1457 si
722 1382 1216 1481 perconteris,
1267 1383 1393 1458 avi
1444 1407 1583 1457 cur
1630 1392 1863 1482 atque
1913 1381 2255 1482 parentis

339 1505 827 1583 Praeclaram
877 1504 1183 1603 ingrata
1232 1504 1556 1603 stringat
1606 1503 1853 1579 malus
1904 1503 2253 1602 ingluvie
2301 1531 2488 1602 rem,

648 1762 878 1819 Satira
911 1764 984 1818 Π.

308 1884 666 1940 Occasionem
718 1885 1044 1942 scribendae
1097 1886 1262 1941 huius
1309 1904 1391 1940 sa·

236 1958 384 2012 tirae
465 1958 741 2026 accepisse
820 1956 1049 2014 videtur
1121 1957 1392 2013 Horatius

235 2032 463 2083 mortuo
499 2027 576 2083 M.
620 2026 862 2100 Tigellio
900 2029 1096 2098 Sard0,
1139 2031 1236 2106 qui
1275 2047 1391 2084 mu-

235 2101 386 2155 sicae
421 2100 563 2155 artis
611 2101 986 2170 peritissimus
1033 2107 1267 2171 propter
1305 2119 1392 2156 ra·

238 2189 610 2297 E⁸T¹¹²1ui1⁹u⁰ss¹¹¹
633 2177 946 2310 0533}ssss
1001 2173 1392 2314 ffissassffi‘}

240 2313 636 2384 Octavianum3
681 2315 850 2370 homo
894 2319 1084 2370 tamen
1129 2316 1391 2386 pestilen-

237 2387 354 2440 tior
397 2402 500 2440 sua
542 2387 730 2455 patria
777 2386 917 2455 (Cic.
966 2387 1098 2442 fam.
1143 2387 1260 2455 VII,
1296 2387 1392 2457 24)

239 2461 298 2512 et
342 2457 403 2512 in
459 2457 735 2513 facilitate
788 2459 1166 2527 parandarum
1222 2476 1391 2529 opum

238 2529 480 2584 maxime
515 2529 804 2600 prodigus.
847 2532 1262 2601 Argumentum
1297 2547 1392 2602 ge-

238 2601 416 2655 nerali
469 2603 750 2656 sententia
809 2603 1151 2671 proponitur
1204 2621 1256 2658 v.
1304 2603 1392 2670 24,

240 2673 328 2728 cui
365 2677 633 2742 quattuor
667 2673 938 2742 exemplis
978 2673 1391 2740 diversissimis,

277 2745 464 2815 redigi
500 2743 743 2798 hominis
779 2750 838 2799 et
875 2746 1049 2813 avari,
1084 2746 1306 2816 nepotis
1334 2751 1394 2800 et

238 2761 629 2874 faeneratoris.
648 2816 836 2871 aditus
852 2822 1103 2886 paratur.
1130 2817 1249 2872 Iam
1267 2833 1392 2871 ver·

240 2903 364 2942 sum
421 2889 494 2940 24
546 2886 684 2941 bina
737 2888 944 2942 iterum
1009 2890 1390 2958 exemplorum

242 2959 406 3028 paria
461 2963 790 3028 sequuntur,
849 2964 914 3014 ut
961 2960 1092 3015 inde
1136 2979 1170 3015 a
1231 2979 1285 3014 v.
1321 2961 1391 3013 28

240 3029 520 3102 generalis
583 3030 687 3085 illa
749 3032 1026 3086 sententia
1094 3047 1263 3101 quam
1316 3032 1393 3086 sit

239 3118 374 3156 vera
410 3102 469 3155 in
507 3107 662 3157 certa
697 3119 778 3171 re,
824 3121 936 3172 qua
983 3107 1106 3158 tum
1149 3103 1392 3158 maxime

239 3171 492 3228 Romana
547 3173 744 3228 civitas
800 3175 1111 3238 laborabat,
1167 3175 1392 3230 demon-

237 3247 467 3298 stretur.
564 3244 650 3299 De
715 3250 968 3316 tempore
1034 3263 1144 3315 quo
1217 3247 1394 3302 satira

239 3315 452 3384 scripta
518 3315 780 3370 videatur
850 3335 964 3372 non
1035 3319 1396 3373 consentiunt

239 3387 350 3440 viri
399 3387 568 3442 docti.
651 3388 772 3443 Hoc
824 3394 1040 3444 certum
1096 3395 1206 3457 est,
1263 3395 1396 3444 ante

241 3459 472 3514 tertiam
512 3463 570 3513 et
604 3465 866 3528 quartam
902 3461 1068 3516 huius
1093 3461 1226 3515 libri
1249 3460 1396 3515 hanc

242 3529 609 3598 compositam
645 3547 778 3586 esse.
856 3532 976 3586 Iam
1013 3532 1109 3587 alii
1151 3533 1249 3601 qui
1286 3532 1397 3586 sibi

283 3607 643 3656 ersuaserunt
675 3620 841 3658 versu
881 3605 952 3658 25
987 3603 1122 3658 ficto
1167 3604 1394 3659 nomine

305 3673 512 3728 alchini
578 3674 668 3728 vel
734 3673 960 3730 Maltini
1015 3675 1396 3730 Maecenatem

242 3745 523 3814 vellicari,
575 3761 756 3814 neque
814 3747 1052 3801 credunt
1099 3747 1284 3802 facere
1333 3746 1394 3800 id

317 3817 491 3871 tuisse
554 3815 854 3872 Horatium
921 3818 983 3873 in
1053 3818 1394 3874 Maecenatis

269 3886 690 3942 amiliaritatem
735 3889 847 3944 iam
894 3895 1208 3960 receptum,
1262 3891 1395 3944 sati·

243 3976 364 4013 ram
419 3976 565 4014 anno
612 3961 720 4014 714
760 3961 848 4015 vel
894 3965 1002 4016 715
1049 3962 1395 4028 attribuunt3

244 4030 342 4084 alii
391 4031 462 4085 ad
519 4049 568 4086 a.
617 4033 724 4085 717
767 4031 1121 4088 referendam
1175 4037 1394 4104 putant.

246 4101 492 4168 Quorum
527 4103 718 4172 opinio
758 4104 898 4158 mihi
935 4105 1164 4174 quidem
1193 4105 1396 4176 proba-

245 4173 416 4228 bilior
450 4173 691 4243 videtur,
718 4175 984 4244 quoniam
1021 4177 1198 4231 satira
1224 4177 1398 4230 tertia

244 4248 375 4299 ante
427 4263 478 4299 a.
531 4247 635 4299 717
699 4244 1131 4318 haudquaquam
1187 4248 1398 4318 scripta

246 4320 330 4370 est
386 4315 536 4386 (vide
579 4317 655 4370 ib.
703 4335 758 4371 v.
793 4317 890 4388 64)
934 4337 1114 4388 neque
1157 4320 1279 4375 veri
1323 4319 1396 4373 si·

243 4388 375 4442 mile
411 4391 497 4443 est
529 4387 692 4457 hanc,
731 4389 889 4444 cuius
926 4391 1078 4445 haud
1131 4391 1300 4446 dubie
1335 4392 1395 4445 in

245 4461 416 4514 tertia
450 4459 598 4514 ratio
635 4459 892 4522 habetur.
921 4463 1138 4517 duobus
1170 4463 1262 4518 vel
1295 4463 1396 4516 tri·

245 4529 347 4585 bus
391 4530 554 4586 annis
603 4535 734 4586 ante
779 4534 1048 4605 scriptam
1095 4551 1229 4589 esse.
1319 4533 1398 4589 Et

246 4601 376 4658 vide
411 4601 563 4657 infra
599 4603 672 4657 ad
707 4621 761 4657 v.
799 4607 888 4659 25.

1557 1721 1623 1776 V.
1642 1726 1689 1776 1.
1712 1717 2153 1791 ambubaiarum]
2180 1719 2323 1774 Sunt
2341 1720 2639 1790 „mulieres

1485 1793 1755 1849 tibicinae
1816 1792 2015 1866 lingua
2074 1791 2366 1862 Syrorumz
2430 1793 2638 1847 etenim

1487 1865 1640 1934 Syris
1668 1865 1813 1921 tibia
1838 1866 1957 1919 sive
1978 1863 2310 1935 symphonia
2338 1863 2639 1918 ambubaia

1485 1937 1749 1994 dicitur.“
1856 1935 2063 1992 Comm.
2132 1935 2298 2005 Cruq.
2364 1935 2640 2006 Compara

1488 2025 1755 2105 κζηεῦιιῖ,
1787 2024 1935 2094 plur.
1972 2029 2271 2102 &23³23c5.
2343 2023 2494 2078 Suet.
2530 2023 2639 2078 Ne·

1486 2117 1610 2155 ron.
1658 2117 1705 2156 c.
1748 2103 1849 2155 27:
1906 2095 2338 2170 „cenitabatque
2383 2117 2639 2155 nonnun-

1487 2189 1655 2240 quam
1692 2177 1751 2227 et
1786 2174 1848 2227 in
1882 2172 2111 2244 publico
2136 2173 2287 2227 inter
2322 2177 2637 2227 scortorum

1485 2245 1664 2298 totius
1710 2244 1867 2298 urbis
1905 2243 2432 2313 ambubaiarumque
2476 2243 2639 2298 mini-

1485 2315 1713 2370 steria.“
1786 2313 2027 2385 collegia
2068 2316 2253 2371 iocose
2298 2315 2453 2370 dicta
2488 2317 2639 2382 sunt,

1487 2387 1646 2455 quasi
1702 2387 1790 2442 his
1850 2387 2205 2455 mulieribus,
2260 2391 2327 2440 ut
2388 2387 2639 2456 collegiis

1484 2457 1844 2528 pontificum,
1898 2475 2175 2530 augurum
2189 2499 2204 2527 ‚
2261 2458 2503 2512 aliorum
2570 2475 2640 2512 ex

1486 2533 1536 2584 S.
1560 2530 1617 2584 C.
1657 2529 1809 2585 coire
1846 2529 2059 2586 liceret.
2083 2559 2150 2570 ·-
2163 2529 2641 2601 pharmacopolae]

1486 2601 1828 2657 medicorum
1868 2603 2149 2672 quoddam
2195 2619 2369 2672 genus
2405 2602 2639 2656 circum-

1487 2673 1863 2742 foraneorum,
1909 2675 2005 2743 qui
2047 2691 2151 2743 per
2194 2673 2360 2728 urbes
2404 2672 2639 2726 cursita-

1486 2744 1629 2799 bant
1698 2746 2038 2814 creduloque
2109 2745 2332 2814 popello
2401 2744 2642 2799 medica·

1486 2822 1677 2872 menta
1714 2817 2102 2872 venditabant.
2137 2816 2248 2870 Cic.
2287 2816 2502 2872 cluent.
2546 2818 2638 2869 14:

1487 2888 1665 2957 „Tum
1714 2893 1945 2958 repente
1999 2888 2417 2943 Anconitanum
2470 2904 2643 2956 quen·

1486 2960 1618 3014 dam
1643 2960 1709 3013 L.
1732 2959 1991 3016 Clodium
2013 2960 2509 3029 pharmacopolam
2534 2960 2639 3014 cir·

1487 3032 1903 3086 cumforaneum
1954 3031 2339 3102 aggreditur.“
2376 3058 2443 3071 -
2482 3031 2641 3086 Men-

1486 3103 1619 3172 dim]
1650 3099 1905 3172 ἄγὺρταις
1942 3103 2167 3166 harioli,
2200 3101 2365 3170 Galli,
2401 3119 2641 3172 quorum

1487 3175 1840 3244 impudentia
1878 3173 2234 3230 mendicandi
2284 3191 2501 3228 summa
2553 3174 2641 3227 fu-

1487 3247 1597 3301 isse
1632 3246 1897 3301 traditur.
1970 3245 2163 3300 Etiam
2198 3245 2391 3300 Iudaei
2428 3243 2642 3300 Romae

1487 3317 1845 3388 vagabantur
1873 3317 2255 3373 mendicantes
2294 3321 2351 3372 et
2376 3321 2641 3386 quaestus

1489 3407 1657 3444 causa
1676 3388 2035 3444 hariolantes.
2050 3419 2117 3428 —
2134 3389 2462 3457 balatrones]
2488 3405 2640 3442 scur-

1488 3479 1603 3530 rae,
1641 3462 1738 3530 qui
1774 3461 2119 3530 loquacitate
2163 3460 2367 3514 divites
2404 3459 2644 3515 delecta-

1487 3532 1643 3586 bant.
1716 3531 1852 3587 Inde
1889 3531 2111 3587 Servilii
2164 3547 2476 3602 cognomen
2525 3531 2640 3586 Sat.

1489 3603 1563 3672 11,
1586 3606 1637 3672 8,
1676 3605 1761 3659 21.
1799 3603 2080 3659 Lucienus
2116 3603 2389 3657 Miillerus
2425 3604 2487 3657 in
2520 3603 2645 3657 vita

1489 3675 1714 3730 Horatii
1772 3693 1827 3745 p.
1866 3677 1935 3729 75
1992 3675 2203 3740 docuit,
2253 3675 2313 3729 in
2358 3675 2546 3730 satiris
2584 3677 2642 3728 et

1491 3746 1741 3816 epistolis
1768 3763 1837 3801 ex
1870 3763 2028 3801 more
2053 3747 2320 3816 antiquae
2345 3747 2527 3816 poesis
2563 3745 2641 3800 la-

1489 3821 1643 3873 tinae
1678 3818 1979 3873 Horatium
2022 3819 2209 3873 varias
2256 3819 2515 3873 notiones
2551 3833 2641 3871 cu·

1489 3890 1729 3945 mulasse
1762 3891 1937 3944 veluti
1966 3890 2075 3945 hoc
2098 3891 2241 3958 1000,
2279 3889 2393 3945 Sat.
2413 3890 2456 3954 Ι,
2486 3892 2534 3958 1,
2554 3891 2643 3943 39.

1489 3961 1596 4031 Ep.
1625 3961 1697 4030 11,
1740 3964 1789 4030 1,
1835 3963 1952 4016 192.
1990 3961 2063 4030 11,
2106 3965 2157 4030 2,
2192 3963 2322 4029 2033
2357 3961 2507 4017 idem
2541 3977 2639 4030 po·

1489 4038 1611 4089 stea
1646 4033 1828 4088 rarius
1877 4032 2093 4088 factum
2128 4049 2262 4088 esse.
2312 4063 2379 4073 —
2434 4031 2641 4102 Tigelli]

1489 4103 1599 4160 Hic
1644 4105 1851 4160 Sardus
1896 4104 1992 4173 (cf.
2030 4104 2145 4159 Sat.
2180 4105 2223 4171 Ι,
2262 4105 2314 4172 3,
2352 4103 2422 4172 3.)
2456 4103 2639 4157 diver-

1489 4193 1583 4230 sus
1656 4181 1741 4232 est
1814 4175 1885 4230 ab
1952 4177 2304 4246 Hermogene
2370 4173 2611 4245 Tigellio
2627 4213 2641 4242 ,

1489 4249 1648 4302 cuius
1684 4248 1895 4302 mentio
1930 4247 1998 4303 fit
2036 4249 2097 4302 in
2122 4247 2309 4302 Satira
2342 4251 2546 4317 quarta
2583 4251 2641 4300 et

1489 4319 1705 4374 decima
1742 4319 1907 4374 huius
1956 4319 2108 4374 libri.
2143 4347 2215 4358 -
2252 4316 2539 4388 benignus]
2572 4335 2641 4372 ex

1489 4391 1769 4445 sententia
1805 4391 2033 4445 illorum
2075 4390 2383 4459 hominum,
2410 4407 2472 4444 re
2508 4407 2643 4445 vera

1487 4461 1777 4533 prodigus.
1814 4491 1875 4502 —
1904 4462 2157 4532 inmuta]
2186 4462 2320 4532 quia
2354 4477 2641 4531 nunquam

1487 4534 1747 4589 satiatur.
1784 4533 2009 4588 Lucret.
2036 4533 2139 4602 111,
2178 4535 2343 4587 1016:
2386 4532 2642 4603 „Deinde

1489 4606 1666 4660 animi
1731 4605 2015 4675 inqu-atem
2072 4609 2339 4660 naturam
2413 4621 2641 4676 pascere
