3092 5059
426 230 551 296 582

1319 227 1935 296 EPISTULARUM

531 419 615 497 Si
669 419 1048 519 quaedam
1097 420 1324 494 nimis
1377 420 1713 518 antique,
1768 421 1835 494 si
1886 420 2261 520 pleraque
2314 418 2511 493 dure

527 545 798 620 Dicere
853 543 1102 620 credit
1155 569 1307 640 eos,
1362 546 1645 641 ignave
1698 546 1939 621 multa
1988 543 2295 638 fatetur,

533 671 628 743 Et
677 671 880 765 sapit
931 681 1005 744 et
1055 695 1357 745 mecum
1412 671 1599 745 facit
1650 683 1724 744 et
1778 671 1966 744 Iove
2016 669 2306 744 iudicat
2354 693 2637 767 aequo,

529 795 702 868 Non
752 793 1117 893 equidem
1169 794 1502 869 insector
1552 794 1982 869 delendave
2034 795 2377 869 carmina
2426 793 2605 867 Livi

449 953 498 992 το
533 919 719 994 Esse
771 944 972 1015 reor,
1025 919 1344 993 memini
1397 905 1597 1016 quae
1650 918 2058 1019 plagosum
2109 917 2301 992 mihi
2350 943 2595 1017 parvo

531 1044 918 1122 Orbilium
970 1043 1295 1140 dictare3
1351 1043 1488 1118 sed
1543 1044 1949 1120 emendata
2002 1043 2249 1119 videri

531 1170 1018 1268 Pulchraque
1071 1182 1148 1244 et
1199 1169 1486 1244 exactis
1538 1171 1942 1244 minimum
1993 1169 2361 1245 distantia
2410 1170 2675 1244 miror.

529 1297 746 1372 Inter
801 1321 998 1394 quae
1053 1296 1368 1369 verbum
1421 1295 1741 1369 emicuit
1792 1296 1857 1370 si
1908 1297 2114 1370 forte
2166 1295 2535 1370 decorum
2590 1307 2671 1370 et

531 1423 615 1500 Si
667 1449 932 1497 versus
990 1423 1218 1520 paulo
1273 1422 1722 1496 concinnior
1774 1447 1969 1495 unus
2018 1433 2093 1496 et
2142 1420 2361 1515 alter,

443 1578 494 1619 τε
529 1547 824 1622 Iniuste
873 1561 1119 1624 totum
1177 1546 1388 1621 ducit
1439 1545 1854 1645 venditque
1904 1570 2207 1642 poema.

426 1790 659 1856 minum,
685 1788 784 1859 qui
809 1789 1027 1844 adsunt.
1049 1818 1116 1830 --
1143 1787 1302 1860 Lim]
1331 1807 1378 1844 c.
1405 1791 1581 1844 470-

429 1862 536 1915 550
571 1879 622 1915 a.
660 1879 714 1914 ιι.
753 1879 798 1916 c.
833 1861 1028 1915 Livius
1067 1861 1434 1930 Andronicus,
1471 1861 1584 1916 for-

430 1937 578 1987 tasse
630 1933 988 2000 Tarentinus,
1035 1933 1290 2002 captivus
1339 1933 1584 1988 Tarento

433 2004 542 2058 472
575 2021 624 2058 a.
665 2021 718 2058 ιι.
757 2021 803 2058 c.
843 2005 982 2059 urbe
1019 2009 1182 2074 capta
1219 2005 1456 2059 Romam
1491 2021 1584 2058 ve·

432 2077 537 2143 nit,
561 2075 660 2129 ubi
685 2094 719 2130 a
739 2075 797 2130 C.
819 2076 983 2130 Livio
1014 2076 1327 2131 Salinatore
1351 2079 1587 2146 propter

429 2149 662 2272 ingeriit
703 2147 983 2274 cultRuram
1037 2148 1299 2274 liibgrtate
1319 2148 1587 2274 ᾱᾶοιιιιὲιιὲ

429 2237 486 2274 es
517 2259 530 2272 .
613 2236 789 2273 rimus
863 2237 1022 2274 omae
1075 2237 1106 2274 a
1149 2237 1299 2274 uam
1359 2237 1483 2274 ocm
1527 2237 1559 2274 e

427 2292 672 2360 primum
711 2291 857 2346 ludis
898 2291 1162 2346 Romanis
1199 2308 1246 2345 a.
1285 2310 1338 2345 ιι.
1383 2309 1429 2346 c.
1475 2294 1583 2345 515

427 2361 724 2432 tragoedia
784 2368 842 2417 et
897 2363 1183 2418 comoedia
1229 2381 1263 2416 a
1308 2363 1472 2416 Livio
1523 2364 1585 2417 in

431 2451 686 2489 scaenam
722 2433 858 2488 data
893 2439 992 2489 est.
1053 2434 1354 2502 Odysseam
1392 2435 1584 2488 latinis

429 2505 684 2560 versibus
703 2505 1024 2574 (Saturniis)
1052 2507 1456 2575 interpretatus
1481 2511 1583 2560 est.

432 2606 501 2617 —
537 2577 756 2647 immae]
797 2595 942 2646 quae
967 2578 1182 2632 nullam
1217 2577 1335 2631 vim
1373 2577 1586 2632 habent

429 2649 502 2702 ad
536 2648 840 2703 movendos
887 2648 1190 2704 auditores.
1233 2675 1292 2686 —-
1336 2651 1458 2704 Iove
1496 2666 1581 2704 ae·

427 2719 558 2789 quo]
585 2720 876 2789 „Propitio
901 2719 1036 2788 sibi3
1063 2721 1196 2774 Iove
1222 2721 1449 2788 quidem
1473 2721 1581 2776 ira-¹

427 2797 486 2845 to
514 2789 595 2856 fit,
620 2795 687 2844 ut
711 2796 901 2845 errent
925 2792 1174 2846 homines
1199 2809 1266 2846 ac
1284 2791 1579 2846 delirent.“

429 2863 633 2932 Porph.
682 2891 748 2902 --
797 2863 1104 2934 delemlave]
1153 2863 1246 2918 Sic
1291 2864 1582 2931 antiquiss.

429 2934 629 2988 Bland.
659 2934 770 2988 duo
797 2935 896 2988 alii
923 2935 1155 3004 Cruquii
1180 2953 1308 2989 eum
1333 2935 1460 2990 aliis
1487 2952 1581 2988 an-

427 3007 602 3074 tiquis
648 3006 810 3060 libris
847 3006 1001 3060 MSS.
1039 3006 1293 3061 Torentii
1346 3012 1404 3061 et
1440 3007 1582 3061 Beu-

427 3078 559 3146 tlei3
607 3078 814 3132 rectius
863 3095 1030 3146 quam
1076 3077 1408 3162 delendaque
1453 3083 1583 3147 post

427 3150 1149 3289 {ffliffissssffiffltgffifflffiz
1175 3153 1400 3286 3333,
1437 3150 1581 3277 ἓξὲ-

430 3293 612 3358 stein„
661 3292 898 3363 Kriiger.
947 3297 1280 3362 receperunt
1326 3298 1472 3362 part.
1505 3311 1581 3362 ve,

429 3364 668 3419 alterum
694 3365 1089 3434 praetulerunt
1108 3365 1318 3434 Haupt.
1341 3365 1579 3420 Meinek.

428 3435 657 3489 Linker.
696 3435 1018 3490 Doederlin.

503 3507 562 3558 V.
605 3509 691 3559 71.
753 3505 1040 3576 Orbilium]
1101 3507 1325 3562 Sueton.
1379 3507 1450 3562 de
1499 3509 1581 3562 in-

429 3579 589 3632 lustr.
629 3578 874 3634 Gramm.
914 3597 959 3633 c.
997 3581 1062 3633 9:
1141 3579 1428 3647 „Orbilius
1473 3579 1581 3634 Pu-

427 3649 598 3719 pillus
650 3650 1076 3704 Beneventanus
1129 3652 1314 3720 primo
1359 3652 1582 3720 appari-

427 3729 614 3776 turam
651 3723 1076 3792 magistratibus
1116 3723 1267 3783 fecit,
1295 3723 1497 3776 deinde
1521 3724 1581 3776 in

429 3793 758 3848 Macedonia
795 3795 1096 3859 cornicu10,
1135 3811 1266 3848 mox
1303 3810 1444 3862 equo
1470 3812 1581 3847 me-

425 3867 564 3930 ruit,
600 3865 934 3934 functusque
969 3867 1178 3920 militia
1213 3866 1404 3919 studia
1423 3883 1582 3935 repe-

425 3937 539 4004 tiit,
579 3954 721 4006 quae
763 3938 875 3991 iam
913 3937 1043 3992 inde
1080 3953 1113 3989 a
1148 3954 1322 4007 puero
1363 3955 1478 3991 non
1503 3938 1580 3992 le·

427 4009 576 4062 viter
612 4009 906 4078 attigerat:
945 4026 1011 4063 ac
1061 4009 1344 4078 professus
1384 4009 1481 4062 diu
1519 4011 1581 4063 in

423 4081 612 4150 patria
648 4080 1112 4150 quinquagesimo
1160 4081 1383 4135 demum
1432 4098 1579 4136 anno

425 4151 660 4206 Romam
737 4153 960 4206 consule
1029 4152 1296 4207 Cicerone
1352 4153 1582 4206 transiit

423 4223 728 4292 docuitque
779 4224 990 4277 maiore
1037 4223 1186 4278 fama
1226 4241 1391 4292 quam
1431 4241 1580 4278 emo·

425 4295 690 4348 lumento.
799 4295 1052 4365 Namque
1123 4296 1236 4350 iam
1307 4313 1579 4364 persenex

423 4383 726 4436 pauperem
777 4385 834 4420 se
885 4373 942 4421 et
977 4367 1240 4421 habitare
1280 4366 1382 4420 sub
1419 4371 1577 4436 tegu-

425 4438 496 4490 lis
536 4438 778 4505 quodam
814 4440 1028 4508 scripto
1054 4438 1284 4494 fatetur.
1320 4438 1456 4492 Fuit
1483 4457 1579 4492 au·

423 4514 536 4562 tem
582 4513 817 4562 naturae
863 4511 1096 4565 acerbae
1143 4528 1258 4564 non
1303 4511 1468 4563 modo
1519 4511 1581 4564 in

434 4578 858 4648 antisophistas,
927 4599 1065 4650 quos
1119 4583 1272 4637 omni
1325 4598 1581 4638 sermone

1682 1789 1970 1859 laceravit,
2026 1789 2123 1844 sed
2180 1789 2353 1844 etiam
2408 1791 2469 1844 in
2511 1789 2837 1860 discipulos,

1683 1867 1747 1916 ut
1782 1861 2053 1916 Horatius
2077 1860 2363 1932 significat
2384 1863 2683 1932 plagosum
2710 1879 2837 1917 eum

1681 1934 1970 2003 appellans
2019 1938 2077 1987 et
2112 1933 2395 1987 Domitius
2430 1933 2656 1988 Marsus
2706 1935 2835 1990 scri·

1681 2005 1845 2058 bens:
1911 2005 2001 2058 »Si
2038 2021 2177 2074 quos
2214 2003 2462 2059 Orbilius
2499 2005 2685 2060 ferula
2722 2023 2837 2061 scu-

1680 2078 1905 2145 ticaque
1942 2076 2235 2132 cecidit-‘⁴
2290 2076 2376 2130 De
2412 2078 2653 2146 antiqua
2688 2078 2839 2132 scho-

1680 2149 1863 2202 larum
1887 2148 2185 2218 disciplina
2220 2148 2323 2202 cfr.
2338 2147 2544 2202 'Plaut.
2572 2149 2834 2204 Bacchid.

1680 2219 1779 2282 111,
1818 2223 1869 2284 3,
1904 2221 1975 2273 27
1988 2241 2001 2273 ε
2051 2220 2181 2290 „ubi
2228 2220 2537 2275 revenisses
2586 2221 2833 2280 domum.

1682 2291 1989 2346 cincticulo
2024 2291 2380 2362 praecinctus
2423 2291 2487 2344 in
2510 2293 2653 2346 sella
2688 2293 2835 2362 apud

1678 2364 2015 2434 magistrum
2069 2363 2365 2431 assideres3
2425 2363 2571 2417 Tum
2626 2364 2835 2419 librum

1678 2436 1907 2505 legeres.
1993 2434 2053 2488 Si
2110 2453 2279 2489 unam
2335 2436 2685 2505 peccavisses
2736 2437 2837 2504 syl·

1679 2507 1882 2574 labam,
1917 2505 2108 2560 Fieret
2154 2507 2371 2560 corium
2420 2512 2540 2561 tam
2592 2509 2831 2562 maculo·

1678 2595 1817 2638 sum,
1856 2595 2023 2647 quam
2060 2583 2147 2632 est
2170 2577 2411 2632 nutricis
2433 2579 2730 2647 pallium.“
2768 2609 2829 2619 —

1678 2649 1905 2718 exactis]
1942 2650 1978 2703 i.
2018 2667 2063 2704 e.
2102 2649 2396 2718 perfectis3
2434 2651 2516 2704 sic
2552 2667 2831 2706 marmora

1678 2722 1751 2775 ad
1786 2737 2031 2791 unguem
2067 2723 2389 2791 exig-untur,
2440 2726 2507 2775 ut
2542 2723 2829 2794 intellega-

1676 2797 1789 2860 tur,
1828 2797 2017 2846 utrum
2055 2793 2191 2848 satis
2228 2793 2342 2848 sint
2390 2793 2575 2862 polita
2611 2811 2686 2848 an
2720 2811 2827 2848 non

1676 2865 1805 2918 sint.
1869 2864 1981 2918 Cfr.
2018 2863 2180 2918 Ovid.
2216 2864 2353 2918 Met.
2390 2865 2435 2933 I,
2472 2867 2600 2919 406.
2640 2895 2707 2905 —
2746 2867 2828 2920 ‹le-

1678 2951 1862 2990 corum
1885 2937 1953 3005 et]
1978 2941 2031 2990 et
2054 2953 2123 2990 ex
2146 2937 2309 2990 bonis
2333 2937 2531 2990 multis
2532 2955 2645 3006 qne
2671 2937 2823 2992 codd.

1676 3008 1915 3076 retinui,
1982 3011 2049 3061 ut
2120 3007 2444 3062 Doederlin.
2518 3008 2829 3079 Eckstein.;

1676 3080 2003 3133 abiecerunt
2036 3079 2245 3133 Keller.
2270 3080 2511 3150 Kriiger.
2556 3081 2825 3135 Meineke.

1676 3150 1933 3218 Linker.;
1969 3155 2271 3220 utrumque
2303 3157 2539 3206 rectum.
2578 3181 2645 3192 —·-
2682 3153 2829 3207 ducit

1674 3221 1985 3292 venditque]
2040 3240 2113 3277 sc.
2160 3239 2355 3276 tersus
2396 3224 2567 3292 paulo
2614 3225 2829 3278 concin-

1677 3295 1820 3348 nior.
1860 3293 2054 3364 Imago
2092 3299 2317 3364 sumpta
2352 3301 2437 3348 est
2472 3313 2507 3348 a
2543 3296 2827 3365 mangoni·

1676 3365 1797 3434 bus,
1856 3365 1954 3433 qui
2008 3365 2106 3419 ubi
2156 3365 2439 3420 venalium
2492 3384 2724 3437 gregem
2774 3368 2830 3421 in

1678 3441 1891 3490 catasta
1936 3437 2293 3520 exponebant
2342 3439 2589 3493 maxime
2626 3437 2829 3492 formo

1676 3525 1765 3562 sos
1806 3525 1873 3562 ac
1910 3509 2123 3563 validos
2158 3510 2221 3562 in
2260 3509 2443 3578 primo
2482 3509 2685 3564 ordine
2722 3511 2827 3566 col·

1677 3579 1961 3642 locabant,
2016 3581 2283 3634 nimirum
2334 3585 2401 3635 ut
2444 3581 2505 3634 hi
2554 3589 2829 3652 emptores

1674 3651 1966 3705 allicerent
2008 3656 2273 3721 totusque
2321 3669 2463 3722 grex
2498 3653 2668 3707 simul
2706 3671 2827 3707 ven·

1675 3723 1921 3777 deretur.
2004 3723 2296 3794 Scriptura
2357 3724 2515 3778 codd.
2564 3743 2703 3779 sana
2746 3731 2828 3780 est

1673 3813 1777 3849 nec
1831 3794 2054 3849 videtur
2120 3795 2421 3865 quicquam
2476 3813 2703 3866 cogere,
2764 3801 2826 3850 ut

1676 3883 1803 3920 cum
1858 3866 2111 3921 Bentleio
2168 3885 2237 3921 ex
2290 3883 2401 3921 uno
2458 3867 2581 3922 cod.
2628 3868 2825 3951 Regin.

1674 3939 1981 3992 scribamus
2018 3939 2170 3992 ducit
2201 3941 2453 4007 venitque
2482 3953 2683 4008 poema
2716 3941 2753 3993 i.
2778 3957 2821 3993 e.

1674 4014 1855 4063 totum
1904 4027 2106 4092 poema
2156 4011 2365 4064 iniuste
2410 4011 2569 4064 ducit
2614 4017 2820 4094 empto-

1674 4097 1793 4135 rem
1828 4085 1887 4134 et
1923 4082 2095 4135 venit.
2149 4082 2438 4136 Bentleius
2478 4083 2821 4152 comparavit

1674 4153 1783 4207 Cic.
1843 4153 1913 4206 de
1966 4152 2091 4206 Fin.
2153 4153 2227 4220 11,
2284 4155 2385 4206 31:
2464 4159 2821 4224 „venem-tque

1672 4225 1882 4293 scripta
1920 4225 2037 4278 eius
2074 4225 2361 4294 probitate
2398 4226 2575 4294 ipsius
2614 4232 2670 4279 et
2707 4243 2819 4280 mo-

1670 4297 1882 4356 ribus.“
1938 4301 1996 4350 et
2041 4297 2175 4350 Hor.
2228 4295 2341 4350 Sat.
2390 4297 2435 4364 1,
2488 4299 2540 4365 2,
2588 4296 2675 4364 88,
2726 4296 2817 4350 sed

1670 4373 1957 4436 emptorem
1992 4369 2112 4436 ipse
2146 4367 2353 4422 addere
2388 4368 2648 4422 debebat.
2718 4369 2817 4422 Re-

1672 4440 1817 4494 ctius
1856 4439 1915 4492 hi
1954 4440 2063 4493 loci
2102 4445 2503 4508 comparantur
2542 4439 2817 4495 Ciceronis

1675 4514 1796 4565 Att.
1844 4510 1995 4579 XIII,
2047 4514 2138 4576 12:
2214 4511 2616 4581 „laigarianam
2668 4529 2818 4582 pras-

1674 4583 1827 4637 clare
1882 4583 2201 4638 vendidisti:
2264 4583 2501 4651 posthac
2558 4584 2817 4652 quicquid
