3092 5059
794 241 957 307 LIB.
1004 238 1054 305 I.
1100 238 1350 307 GARM.
1392 240 1669 307 XXXV.
1713 242 2022 309 XXXVI.

608 428 1143 531 Fratrumque.

2487 246 2606 310 107

1250 429 1456 523 Quid
1510 458 1652 506 nos
1707 430 1901 507 dura
1956 432 2385 531 refugimus

527 588 581 631 ει
712 554 1007 632 Aetas?
1062 556 1251 657 quid
1299 558 1666 633 intactum
1719 556 1998 633 nefasti

808 680 1270 780 Liquimus?
1326 681 1533 757 unde
1591 706 1904 757 manum
1954 682 2308 757 iuventus

608 834 823 932 Metu
864 833 1188 911 deorum
1242 833 1675 908 continuit?
1730 832 2006 933 quibus

610 959 969 1057 Peperoit
1018 958 1227 1033 aris?
1329 956 1397 1033 O
1452 957 1746 1031 utinam
1798 981 2001 1065 nova

708 1082 1003 1159 Incude
1057 1082 1420 1179 diffingas
1472 1092 1816 1156 retusum
1865 1080 1946 1155 in

519 1242 573 1281 ω
808 1209 1277 1307 Massagetas
1333 1205 1789 1305 Arabasque
1831 1186 2175 1283 ferrum!

1012 1530 1393 1618 OARMEN
1460 1530 1832 1617 XXXVI.

610 1696 707 1770 Et
756 1709 925 1773 ture
979 1710 1053 1773 et
1102 1696 1383 1773 fidibus
1433 1697 1646 1771 iuvat

713 1821 1030 1897 Placare
1080 1834 1159 1897 et
1206 1822 1431 1897 vituli
1482 1822 1854 1919 sanguine
1904 1820 2165 1896 debito

616 1946 989 2024 Custodes
1040 1946 1425 2023 Numidae
1478 1946 1686 2042 deOS,

722 2071 873 2163 Qui
925 2099 1131 2149 nunc
1180 2073 1566 2175 Hesperia
1615 2096 1876 2170 sospes
1929 2070 2028 2146 ab
2080 2070 2350 2147 ultima

554 2232 579 2273 5
618 2198 837 2277 Caris
886 2196 1128 2273 multa
1172 2197 1586 2292 sodalibus,

713 2320 923 2397 Nulli
975 2322 1201 2421 plura
1250 2332 1507 2397 tamen
1562 2318 1844 2396 dividit
1897 2322 2160 2397 oscula

613 2444 863 2538 Quam
920 2445 1125 2521 dulci
1174 2445 1521 2543 Lamiae,
1569 2472 1870 2522 memor

710 2568 957 2645 Actae
1004 2596 1165 2645 non
1217 2570 1371 2645 alio
1426 2595 1612 2666 rege
1656 2571 2002 2669 puertiae

224 2734 441 2791 vulnera
512 2736 577 2790 in
646 2736 799 2792 bello
860 2736 1013 2791 civili
1080 2735 1363 2805 accepta.“

222 2802 460 2862 Lambin.
494 2836 577 2847 -
622 2808 758 2877 quid
802 2809 925 2878 nos]
962 2807 1155 2879 gravis
1192 2809 1363 2862 inter·

222 2879 571 2947 rogationum
620 2881 903 2949 cumulus3
956 2881 1025 2935 ci.
1066 2879 1246 2935 Carm.
1290 2879 1363 2941 ΙΙ,

226 2950 269 3008 l,
298 2950 523 3005 29-36.
564 2950 653 3005 De
692 2968 755 3005 re
792 2966 1057 3021 compara
1091 2951 1365 3005 Carminis

220 3018 363 3082 m,6
394 3023 644 3093 primam
668 3028 727 3078 et
760 3023 1021 3078 ultimam
1056 3024 1363 3092 stropham.

222 3120 283 3131 --
316 3094 545 3164 nefasti]
588 3096 800 3149 nomin.
836 3095 1075 3165 pluralis
1112 3100 1213 3155 est,
1251 3111 1365 3148 non

221 3164 518 3231 genetivus.
560 3194 631 3205 -
667 3165 843 3236 actas]
884 3166 1043 3221 Wex.
1078 3167 1151 3221 ad
1189 3166 1367 3221 Tacit.

223 3236 397 3305 Agric.
424 3241 449 3291 1
492 3242 706 3306 „actas‚
742 3232 905 3305 γενεά
942 3243 1002 3293 et
1036 3238 1219 3308 poetis
1256 3238 1367 3292 fre·

223 3312 544 3373 quantutum
578 3324 685 3363 nec
718 3308 973 3364 Ciceroni
1017 3310 1365 3364 inusitatum.

224 3374 372 3433 Brut.
407 3380 459 3443 9,
500 3382 593 3435 36.
636 3380 707 3434 de
742 3384 887 3435 orat.
937 3382 982 3449 1,
1024 3382 1107 3445 10,
1153 3383 1240 3436 40.
1280 3384 1367 3447 37,

228 3450 375 3503 171.‘·
420 3482 488 3491 —
540 3450 829 3522 difflnyas]
882 3452 1051 3506 aliter
1097 3470 1163 3508 ac
1208 3453 1367 3521 prius

224 3518 399 3577 fuerat
438 3523 678 3590 formes3
734 3524 1083 3579 rarissimum
1127 3524 1366 3578 vocabu-

226 3592 347 3647 lum.
392 3595 460 3651 cf.
506 3594 689 3649 Carm-
728 3594 829 3659 111,
862 3596 951 3662 29,
989 3598 1077 3649 47.
1117 3624 1184 3635 -—-
1224 3612 1369 3650 nova

224 3662 428 3735 incude]
483 3682 601 3721 non
651 3683 719 3721 ea
768 3680 879 3735 qua
925 3667 1061 3721 olim
1096 3667 1169 3721 ad
1216 3667 1368 3721 bella

224 3734 400 3791 civilia
432 3754 739 3807 procusum
775 3742 913 3791 erat.

507 3851 789 3907 Carmen
824 3848 1076 3906 XXXVI.

294 3946 497 4003 Acron:
520 3948 623 4015 „In
639 3948 912 4002 honorem
928 3948 1222 4017 Pomponii
1248 3948 1313 4003 N
1307 3966 1367 4004 a·

228 4015 394 4073 midae
438 4020 587 4075 hanc
628 4018 775 4075 oden
810 4020 1026 4087 scribit,
1069 4038 1173 4090 pro
1210 4021 1366 4076 cuius

228 4087 395 4143 salute
428 4108 501 4145 ex
519 4090 808 4159 Hispania
838 4093 1051 4147 reversi
1088 4095 1219 4146 vota
1241 4110 1365 4161 per·

229 4156 437 4213 solvit.“
475 4163 531 4216 Is
568 4162 745 4232 igitur
764 4162 1093 4231 Hesperiam
1128 4166 1205 4227 (v,
1222 4164 1281 4233 4)
1306 4165 1367 4219 in

228 4227 488 4301 Hispania
548 4234 792 4297 invenit3
846 4234 997 4303 quod
1048 4234 1095 4289 si
1150 4240 1367 4291 rectum

231 4306 325 4363 est,
360 4320 582 4361 carmen
612 4306 863 4374 pertinet
900 4306 971 4360 ad
1004 4322 1051 4361 a.
1092 4308 1215 4375 730,
1256 4324 1367 4375 quo

230 4373 504 4443 Augustus
540 4394 609 4431 ex
646 4376 951 4446 Hispanico
994 4377 1143 4433 bello
1180 4378 1366 4433 rediit.

233 4442 591 4517 Porphyrion:
650 4448 846 4516 „Hanc
882 4449 1026 4503 oden
1076 4450 1273 4505 scribit
1308 4450 1367 4504 in

232 4511 487 4573 honorem
536 4519 834 4589 Pomponii
890 4521 1115 4575 nomine
1174 4522 1367 4576 Numi-

234 4583 349 4656 dae,
404 4606 509 4658 pro
562 4591 719 4647 cuius
780 4590 965 4647 salute
1022 4594 1235 4649 reversi
1299 4610 1369 4648 ex

1466 2735 1832 2791 Mauretania
1892 2740 2027 2791 vota
2091 2736 2309 2790 solvere
2380 2752 2619 2804 aequum

1467 2824 1585 2861 esse
1621 2806 1812 2861 dioitf‘
1887 2806 2042 2875 Quae
2095 2808 2144 2860 si
2178 2810 2334 2861 recte
2369 2810 2621 2861 statuun-

1464 2883 1578 2944 tur,
1607 2896 1734 2933 cum
1754 2878 1978 2933 Rittero
2003 2895 2230 2933 carmen
2257 2878 2460 2932 referri
2495 2880 2620 2948 pot·-

1466 2955 1552 3004 est
1588 2950 1660 3005 sd
1697 2968 1747 3005 a.
1787 2952 1909 3017 718,
1945 2968 2076 3005 nam
2113 2968 2164 3003 a.
2203 2952 2308 3003 716
2348 2950 2444 3017 „in
2463 2949 2618 3003 Mau-

1466 3022 1689 3076 retania
1705 3023 1998 3077 turbatum
2015 3021 2196 3076 erat.“
2218 3020 2414 3075 Potest
2431 3025 2619 3075 autem

1468 3093 1838 3148 Mauretania
1882 3111 1954 3149 ex
2001 3094 2120 3162 ipso
2157 3094 2382 3149 nomine
2421 3092 2618 3145 Numi·

1468 3164 1574 3219 clas
1609 3181 1726 3219 esse
1761 3170 2010 3234 sumpta;
2060 3181 2376 3233 quanquam
2426 3163 2622 3234 negari

1467 3253 1584 3290 non
1653 3240 1842 3305 potest
1857 3276 1870 3299 ‚
1944 3234 2276 3305 Hispaniam
2347 3251 2622 3304 nusquam

1468 3378 1926 3434 ..0
1942 3306 2622 3449 erasnm
2685 3330 2692 3337 ·

1468 3450 1842 3519 Hesperidum
1878 3450 2349 3520 promunturium.
2411 3451 2490 3505 Et
2525 3466 2622 3503 na·

1468 3526 1603 3576 tura
1633 3522 1898 3576 carminis
1923 3522 2224 3576 iuvenilem
2247 3522 2426 3593 magis
2453 3538 2622 3590 quam

1468 3594 1692 3647 virilem
1727 3598 1927 3663 poetae
1965 3598 2206 3648 aetatem
2256 3594 2464 3663 prodit.
2536 3592 2624 3647 De

1468 3666 1634 3720 Aelio
1683 3664 1884 3719 Lamia
1927 3665 2058 3719 vide
2103 3664 2176 3719 ad
2223 3664 2406 3719 Carm.
2442 3665 2486 3733 Ι,
2523 3662 2620 3733 263

1468 3736 1720 3790 Damalis
1772 3736 2072 3791 libertinae
2121 3754 2340 3791 nomen.
2415 3736 2622 3791 Similis

1468 3808 1788 3878 argumenti
1844 3813 1930 3863 est
1978 3807 2156 3863 Carm.
2208 3808 2281 3876 11,
2323 3809 2382 3877 '¹13
2439 3808 2624 3862 simile

1468 3881 1640 3934 etiam
1677 3879 1856 3934 Carm.
1897 3880 1997 3945 m,
2039 3882 2104 3933 14
2141 3880 2210 3934 de
2246 3896 2470 3934 reverso
2507 3880 2620 3932 Au·

1467 3955 1666 4021 gusto;
1719 3951 1780 4005 in
1835 3951 1941 4005 hoc
1987 3955 2176 4006 tamen
2231 3951 2483 4005 diversus
2533 3966 2620 4004 co·

1468 4022 1572 4149 goir,
1611 4023 1790 4077 maior
1825 4023 2072 4092 licentia,
2128 4022 2452 4078 effrenatius
2487 4037 2624 4091 gau-

1531 4112 1642 4149 um.

1540 4165 1608 4219 V.
1643 4167 1696 4219 2.
1750 4164 1998 4234 placare]
2053 4165 2150 4219 Dii
2197 4165 2370 4219 etiam
2415 4162 2462 4217 si
2507 4180 2622 4216 non

1468 4240 1602 4291 sunt
1662 4237 1798 4291 irati
1851 4238 2164 4305 placantur,
2228 4236 2496 4289 nimirum
2549 4250 2620 4289 ne

1468 4308 1802 4370 irascantur,
1856 4308 1904 4362 si
1948 4325 2062 4362 non
2107 4308 2504 4378 persolvantur
2539 4323 2622 4361 sa-

1469 4378 1683 4434 crificia
1718 4380 1926 4435 debita.
1968 4380 2146 4434 Carm.
2176 4378 2277 4445 III,
2303 4380 2392 4447 23,
2414 4381 2464 4432 3.
2505 4376 2620 4433 Sat.

1468 4450 1541 4514 11,
1563 4454 1616 4519 3,
1636 4454 1756 4506 206.
1793 4451 1976 4521 Epist.
2001 4451 2046 4517 1,
2073 4452 2158 4512 16,
2185 4452 2268 4505 58.
2309 4452 2377 4504 Α.
2407 4450 2468 4503 P.
2497 4450 2620 4504 210.

1470 4550 1537 4561 -·-
1575 4538 1688 4577 non
1733 4523 1848 4577 alio
1881 4520 2026 4592 reqe]
2073 4520 2234 4589 Quid.
2257 4522 2364 4576 hoc
2409 4522 2500 4582 sit.
2539 4521 2620 4575 vi·-

1470 4592 1629 4649 debis
1665 4610 1736 4649 ex
1769 4592 1952 4663 Epist.
1977 4592 2024 4657 1,
2055 4596 2102 4657 1,
2131 4594 2216 4649 59.
2243 4622 2309 4633 --
2341 4592 2619 4665 puertiae]
