3092 5059
1002 240 1278 305 LIBER.
1348 240 1601 307 CARM.
1647 239 1787 306 XV.
1835 241 2011 307 XVI.

2580 244 2705 309 323

608 428 706 503 Et
755 440 861 524 tu,
919 428 1386 527 quicumque
1437 453 1517 505 es
1570 426 1873 503 felicior
1925 439 2158 528 atque
2202 454 2373 506 meo
2420 454 2626 505 nunc

707 551 1100 649 Superbus
1155 550 1448 629 incedis
1499 550 1729 647 malo,

605 676 726 754 Sis
771 702 1054 778 pecore
1107 690 1185 751 et
1234 676 1476 752 multa
1528 676 1743 754 dives
1794 676 2070 754 tellure
2119 677 2404 774 licebit,

522 834 577 874 ιο
711 800 1044 901 Tibique
1097 800 1455 876 Pactolus
1506 800 1715 898 fluat,

607 925 769 1002 Neo
812 938 888 1003 te
939 926 1428 1023 Pythagorae
1478 924 1755 1001 fallant
1800 951 2082 1001 arcana
2130 928 2379 1004 renati

710 1050 1146 1149 Formaque
1199 1051 1463 1125 vincas
1516 1048 1775 1144 Nirea,

609 1176 788 1252 Heu
839 1174 992 1251 heu
1037 1175 1442 1251 translatos
1493 1175 1651 1250 alio
1704 1177 2081 1253 maerebis
2134 1202 2471 1254 amores:

707 1297 853 1374 Ast
897 1325 1042 1397 ego
1095 1301 1429 1375 vicissim
1485 1301 1753 1377 risere.

1172 1637 1558 1727 OARMEN
1618 1642 1830 1729 XVI.

406 1806 678 1883 Altera
724 1807 877 1882 iam
932 1806 1207 1882 teritur
1254 1806 1476 1884 bellis
1530 1806 1885 1883 civilibus
1938 1821 2169 1904 aetas,

503 1933 675 2009 Suis
720 1945 795 2009 et
843 1931 1013 2030 ipsa
1062 1933 1304 2007 Roma
1355 1930 1652 2006 viribus
1699 1931 1868 2028 ruit,

343 2156 552 2211 uellam
610 2155 979 2224 quaesiverit,
1049 2172 1334 2223 nunquam
1395 2172 1453 2209 se

302 2173 414 2282 fleo
453 2228 655 2283 relicta
697 2228 772 2281 ad
815 2227 1088 2282 Neaeram
1133 2242 1453 2296 quanquam

343 2298 684 2355 ulchriorem
773 2299 1106 2353 rediturum.
1214 2298 1453 2353 Bentlei.

351 2371 654 2440 eerlkamp.
709 2372 843 2425 Axt·
899 2370 1118 2425 Miiller.
1167 2370 1452 2425 Eckstein.

303 2441 524 2497 Sohiita.
573 2442 780 2497 Keller.
818 2460 886 2497 ex
923 2443 1067 2497 coni.
1101 2439 1292 2508 offensi
1331 2442 1367 2495 i.
1405 2458 1453 2495 e.

303 2530 446 2581 mea,
496 2514 592 2583 qui
641 2512 882 2567 offensus
929 2531 1067 2578 sum,
1122 2513 1453 2567 constantia.

303 2584 578 2639 Similiter
615 2585 798 2655 Epod.
839 2586 924 2649 11,
967 2587 1045 2639 13.
1085 2614 1150 2625 —
1187 2584 1454 2655 superbus

303 2656 534 2727 incedis]
572 2656 644 2711 ef.
679 2656 859 2727 Epod.
901 2659 956 2724 4,
993 2660 1043 2710 5.
1087 2685 1160 2695 —
1203 2657 1285 2710 sis
1327 2656 1452 2710 lice-

301 2726 405 2798 bit]
442 2727 512 2782 cf.
550 2727 727 2782 Carm.
767 2728 812 2796 Ι,
853 2730 942 2797 28,
979 2730 1066 2781 35.
1103 2728 1203 2793 111,
1242 2728 1329 2791 27,
1368 2730 1452 2781 13.

303 2798 418 2853 Sat.
459 2800 532 2865 11,
562 2802 614 2867 2,
650 2801 736 2853 59.
776 2828 840 2839 --
883 2798 1160 2869 Pactolus]
1199 2798 1341 2853 Plin.
1383 2798 1450 2853 N.

301 2870 372 2925 Η.
421 2870 680 2939 XXXIII,
723 2873 794 2925 4:
860 2874 1113 2938 „Aurum
1167 2870 1453 2925 invenitur

301 2942 596 2997 fluminum
633 2943 920 3010 ramentis,
956 2948 1022 2997 ut
1065 2943 1126 2995 in
1160 2941 1316 3013 Tago
1354 2941 1452 2995 Hi·

303 3015 552 3085 spaniae,
598 3014 752 3069 Pado
801 3014 1014 3081 Italiae,
1051 3014 1238 3069 Hebro
1277 3013 1452 3067 Thra·

303 3086 440 3153 cias,
484 3085 715 3141 Pactolo
763 3086 950 3153 Asiae,
1001 3085 1194 3157 Gange
1241 3085 1450 3139 Indiae.

301 3156 430 3211 Non
475 3157 656 3211 ullum
714 3157 1026 3211 absolutius
1082 3174 1284 3211 aurum
1349 3161 1452 3224 est,

300 3246 470 3283 cursu
505 3230 626 3298 ipso
663 3229 918 3298 trituque
959 3228 1355 3298 perpolitum.“
1383 3256 1450 3267 -

299 3300 504 3371 renati]
553 3300 684 3354 vide
725 3300 798 3354 ad
833 3300 1014 3357 Carm.
1052 3300 1096 3359 Ι,
1130 3302 1218 3367 28,
1259 3303 1343 3354 10.
1384 3329 1449 3340 -

305 3372 508 3440 Nirea]
543 3372 672 3425 vide
709 3370 781 3426 ad
815 3370 996 3426 Carm.
1023 3370 1122 3433 111,
1153 3373 1241 3439 20,
1273 3373 1355 3425 15.
1387 3400 1447 3411 —-

297 3442 496 3513 risere]
524 3442 655 3498 Fut.
680 3446 858 3497 exact.
895 3442 966 3497 de
1001 3460 1080 3510 re,
1101 3460 1246 3511 quae
1283 3442 1452 3497 aliam

299 3530 422 3569 rem
463 3514 712 3570 futuram
748 3515 840 3570 vel
865 3514 1228 3569 comitabitur
1251 3516 1342 3569 vel
1365 3532 1450 3569 ce·

301 3586 531 3641 lex-rime
547 3590 825 3654 sequetur.
849 3592 916 3640 ut
934 3603 1021 3654 ap.
1045 3586 1155 3641 Cic.
1183 3584 1256 3639 ad
1277 3586 1451 3641 Attio.

301 3657 368 3722 V,
399 3660 452 3712 1.
499 3657 622 3726 „Tu
657 3658 838 3713 invita
873 3658 1154 3725 mulieres,
1177 3674 1282 3727 ego
1312 3660 1450 3713 eooi-

299 3746 464 3855 {erp}
455 3730 730 3870 ΡιΙιέιοΞέ
767 3729 842 3785 id.
879 3728 1037 3784 Verr.
1074 3728 1146 3790 11.
1174 3730 1260 3782 62.
1301 3728 1453 3783 Caes.

641 3914 932 3971 Carmen
969 3914 1113 3970 XVI.

371 4010 754 4067 Memorabilis
796 4018 881 4069 est
926 4013 1164 4067 Acronis
1217 4012 1453 4069 scholia·

301 4084 421 4137 stae
471 4082 542 4137 ad
594 4100 820 4138 versum
864 4086 930 4137 41
979 4084 1296 4139 adnotatio:
1353 4084 1454 4153 ,,Ιιι

303 4171 428 4223 quor
451 4152 721 4224 (Oceano)
767 4160 898 4209 sunt
941 4156 1156 4211 insulae
1202 4156 1453 4211 fortuna-

300 4229 412 4294 tae,
465 4225 538 4280 ad
581 4244 720 4295 quas
767 4226 1062 4283 Sallustius
1107 4228 1167 4282 in
1217 4228 1455 4283 historia

303 4296 443 4351 dicit
465 4298 682 4352 victum
705 4298 989 4353 voluisse
973 4317 1058 4354 ire
1076 4299 1454 4367 Sertorium?

299 4370 390 4423 oui
426 4368 564 4424 fides
602 4370 818 4425 accedit
853 4386 922 4424 ex
951 4370 1290 4427 auctoritate
1327 4371 1454 4427 ΡΙιι·

299 4440 486 4495 tarchi
523 4441 584 4495 in
629 4441 750 4495 vita
796 4441 1032 4498 Sertorii
1067 4460 1115 4498 c.
1152 4445 1186 4497 9
1222 4444 1456 4499 eandem

299 4530 422 4567 rem
455 4512 756 4567 narrantis.
828 4513 950 4570 Iam
985 4532 1112 4570 cum
1156 4513 1454 4571 Horatium

300 4584 509 4640 misero
555 4584 638 4639 rei
682 4584 944 4654 publicae
999 4591 1151 4641 statu
1203 4586 1454 4658 graviter

1550 2154 1838 2211 adflictum
1874 2155 1982 2210 hoc
2017 2155 2261 2211 carmine
2302 2156 2451 2211 idem
2488 2157 2703 2213 civibus

1550 2227 1663 2280 suis
1714 2226 2007 2282 consilium
2058 2226 2193 2283 dare
2239 2228 2543 2296 videamus,
2588 2247 2703 2283 non

1551 2298 1733 2352 inanis
1801 2298 2031 2353 videtur
2098 2300 2422 2355 coniectura
2478 2306 2699 2370 poetam

1550 2368 1931 2425 Sertorianum
1987 2370 2144 2427 illam
2188 2389 2379 2427 vocem
2428 2371 2489 2426 in
2533 2372 2703 2427 simili

1550 2441 1799 2495 omnium
1858 2458 2051 2497 rerum
2112 2442 2502 2512 desperatione
2566 2444 2705 2499 arri·

1547 2512 1735 2582 puisse
1792 2518 1850 2567 et
1919 2514 2154 2583 poeticis
2225 2514 2563 2585 imaginibus
2638 2532 2703 2571 ac

1549 2582 1854 2639 luminibus
1910 2584 2235 2639 illustrasse.
2324 2586 2553 2641 Summa
2606 2604 2701 2641 au-

1552 2660 1665 2709 tem
1706 2655 2089 2711 Romanarum
2126 2674 2317 2711 rerum
2363 2658 2701 2727 desperatio,

1552 2744 1693 2795 quae
1746 2744 1849 2796 per
1902 2732 2085 2783 totum
2140 2744 2365 2783 carmen
2412 2729 2571 2797 quasi
2620 2746 2701 2782 re-

1547 2803 1706 2868 gnat,
1742 2798 1891 2881 quod
1934 2798 2090 2853 aliud
2144 2804 2363 2869 tempus
2410 2800 2701 2855 ostendere

1549 2874 1737 2938 potest
1777 2870 1887 2923 nisi
1913 2870 2055 2923 illud
2092 2887 2201 2939 quo
2229 2871 2536 2927 Brutianae
2574 2889 2702 2941 par·

1549 2947 1634 2995 tes
1670 2941 1975 3011 dissipatae
2012 2958 2079 2996 ac
2119 2942 2453 3013 profligatae
2486 2943 2701 2997 nullam

1550 3012 1934 3067 restituendae
1994 3011 2275 3067 libertatis
2346 3031 2501 3083 spem
2572 3014 2702 3069 reli·

1550 3088 1793 3152 querant
1824 3084 2061 3139 necdum
2098 3084 2367 3139 Horatius
2404 3102 2533 3141 cum
2567 3102 2703 3139 con-

1550 3156 1731 3211 traria
1775 3160 1939 3225 parte
1986 3156 2069 3211 ita
2122 3173 2313 3226 pacem
2372 3156 2584 3211 fecerat
2638 3161 2704 3209 ut

1550 3228 1787 3281 salutem
1860 3227 1991 3281 inde
2062 3232 2252 3296 posset
2332 3232 2653 3297 exspectare
2673 3228 2701 3281 ἰ’

1552 3296 1735 3365 Quare
1784 3300 2057 3368 scriptum
2110 3298 2337 3353 videtur
2390 3316 2612 3355 carmen
2650 3316 2699 3351 a.

1552 3388 1607 3423 u.
1637 3387 1683 3425 c.
1710 3370 1815 3425 713
1852 3370 1956 3424 sub
1992 3370 2217 3425 initium
2253 3370 2388 3425 belli
2426 3370 2700 3425 Perusini.

1552 3441 1765 3495 Scaena
1801 3459 1945 3511 quae
1982 3442 2217 3497 carmini
2258 3443 2418 3512 quasi
2454 3442 2705 3497 subiecta

1551 3517 1654 3581 est,
1684 3518 1906 3582 sumpta
1943 3518 2028 3568 est
2065 3531 2131 3567 ex
2176 3515 2438 3569 contione
2474 3515 2702 3580 civium,

1550 3584 1623 3639 ad
1661 3602 1799 3653 quos
1823 3590 1991 3654 poeta
2015 3586 2137 3656 agit
2160 3585 2229 3640 de
2255 3603 2317 3641 re
2348 3585 2597 3655 publica;
2637 3591 2701 3639 ut

1547 3658 1791 3725 speciem
1838 3657 2108 3725 praebeat
2157 3657 2428 3712 orationis
2488 3658 2557 3712 ad
2602 3675 2699 3727 po-

1549 3728 1742 3797 pulum
1808 3727 2037 3783 habitae
2098 3734 2408 3785 metrorum
2462 3728 2701 3784 vinculis

1549 3799 1963 3855 circumclusae.
2035 3799 2101 3853 In
2139 3818 2249 3869 qua
2284 3819 2345 3856 re
2383 3802 2701 3870 quaerenda

1547 3871 1689 3925 mihi
1722 3871 1950 3926 videtur
1997 3889 2164 3926 causa
2206 3874 2473 3928 molestae
2522 3873 2699 3927 ouius-

1547 3942 1677 3997 dam
1716 3943 1993 3998 ubertatis
2032 3961 2097 3997 ac
2129 3961 2307 4013 paene
2351 3944 2585 3998 vitiosae
2622 3944 2700 3997 la-

1549 4014 1828 4084 titudinis,
1866 4032 2035 4103 quam
2070 4019 2135 4069 ut
2172 4016 2231 4070 in
2266 4032 2473 4099 magna
2495 4014 2698 4085 figura-

1550 4103 1675 4140 rum
1709 4086 1805 4139 τοῦ
1854 4080 2123 4141 ἀδυνατου
2174 4088 2335 4157 copia
2381 4086 2465 4141 ita
2500 4086 2559 4140 in
2616 4086 2698 4139 ni-

1550 4158 1665 4213 mia
1702 4158 2120 4213 fortunatarum
2146 4159 2456 4214 insularum
2494 4158 2698 4211 descri-

1550 4230 1745 4298 ptione
1788 4230 2180 4299 reprehendas.
2265 4230 2525 4285 Ceterum
2580 4228 2697 4283 ani—

1551 4300 2017 4355 madvertendum
2049 4305 2152 4369 est,
2179 4300 2550 4370 principalem
2580 4317 2701 4354 sen·

1550 4372 1787 4427 tentiam
1824 4372 2057 4427 eandem
2093 4389 2209 4427 esse
2238 4390 2405 4441 quam
2432 4372 2493 4426 in
2515 4370 2697 4441 Epod.

1550 4443 1583 4496 ’7
1621 4443 1800 4498 inesse
1837 4443 2098 4499 vidimus.

1619 4512 1685 4567 V.
1728 4517 1775 4569 l.
1821 4514 2041 4586 Altera]
2086 4530 2218 4568 nam
2264 4514 2495 4571 Sullana
2548 4520 2701 4571 aetas

1546 4586 1733 4655 prima
1769 4585 1896 4641 fuit.
1950 4616 2016 4627 —
2065 4584 2289 4657 teritur]
2329 4586 2502 4643 Recte
2542 4587 2699 4643 Com-
