3092 5059
1468 238 1925 307 CARMINUM

1319 462 1701 550 OARMEN
1765 465 2065 552 XXIII.

898 630 1115 707 Vitas
1169 632 1427 708 inuleo
1487 657 1614 707 me
1666 631 1959 729 similia,
2015 631 2287 729 Chloe,

897 757 1314 849 Quaerenti
1365 757 1733 859 pavidam
1788 758 2175 834 montibus
2226 758 2415 835 aviis

1002 884 1323 960 Matrem
1376 909 1533 959 non
1582 884 1745 960 sine
1795 909 1994 959 vano

1093 1006 1486 1083 Aurarum
1539 1020 1616 1084 et
1660 1008 1906 1083 siluae
1958 1021 2206 1083 metu:

839 1189 864 1229 ε
899 1158 1095 1233 Nam
1151 1183 1286 1233 seu
1341 1158 1757 1233 mobilibus
1810 1160 2068 1259 vepris
2118 1158 2505 1233 inhorruit

896 1283 1026 1360 Ad
1077 1296 1390 1360 ventum
1441 1282 1654 1359 foliis
1707 1310 1839 1360 seu
1890 1282 2177 1359 virides
2230 1284 2508 1361 rubum

993 1410 1408 1485 Dimovere
1456 1407 1813 1505 lacertae,

1088 1534 1186 1608 Et
1236 1533 1472 1610 eorde
1523 1546 1599 1609 et
1650 1534 1973 1634 genibus
2028 1534 2308 1610 tremit.

892 1682 1136 1783 Atqui
1185 1710 1341 1759 non
1395 1708 1542 1781 ego
1597 1698 1675 1760 te
1726 1685 1942 1781 tigris
1992 1697 2078 1762 ut
2130 1709 2405 1785 aspera

817 1841 864 1879 ιο
903 1809 1375 1889 Gaetulusve
1424 1809 1549 1885 leo
1605 1810 1971 1908 frangere
2014 1834 2479 1911 persequor:

995 1934 1343 2011 Tandem
1395 1933 1660 2010 desine
1712 1948 2038 2011 matrem

1093 2059 1585 2159 Tempestiva
1632 2061 1853 2161 sequi
1903 2059 2094 2135 viro.

1331 2388 1712 2477 OARMEN
1775 2390 2067 2477 XXIV.

901 2556 1092 2651 Quis
1147 2556 1531 2635 desiderio
1586 2557 1683 2632 sit
1731 2555 1987 2658 pudor
2036 2568 2168 2632 aut
2217 2555 2497 2632 modus

805 2842 1086 2899 Carmen
1121 2840 1326 2895 XXIII.

569 2954 662 3009 Ad
715 2970 979 3025 graecum
1037 2953 1273 3009 fortasse
1327 2954 1645 3022 exemplum

499 3025 725 3093 Chloen,
746 3026 1000 3080 timidam
1019 3025 1264 3095 puellam
1286 3029 1340 3080 et
1381 3025 1562 3079 amori
1586 3042 1645 3079 se

497 3098 948 3166 subtrahentem,
998 3101 1287 3166 eomparat
1339 3114 1466 3152 eum
1524 3098 1645 3150 inu·

495 3169 584 3224 leo
622 3174 862 3224 matrem
899 3169 1064 3223 anxie
1113 3168 1366 3237 sequenti
1405 3173 1462 3222 et
1496 3168 1643 3237 peri-

497 3241 624 3296 eula
660 3241 908 3310 undique
941 3240 1181 3294 timenti.
1253 3239 1422 3294 Chloe
1468 3234 1645 3311 (χλόη)

496 3330 701 3367 nomen
747 3312 818 3367 ab
863 3311 1099 3365 Horatio
1144 3328 1257 3365 non
1303 3310 1498 3366 fiotum
1547 3311 1645 3365 sed

497 3386 738 3440 electum
775 3388 876 3451 est,
913 3383 1176 3452 quoniam
1213 3383 1354 3439 bene
1382 3384 1645 3454 congruit

499 3476 624 3512 eum
675 3460 878 3510 natura
927 3460 984 3509 et
1031 3460 1214 3509 aetate
1251 3454 1485 3524 puellae.
1560 3453 1644 3508 De

500 3528 696 3582 eadem
728 3527 785 3580 G.
819 3526 919 3594 111,
966 3528 1036 3581 26
1084 3526 1354 3595 seriptum
1398 3526 1642 3580 videtur.

495 3598 740 3668 Tempus
779 3596 1002 3653 definiri
1037 3598 1249 3666 nequit.

571 3670 636 3723 V.
675 3672 725 3723 2.
764 3667 971 3737 inuleo]
1009 3668 1090 3723 Cf.
1127 3672 1422 3724 Anacreon
1467 3668 1536 3722 fr.
1574 3670 1642 3723 49

500 3742 728 3812 Bergk:
769 3738 1043 3810 „uram-34·
1081 3736 1170 3795 οἶά
1205 3758 1260 3795 τε
1299 3738 1498 3809 νεβρὸν
1529 3758 1644 3795 veo·

499 3816 671 3880 θηλέα
731 3806 1076 3881 Γαλαθηνόν,
1121 3808 1240 3866 ὅστ’
1286 3814 1349 3867 ἐν
1390 3812 1514 3885 ῧλῃς
1561 3828 1643 3865 κε-

497 3889 732 3956 ροέσσης
783 3880 1168 3957 ᾍπολειφθεὶς
1247 3881 1355 3939 ὑπὸ
1440 3880 1646 3954 μητρὸς

499 3951 796 4025 ἐπτοήθη.“
853 3958 1047 4011 Inuleo
1085 3955 1220 4023 (non
1256 3956 1507 4010 hinnuleo
1543 3959 1644 4010 aut

499 4028 733 4095 hinuleo)
762 4028 823 4081 in
853 4028 1111 4081 omnibus
1147 4028 1370 4097 seriptis
1412 4027 1643 4095 cruquii

498 4106 556 4157 et
591 4099 818 4169 optimis
855 4098 1084 4153 Kelleri.
1147 4098 1238 4153 Sie
1273 4099 1443 4154 etiam
1477 4098 1642 4152 Lam·

497 4172 662 4227 binus
689 4171 928 4241 scripsit.
956 4199 1023 4210 —
1049 4170 1244 4239 siluae]
1269 4170 1642 4238 trisyllabum,

496 4247 562 4297 ut
580 4244 760 4313 Epod.
787 4246 869 4310 13,
894 4244 942 4295 2.
963 4242 1070 4312 Ep.
1087 4242 1132 4310 Ι,
1156 4243 1236 4302 16,
1258 4243 1344 4295 51.
1361 4241 1641 4311 —vepri8]

501 4314 673 4369 Codd.
706 4315 850 4369 ver-is
885 4312 1162 4369 inhorruit
1193 4312 1480 4379 adventus;
1518 4312 1641 4367 Mu·

499 4390 600 4440 ret.
652 4391 711 4440 et
761 4386 1016 4440 Gerlach.
1065 4402 1133 4439 ex
1172 4384 1354 4439 codd.:
1391 4385 1523 4440 vitis
1558 4386 1641 4438 in-

497 4456 712 4512 horruit
749 4458 824 4511 ad
859 4461 1103 4524 ventum3
1152 4456 1336 4525 vepris
1384 4473 1453 4511 ex
1499 4456 1641 4511 eoni.

501 4528 709 4599 Gogav.
766 4527 999 4582 Salmas.
1054 4526 1257 4594 Bentl„
1308 4545 1445 4597 quos
1492 4532 1643 4581 reete

500 4600 674 4655 secuti
697 4605 829 4654 sunt
863 4598 1100 4652 Meinek.
1129 4598 1336 4653 Keller.
1359 4598 1643 4654 Eekstein.

1750 2814 2077 2871 Generalem
2134 2814 2469 2869 sententiam
2526 2812 2595 2867 de
2655 2812 2905 2869 adventu

1749 2889 1898 2943 veris
1943 2889 2095 2942 loeus
2142 2886 2261 2957 ipse
2305 2886 2541 2955 respuit,
2579 2886 2902 2956 exemplum

1750 2958 2101 3014 desideratur
2121 2977 2154 3013 a
2180 2962 2333 3013 certa
2396 2957 2601 3012 uadam
2629 2974 2693 3011 re
2717 2974 2902 3027 eump-

1750 3034 1886 3085 tum.
1928 3030 2009 3085 Cf.
2047 3029 2256 3085 Lucan.
2397 3028 2443 3097 Ι,
2482 3030 2515 3082 5
2558 3032 2769 3097 „pavet
2806 3028 2903 3082 illa

1750 3101 2030 3173 fragorem
2048 3102 2330 3157 Motorum
2352 3099 2535 3155 ventis
2556 3099 2904 3154 nemorum.“

1750 3170 1938 3229 Senee.
1976 3173 2204 3243 Hippol.
2245 3174 2415 3241 110352
2453 3172 2667 3241 „acutis
2717 3171 2903 3241 asperi

1748 3263 1946 3315 vepres
2018 3246 2174 3300 rubis
2188 3286 2203 3315 ,
2276 3244 2581 3343 Omniszue
2668 3248 2901 3298 truncus

1748 3334 2027 3458 &affine
2049 3315 2534 3458 ξὲοᾞΐωῗέἰὲο,
2572 3314 2902 3454 ῗῘΝὲἶ-ἓιῖἳε

1748 3460 1917 3515 rubos
1939 3466 2263 3525 aversatur,
2298 3476 2402 3513 nee
2436 3458 2704 3527 vepribus
2730 3456 2901 3513 offen·

1748 3532 1959 3586 ditur.“
2001 3560 2068 3571 —
2110 3530 2315 3586 virides
2352 3528 2613 3598 lacertae]
2655 3529 2760 3584 Est
2797 3530 2903 3583 hoo

1748 3603 2018 3658 indicium
2056 3602 2218 3667 veris,
2270 3602 2506 3657 lacertas
2552 3600 2785 3673 prodire
2835 3618 2901 3655 ex

1748 3675 1999 3740 latebris,
2054 3674 2115 3727 in
2170 3690 2309 3743 quas
2363 3674 2549 3728 hieme
2604 3690 2663 3727 se
2716 3672 2903 3732 eondi-

1749 3746 1952 3801 derint.
2000 3744 2070 3800 ef.
2120 3744 2288 3816 Verg.
2338 3744 2474 3800 Bne.
2511 3745 2565 3813 2,
2602 3746 2654 3797 9.
2695 3774 2761 3783 -
2803 3748 2902 3799 tre-

1747 3818 1869 3888 mit]
1938 3818 2175 3871 inuleue.
2248 3846 2315 3856 —
2384 3814 2676 3886 Gaetulus]
2748 3815 2903 3870 Afri-

1749 3906 1933 3945 canum
1991 3889 2295 3947 Γαιτοῦλος.
2352 3915 2423 3928 -
2475 3887 2739 3957 franyere
2778 3902 2903 3956 pcr-

1746 3960 1961 4031 sequor]
2016 3960 2144 4015 vide
2196 3960 2268 4015 ad
2317 3960 2499 4013 Garm.
2543 3958 2589 4027 1,
2638 3960 2686 4025 1,
2740 3960 2794 4013 8.
2835 3988 2901 3997 ——

1748 4036 2059 4159 tevvlnlpeggiva
2092 4031 2230 4102 viro]
2269 4030 2496 4085 nubilis.
2554 4029 2722 4103 Verg.
2762 4033 2905 4085 Aen.

2070 4200 2353 4257 Carmen
2388 4196 2591 4255 XXIV.

1820 4312 2219 4368 Dulcissimum
2254 4312 2363 4368 hoo
2399 4312 2469 4368 de
2507 4313 2689 4365 morte
2726 4308 2904 4378 Quin-

1748 4384 1859 4439 tilii
1878 4384 1951 4439 ad
1977 4384 2287 4456 Vergilium
2323 4400 2549 4439 carmen
2579 4381 2906 4437 absolutum

1748 4458 1975 4511 omnino
2014 4462 2100 4511 est
2136 4473 2202 4511 ao
2237 4456 2573 4526 perfeetum3
2614 4470 2747 4508 nam
2774 4471 2907 4508 eum

1748 4527 1972 4583 Horatii
2033 4530 2226 4583 tristes
2283 4527 2665 4597 querimoniae
2724 4542 2911 4595 unque

1749 4599 1821 4653 ad
1855 4600 2102 4655 medium
2136 4616 2360 4654 versum
2388 4598 2506 4669 (10)
2542 4598 2911 4653 vehementer
