3092 5059
1038 232 1203 299 LIB.
1247 232 1333 300 II.
1376 230 1564 299 SA'r.
1609 231 1694 299 11.
1740 232 1856 298 ΠΙ.

365 423 597 501 Illum
646 436 781 500 aut
829 422 1217 523 nequities
1268 435 1403 499 aut
1450 422 1656 497 vafri
1703 421 2006 499 inscitia
2053 419 2268 517 iuris,

362 549 847 627 Postremum
896 548 1234 649 expellet
1284 560 1493 625 certe
1542 548 1886 623 vivacior
1932 547 2178 624 heres.

364 674 434 750 N
438 699 590 749 unc
631 699 819 774 ager
870 672 1241 753 Umbreni
1288 673 1429 750 sub
1482 672 1818 768 nomine,
1870 698 2120 771 nuper
2169 671 2414 749 Ofelli

362 801 651 896 Dictus,
706 800 853 876 erit
900 798 1099 875 nulli
1147 799 1552 901 proprius3
1602 798 1739 874 sed
1789 797 2016 873 cedet
2059 797 2140 873 in
2191 823 2412 873 usum

262 959 339 999 135
370 924 595 1001 Nunc
646 924 863 1023 mihi,
914 950 1121 1000 nune
1172 924 1333 1003 alii.

1440 922 1824 1017 Quocirca
1871 921 2105 997 vivite
2150 922 2414 1021 fortes,

364 1049 787 1151 Fortiaque
834 1050 1181 1127 adversis
1234 1049 1608 1151 opponite
1652 1060 1972 1148 pectora
2021 1045 2324 1125 rebus.“

1208 1406 1541 1495 SATmA
1599 1406 1748 1491 ΠΙ.

368 1572 544 1670 „Sic
594 1600 772 1650 raro
824 1574 1120 1670 scribis,
1156 1574 1260 1648 'ut
1309 1587 1475 1649 toto
1532 1598 1690 1648 non
1747 1583 2019 1671 quater
2068 1597 2274 1647 anno

366 1698 899 1776 Membranam
952 1725 1247 1797 poscas,
1298 1700 1763 1798 scriptorum
1817 1722 2174 1798 quaeque
2220 1708 2596 1795 retexens,

262 1945 343 2000 εἰς
376 1939 581 2007 ἕτερον.
620 1941 733 1993 Καὶ
766 1936 877 2021 γὰρ
914 1939 1121 2023 ἐκεῖζος
1155 1940 1307 2010 ἔχειν
1340 1941 1422 2009 μέ

264 2012 390 2067 ποτ’
448 2008 583 2082 ᾤετο
638 2014 733 2065 καὶ
784 2014 954 2065 naim
1002 2030 1159 2069 ουτος
1208 2016 1417 2067 Ota-ua·

266 2088 386 2156 εἰμὶ
438 2084 491 2137 δ’
542 2078 681 2142 ὅλως
726 2078 982 2151 οὐδενὸς,
1026 2078 1162 2135 ἀλλὰ
1217 2078 1417 2152 Τύχης.

268 2186 339 2267 —-
373 2154 813 2296 MfflLgiffi
844 2154 917 2291 gd
938 2153 1137 2281 egam.
1159 2154 1232 2223 II,
1255 2154 1310 2223 2,
1332 2156 1419 2209 22.

640 2338 914 2395 Satira
952 2338 1053 2393 111.

340 2434 553 2491 Romae
602 2452 729 2491 cum
774 2435 961 2490 studio
1010 2438 1069 2490 et
1116 2452 1287 2504 opera
1324 2434 1420 2489 do·

269 2512 489 2563 ctorum
537 2508 852 2575 hominum,
898 2506 1073 2563 veluti
1122 2506 1421 2575 Ciceronis,

266 2596 473 2705 graeca
535 2578 896 2649 philosophia
958 2582 1194 2648 excepta
1260 2582 1423 2647 esset,

310 2652 393 2706 eri
429 2668 546 2705 non
572 2650 763 2721 potuit
808 2650 947 2719 quin
990 2654 1081 2705 sat
1128 2650 1295 2705 multi
1338 2650 1424 2705 ita

268 2724 603 2793 sapientiam
629 2723 1119 2793 amplecterentur,
1151 2728 1218 2776 ut
1240 2721 1421 2791 philo·

268 2795 575 2865 sophorum
612 2794 801 2849 simias
834 2794 1015 2865 magis
1041 2810 1209 2864 quam
1242 2793 1421 2863 philo·

268 2866 477 2936 sophos
512 2883 572 2920 se
607 2870 978 2935 praestarent.
1060 2864 1141 2919 Et
1179 2866 1423 2921 maxime

272 2938 499 3008 quidem
534 2936 853 2993 Stoicorum
886 2937 1149 2992 doctrina
1184 2936 1255 2991 de
1288 2954 1423 2991 vera

270 3009 549 3079 sapientia
568 3008 961 3078 communique
977 3009 1267 3064 hominum
1286 3007 1423 3063 stul·

270 3082 406 3136 titia
452 3080 605 3135 haud
657 3097 865 3149 paucos
924 3081 1151 3135 allicere
1209 3080 1423 3148 debuit,

272 3153 369 3223 qui
406 3168 565 3206 suam
610 3152 785 3207 animi
830 3152 1143 3220 nequitiam
1180 3151 1425 3205 celantes

275 3224 627 3293 aliorumque
667 3228 886 3278 rectum
931 3223 1003 3277 de
1045 3239 1103 3277 se
1154 3222 1425 3277 iudicium

270 3296 617 3351 declinantes
676 3294 991 3350 Stoicorum
1064 3295 1425 3349 severitatem

225 3390 229 3395 ’
270 3369 429 3423 cultu
452 3383 521 3422 ac
542 3384 795 3421 sermone
830 3366 1033 3421 misere
1055 3364 1425 3429 adfectarent,

270 3439 428 3494 tristi
454 3439 615 3493 vultu
634 3438 831 3493 urbem
854 3442 1265 3507 percurrerent,
1284 3438 1425 3493 alios

274 3511 527 3565 homines
564 3526 914 3579 quacumque
940 3514 1167 3579 possent
1202 3509 1425 3565 ratione

271 3586 569 3651 carperent
604 3586 663 3636 et
706 3598 913 3651 magna
962 3598 1099 3636 voce
1140 3581 1425 3650 vitupera·

272 3659 419 3709 rent.
509 3652 705 3709 Talem
768 3654 786 3706 i
834 3653 947 3707 'tur
1015 3652 1300 3707 hominem
1356 3680 1423 3691 —

273 3725 424 3795 quod
460 3742 637 3797 genus
672 3724 793 3779 nihi
851 3725 961 3779 nisi
998 3724 1267 3779 virtutem
1306 3740 1420 3778 cre—

272 3815 415 3868 pans
478 3790 842 3867 ἁρεταλόγους
902 3796 1263 3866 appellarunt
1316 3795 1427 3850 Ro-

272 3868 427 3925 mani
464 3898 533 3909 --
570 3868 930 3923 acerbissima
974 3868 1195 3923 ratione
1243 3871 1429 3922 totum

274 3958 449 4013 genus
511 3941 817 3995 humanum
876 3940 1127 3995 insaniae
1188 3956 1427 4010 arguen-

274 4019 390 4069 tem
432 4010 619 4067 faceto
663 4012 859 4081 utique
904 4016 963 4067 et
1008 4011 1197 4081 lepido
1258 4010 1428 4065 modo

273 4084 683 4155 perfectissima
706 4083 813 4138 hac
840 4082 1017 4137 satira
1038 4082 1312 4139 Horatius
1334 4082 1427 4137 de-

274 4156 489 4213 scribit.
527 4153 635 4223 Qui
660 4172 831 4223 quam
865 4154 1091 4225 egregie
1124 4172 1243 4209 rem
1270 4172 1431 4209 suam

275 4226 555 4283 instituit!
601 4226 1009 4295 Damasippum
1058 4226 1207 4281 enim
1252 4256 1325 4265 —
1370 4226 1427 4279 id

277 4304 465 4355 autem
490 4314 694 4353 nomen
719 4300 805 4351 est
828 4296 1271 4353 circumforaneo
1305 4297 1429 4367 phi-

274 4370 509 4440 losopho
566 4398 635 4409 -—
688 4368 865 4423 nimio
922 4367 1087 4423 fictae
1154 4386 1287 4424 suae
1346 4386 1429 4425 sa-

276 4442 529 4514 pientiae
581 4440 769 4495 studio
822 4457 889 4495 eo
945 4440 1124 4493 latum
1178 4440 1431 4495 videmus

278 4512 663 4585 impudentiae
720 4515 779 4566 et
832 4511 1283 4581 importunitatis
1297 4551 1314 4580 ,
1366 4516 1433 4567 ut

275 4589 505 4658 poetam
548 4584 609 4638 in
652 4584 851 4639 villam
895 4582 1181 4653 Sabinam,
1227 4600 1337 4653 quo
1384 4583 1433 4637 is

378 4706 604 4749 Horatius
636 4704 712 4747 ed.
740 4704 1076 4756 Dsslenburger
1101 4703 1175 4746 ed.
1202 4702 1299 4745 vn.

1514 1954 1588 1992 ne
1623 1935 2014 1991 Saturnalibus
2051 1933 2126 2005 (a.
2149 1934 2204 1989 d.
2227 1934 2377 1991 XVI.
2402 1934 2528 1991 Kal.
2554 1936 2672 1992 Ian.

1516 2025 1692 2078 usque
1715 2008 1790 2063 ad
1815 2008 1963 2062 XIV.
1992 2006 2116 2061 Kal.
2144 2006 2288 2077 Ian.)
2327 2008 2546 2078 ingenti
2582 2026 2675 2063 ur-

1515 2080 1604 2136 bis
1641 2080 1886 2149 strepitu
1922 2077 2276 2148 infinitisque
2313 2079 2494 2147 epulis
2531 2081 2675 2135 male

1516 2156 1820 2207 vexaretur
1857 2150 2178 2221 aufugerat,
2212 2155 2675 2220 persequer-etun

1516 2224 1738 2278 scilicet
1791 2240 1856 2277 eo
1915 2226 2068 2277 certe
2124 2222 2376 2291 oonsilio,
2430 2225 2497 2276 ut
2547 2241 2674 2279 cum

1517 2294 1748 2350 Horatii
1776 2310 1998 2363 quoque
2021 2311 2186 2349 aures
2202 2293 2414 2347 insanis
2431 2294 2548 2348 suis
2565 2294 2676 2349 dis-

1557 2366 1914 2421 utationibus
1977 2364 2508 2435 impudentibusque
2581 2365 2676 2421 ad·

1557 2437 1948 2493 ortationibus
1973 2436 2303 2506 obtudisset,
2327 2437 2541 2491 lautam
2569 2437 2680 2493 sibi

1518 2515 1760 2565 mereret
1796 2526 2008 2565 cenam.
2096 2508 2200 2564 Isti
2235 2510 2386 2563 enim
2425 2508 2679 2564 homines

1516 2600 1552 2637 a
1608 2582 1880 2637 divitibus
1932 2586 2000 2635 ut
2061 2596 2288 2635 scurrae
2349 2596 2522 2637 cenae
2579 2580 2677 2637 ad-

1516 2653 1702 2708 hiberi
1739 2652 2012 2720 solebant,
2051 2652 2322 2706 nimirum
2357 2668 2430 2706 ne
2467 2652 2568 2722 qui
2603 2653 2677 2707 ri-

1516 2742 1644 2779 sum
1679 2729 1930 2780 moveret
1967 2724 2026 2777 in
2062 2723 2234 2778 hilari
2286 2724 2548 2779 convivio
2585 2722 2678 2778 de-

1518 2801 1680 2851 esset.
1753 2796 1904 2851 Suet.
1943 2796 2090 2865 Aug.
2130 2796 2222 2849 74:
2295 2796 2452 2863 „Aut
2487 2812 2678 2851 acroa-

1518 2872 1676 2923 mata
1723 2872 1782 2922 et
1829 2867 2130 2921 histriones
2180 2865 2580 2937 interponebat
2614 2884 2680 2922 ac

1518 2939 1870 3010 frequentius
1893 2937 2266 3009 aretalogos.“
2317 2936 2462 2993 Nam
2485 2940 2680 3009 inopes

1518 3028 1638 3067 esse
1693 3010 1948 3066 solebant
2002 3010 2140 3063 boni
2189 3008 2286 3063 isti
2341 3010 2681 3081 philosophi,

1520 3081 1618 3152 qui
1655 3082 1801 3151 nihil
1851 3081 2134 3150 antiquius
2165 3079 2460 3135 'haberent
2511 3098 2680 3150 quam

1520 3158 1586 3209 ut
1622 3171 1724 3209 sua
1762 3154 2040 3223 sapientia
2077 3152 2430 3207 stomachum
2467 3153 2680 3224 cupidi-

1520 3230 1808 3293 tatemque
1867 3225 2175 3294 placarent.
2303 3224 2423 3279 Nec
2480 3226 2682 3280 melior

1522 3296 1898 3366 Damasippus
1936 3299 2154 3365 noster3
2213 3296 2310 3365 qui
2360 3296 2498 3350 olim
2535 3314 2680 3351 mer-

1522 3372 1684 3423 cator
1719 3366 1994 3438 singulari
2029 3382 2132 3421 sua
2169 3366 2480 3423 calliditate
2513 3367 2589 3437 (v-
2609 3370 2681 3423 20

1521 3441 1670 3510 sqq.)
1693 3438 2048 3521 egregiisque
2087 3439 2334 3494 consiliis
2371 3456 2492 3494 rem
2533 3441 2679 3495 male

1518 3516 1681 3637 ξεῖ
1688 3510 2152 3664 mma
2171 3508 2383 3637 ξιξ·
2403 3511 2684 3651 ..ἕως

1521 3672 1582 3709 se
1631 3655 1692 3709 in
1735 3652 1986 3708 Tiberim
2035 3653 2256 3708 deicere
2298 3652 2568 3707 voluisset
2603 3655 2683 3721 (v.

1523 3725 1640 3795 36),
1675 3744 1710 3780 a
1746 3725 2037 3792 Stertinio,
2071 3741 2278 3796 magno
2315 3724 2416 3779 illo
2455 3724 2681 3793 quidem

1520 3796 1710 3853 Stoico
1763 3802 1823 3853 et
1874 3796 2040 3851 unice
2083 3795 2354 3865 sapienti,
2405 3800 2682 3851 retractus

1521 3874 1906 3924 mercaturam
1950 3867 2308 3937 philosophia
2341 3871 2680 3923 mutaverat.

1518 3940 1641 3995 Iam
1679 3958 1814 3996 vero
1851 3956 1922 3995 ne
1957 3938 2095 4009 quid
2125 3956 2156 3993 e
2299 3937 2340 3993 ii
2365 3939 2532 3993 huius
2567 3956 2682 3994 ser·

1519 4012 1702 4068 monis
1741 4010 1962 4082 perdas,
1987 4010 2142 4065 consi
2183 4026 2280 4066 era
2313 4010 2480 4065 modo
2505 4026 2681 4079 quan-

1518 4090 1582 4139 ta
1635 4084 1786 4139 inter
1851 4082 2204 4152 aretalogum
2279 4086 2338 4136 et
2395 4082 2682 4137 satiricum

1522 4159 1750 4225 poetam
1811 4153 2160 4209 intercedere
2213 4154 2477 4209 videatur
2531 4154 2680 4208 simi-

1522 4226 1740 4295 litud03
1796 4242 1968 4295 quam
2025 4224 2296 4281 Horatius
2351 4224 2420 4280 de
2472 4225 2682 4281 iudicio

1522 4299 1802 4353 bonorum
1837 4296 2128 4352 hominum
2163 4314 2388 4351 securus
2425 4296 2680 4352 consulto

1522 4370 1754 4425 videtur
1823 4368 2208 4437 descripsisse,
2270 4372 2336 4422 ut
2403 4369 2683 4439 imperitis

1524 4441 1665 4512 quid
1719 4442 1870 4495 inter
1912 4444 2218 4509 utrumque
2261 4457 2376 4495 non
2421 4446 2565 4495 esset
2607 4440 2680 4495 si·

1526 4513 1664 4567 mile
1749 4514 1944 4582 aperto
2019 4512 2272 4582 exemplo
2344 4512 2681 4567 ostenderet.

1525 4587 1718 4653 Atque
1753 4602 1878 4642 eam
1928 4582 2155 4653 quidem
2207 4583 2681 4655 comparationem

2215 4684 2287 4737 28
