3092 5059
421 249 544 314 190

1383 243 1843 312 GARmNUM

729 462 780 504 ευ
817 431 1186 525 Quamvis
1234 459 1390 509 non
1435 433 1631 508 alius
1674 431 1983 507 flectere
2030 453 2313 529 equum
2366 430 2613 506 sciens

815 556 1090 657 Aeque
1142 558 1613 656 conspicitur
1663 555 2015 653 gramine
2066 553 2349 629 Martio

917 683 1076 759 Nec
1128 683 1534 783 quisquam
1587 683 1777 757 citus
1832 706 2079 780 aeque

1021 808 1270 886 Tusco
1324 808 1638 886 denatat
1686 806 1933 883 alveo.

818 958 1082 1035 Prima
1134 969 1358 1035 nocte
1410 956 1728 1033 domum
1782 953 2055 1031 claude
2108 979 2358 1054 neque
2408 955 2491 1030 in
2546 957 2704 1032 vias

737 1117 789 1157 ⁸0
826 1081 986 1158 Sub
1041 1092 1265 1157 cantu
1321 1078 1691 1178 querulae
1743 1077 2054 1176 despice
2100 1076 2354 1172 tibiae,

913 1206 1010 1279 Et
1060 1219 1138 1281 te
1189 1227 1418 1302 saepe
1471 1201 1781 1278 vocanti

1020 1331 1313 1406 Duram
1369 1326 1708 1402 difficilis
1760 1351 2012 1404 mane.

1290 1647 1671 1734 GARMEN
1732 1647 1945 1734 Vm.

827 1818 1129 1894 Martiis
1183 1815 1482 1892 caelebs
1538 1813 1725 1916 quid
1776 1839 1998 1914 agam
2051 1812 2450 1913 Kalendis,

824 1942 1030 2035 Quid
1086 1941 1326 2018 velint
1373 1940 1602 2015 flores
1658 1951 1731 2015 et
1778 1965 2046 2016 acerra
2097 1941 2286 2017 turis

497 2170 563 2225 V.
584 2171 672 2224 25.
694 2167 942 2238 quamvis
961 2163 1317 2236 conspicitur]
1352 2163 1484 2218 vide
1504 2161 1577 2216 ad

431 2242 610 2297 Carm.
649 2240 694 2309 1,
732 2241 819 2303 28,
861 2241 946 2292 13.
993 2267 1056 2276 -
1093 2237 1298 2304 flectere
1354 2235 1570 2304 equum]

425 2313 493 2368 In
553 2313 796 2367 delicata
849 2327 960 2379 qua
1013 2313 1136 2363 tum
1195 2306 1577 2378 perdebantur

427 2383 668 2439 Romani
693 2383 854 2453 pueri
878 2381 1085 2450 (Carm.
1105 2379 1204 2447 ΙΠ,
1229 2381 1316 2446 24,
1343 2381 1411 2431 54
1430 2377 1575 2447 sqq.)

427 2457 548 2512 vita
585 2471 852 2526 magnum
887 2451 1040 2506 haud
1075 2451 1244 2505 dubie
1277 2451 1386 2505 fuit
1410 2449 1573 2533 robo-

426 2529 505 2582 ris
542 2531 936 2597 argumentum
972 2524 1033 2577 in
1067 2522 1356 2592 equitandi
1378 2521 1575 2576 nandi·

430 2617 539 2669 que
579 2599 824 2664 artibus3
862 2603 1206 2665 quapropter
1243 2593 1302 2648 in
1337 2593 1422 2646 his
1461 2611 1575 2647 sae·

467 2671 554 2725 ius
591 2670 666 2725 ad
703 2685 948 2723 amorem
984 2666 1299 2736 puellarum
1331 2664 1578 2718 excitan-

467 2761 562 2796 um
589 2741 778 2814 gravis
807 2757 938 2795 sane
971 2735 1382 2792 commendatio
1409 2753 1575 2805 quae-

428 2814 593 2877 ritur,
631 2814 700 2868 de
738 2829 850 2880 qua
895 2827 1160 2879 compara
1195 2809 1270 2863 sis
1307 2808 1487 2862 Carm.
1528 2807 1576 2875 Ι,

429 2887 481 2954 8,
509 2889 558 2940 6.
583 2885 682 2952 ΠΙ,
725 2886 808 2951 12,
851 2884 899 2935 7.
963 2881 1190 2936 Summa
1227 2881 1403 2949 igitur
1439 2878 1575 2961 Eni-

427 2956 520 3026 pei
555 2957 676 3010 laus
721 2954 1036 3009 ostenditur
1080 2952 1153 3007 ab
1199 2951 1435 3005 Horatio
1487 2950 1577 3032 bis

427 3029 612 3098 posito
677 3042 844 3095 aeque
905 3025 1174 3080 adverbio
1237 3023 1298 3076 in
1364 3022 1575 3076 illustri

429 3102 569 3168 loco,
605 3098 832 3154 initium
873 3097 1001 3152 dico
1027 3101 1084 3150 et
1107 3095 1275 3150 finem
1296 3111 1575 3147 versuum.

429 3200 497 3212 —-·
555 3168 748 3260 Tusco]
805 3168 878 3224 cf.
935 3169 1114 3223 Carm.
1159 3166 1205 3225 1.
1259 3168 1309 3234 2,
1371 3167 1451 3218 13.
1507 3193 1571 3204 -

427 3242 674 3308 denatat]
713 3243 862 3301 απαξ
886 3235 1189 3309 λεγόμενον
1223 3242 1289 3291 ut
1323 3235 1575 3302 videtum

428 3321 514 3370 est
545 3321 735 3370 autem
783 3331 852 3368 ex
897 3312 1184 3380 superiore
1219 3307 1354 3362 ⁴'loco
1397 3309 1458 3360 in
1493 3308 1575 3361 in-

427 3385 690 3442 feriorem
727 3389 940 3447 natare,
969 3399 1112 3452 quae
1145 3379 1368 3450 quidem
1405 3380 1577 3462 signi-

427 3456 619 3512 ficatio
665 3455 1097 3527 praepositionis
1145 3451 1210 3507 de
1253 3467 1384 3506 mox
1425 3452 1579 3533 redit

428 3529 490 3584 in
541 3529 712 3584 verbo
781 3527 1029 3595 (ἰαχήσω
1079 3539 1346 3592 compara
1399 3521 1579 3606 delabi

432 3601 614 3656 Carm.
653 3600 754 3666 ΠΙ,
791 3599 879 3667 29,
917 3600 1013 3664 35;
1049 3595 1289 3650 decidere
1313 3593 1496 3663 Epist.
1531 3593 1578 3661 1,

435 3675 518 3736 14,
557 3673 655 3740 295
702 3671 986 3726 decurrere
1043 3667 1224 3722 Carm.
1272 3665 1365 3732 IV,
1407 3667 1466 3750 .²’
1515 3666 1577 3734 53

431 3743 663 3811 defluere
712 3743 892 3796 Carm.
936 3741 982 3805 Ι,
1038 3741 1123 3806 12,
1157 3740 1244 3793 29.
1309 3737 1502 3820 βριθὺ..
1531 3735 1576 3790 Ῑ.

430 3817 484 3882 2,
521 3817 618 3884 42;
655 3815 780 3868 alia.
830 3841 902 3854 --
953 3827 1124 3880 neque
1167 3809 1398 3879 desmcc]
1449 3809 1579 3862 vide

432 3887 504 3942 ad
541 3887 724 3942 Carm.
763 3885 806 3952 Ι,
847 3887 931 3952 11,
969 3885 1020 3938 2.

767 3999 1050 4054 Carmen
1087 3995 1235 4050 VIII.

501 4095 801 4152 Horatium
859 4112 907 4148 a.
957 4094 1063 4147 '729
1109 4091 1342 4147 cadente
1389 4092 1577 4146 subito

431 4169 633 4224 arbore
685 4183 862 4237 paene
927 4165 1265 4220 exstinctum
1323 4181 1438 4218 esse
1507 4164 1579 4218 ad

432 4241 613 4296 earm.
652 4239 724 4301 11,
776 4239 840 4291 18
887 4237 1204 4306 expositum
1253 4239 1352 4289 est.
1427 4234 1581 4303 Quae

433 4311 658 4381 quidem
693 4327 783 4363 res
835 4313 954 4364 tam
989 4306 1339 4362 admirabilis
1375 4307 1426 4361 ei
1458 4307 1579 4361 visa

432 4389 533 4452 est,
573 4387 638 4436 ut
674 4382 748 4436 ob
773 4384 1160 4435 conservatam
1184 4379 1443 4460 salutem·
1525 4450 1537 4461 .
1558 4407 1578 4419 -

429 4461 553 4509 tum
597 4453 706 4508 diis
759 4453 1009 4506 animum
1065 4467 1248 4504 annuo
1303 4465 1448 4503 sacri
1489 4467 1577 4504 clo

433 4527 629 4583 testari
667 4525 1005 4578 decerneret.
1065 4521 1244 4576 Vocat
1279 4521 1457 4591 igitur
1492 4521 1575 4574 in·

433 4597 688 4669 sequenti
727 4611 872 4649 anno
911 4593 1293 4649 dulcissimum
1319 4593 1577 4661 amicum,

1668 2161 2062 2226 Maecenatem,
2114 2163 2187 2219 ad
2232 2165 2425 2234 epulas
2479 2182 2609 2221 cum
2650 2168 2827 2223 sacri·

1666 2231 1793 2288 ficio
1830 2233 1939 2289 hoc
1974 2235 2118 2290 festo
2155 2235 2247 2294 die
2284 2236 2668 2292 celebrandas.
2712 2239 2825 2308 Qui

1666 2321 1793 2359 cum
1830 2307 2087 2374 nesciret,
2137 2307 2274 2375 quid
2321 2308 2431 2364 hoc
2460 2311 2828 2378 potissimum

1666 2376 1775 2446 die,
1812 2377 2239 2442 Matronalibus‚
2294 2380 2508 2435 caelebs
2546 2381 2827 2438 Horatius

1668 2465 1861 2503 cenam
1905 2448 2256 2518 instituisset,
2307 2450 2536 2506 domum
2596 2454 2826 2510 intrans

1666 2535 1853 2574 sacros
1890 2521 1970 2574 ibi
1997 2527 2297 2591 apparatus
2321 2523 2519 2578 mirari
2556 2541 2619 2578 se
2656 2526 2825 2580 vultu

1667 2593 1948 2661 exprimit.
2034 2593 2155 2647 Iam
2209 2592 2317 2648 hoc
2368 2595 2616 2650 carmine
2670 2599 2829 2669 cogi-

1665 2663 1901 2718 tandum
1938 2667 2024 2718 est
2050 2664 2306 2735 excipere
2337 2665 2637 2721 Horatium
2680 2669 2833 2725 laete

1666 2735 1910 2789 amicum
1968 2736 2214 2805 quidque
2268 2738 2342 2790 sit
2384 2738 2468 2792 rei
2517 2740 2830 2808 explicare.

1666 2805 1957 2860 Dividitur
2009 2823 2234 2862 carmen
2287 2826 2356 2864 ex
2404 2814 2619 2878 septem
2680 2819 2829 2868 stro·

1666 2875 1791 2946 phis
1844 2879 2215 2948 compositum
2281 2881 2341 2934 in
2405 2880 2543 2935 duas
2595 2889 2828 2952 partes,

1668 2965 1906 3018 quarum
1940 2951 2098 3019 prior
2136 2954 2249 3005 tres
2288 2952 2543 3021 strophas
2570 2957 2825 3026 comple-

1668 3025 1822 3075 ctens
1862 3021 2066 3075 festiva
2100 3023 2290 3092 aliqua
2326 3023 2547 3077 ratione
2572 3027 2826 3082 admira-

1666 3092 1879 3146 tionem
1918 3092 2087 3148 habet
2122 3093 2461 3149 Maecenatis
2487 3095 2833 3168 Horatiique

1668 3181 1767 3217 cur
1784 3181 1851 3218 ea
1870 3167 2157 3234 paraverit
2190 3165 2637 3234 explicationem.
2676 3169 2833 3226 Tum

1667 3235 1851 3289 media
1898 3237 2133 3305 stropha
2181 3237 2459 3291 invitatur
2510 3238 2835 3308 Maecenas,

1668 3311 1733 3360 ut
1769 3306 1957 3361 adesse
1990 3309 2129 3362 velit
2163 3308 2333 3362 hilari
2371 3309 2597 3378 quidem
2644 3313 2754 3368 sed
2799 3331 2831 3366 a

1668 3377 1843 3432 nimia
1898 3379 2118 3434 laetitia
2170 3379 2353 3434 alieno
2420 3382 2713 3450 convivi03
2772 3385 2831 3438 in

1670 3465 1781 3518 quo
1818 3450 1941 3504 loco
1979 3467 2153 3520 grave
2172 3455 2257 3505 est
2293 3469 2347 3505 v.
2378 3454 2443 3505 13
2480 3454 2829 3510 vocabulum

1669 3521 1849 3589 amici,
1889 3538 2127 3589 quocum
2174 3523 2363 3591 aliqua
2410 3529 2559 3579 certe
2598 3527 2827 3582 ratione

1670 3592 2057 3662 coniungenda
2092 3599 2223 3648 sunt
2258 3595 2461 3649 ultima
2488 3595 2659 3652 huius
2682 3604 2827 3654 stro-

1668 3662 1813 3732 phae
1858 3664 2147 3719 vocabula.
2220 3666 2482 3722 Amicum
2533 3671 2691 3738 posci
2747 3672 2829 3725 ait

1668 3735 1741 3789 ab
1780 3735 1975 3802 amico,
2008 3737 2213 3791 amicas
2233 3738 2403 3792 etiam
2440 3740 2636 3808 epulas
2672 3741 2822 3810 fore;

1668 3822 1842 3874 quare
1898 3807 2216 3863 abiciendas
2270 3826 2389 3864 esse
2435 3827 2629 3866 omnes
2690 3813 2827 3868 alie·

1666 3895 1767 3932 nas
1804 3895 1981 3942 curas,
2020 3879 2191 3934 etiam
2216 3881 2488 3949 publicas,
2520 3882 2830 3939 fruendum

1667 3950 1859 4018 potius
1915 3967 2056 4019 quae
2112 3951 2252 4006 hora
2305 3953 2575 4022 praebeat
2634 3956 2831 4020 bonis,

1708 4021 1987 4076 ellendam
2024 4023 2085 4076 in
2128 4023 2279 4078 laeta
2324 4041 2386 4078 re
2440 4026 2827 4082 severitatem.

1726 4111 1823 4148 aec
1886 4097 2137 4148 extrema
2206 4095 2387 4150 altera
2459 4098 2829 4154 continentur

1671 4165 1933 4219 carminis
1966 4170 2150 4234 parte,
2189 4167 2493 4236 composita
2542 4170 2685 4224 item
2724 4172 2829 4225 tri·

1669 4236 1773 4290 bus
1828 4237 2075 4307 strophis
2129 4237 2511 4293 Maecenatem
2564 4241 2649 4294 ita
2702 4259 2828 4312 spe·

1670 4309 1973 4376 etantibus,
2008 4315 2073 4362 ut
2106 4309 2321 4378 primae
2354 4315 2469 4364 tres
2496 4311 2826 4368 Horatium.

1740 4379 1804 4434 V.
1836 4383 1882 4433 1.
1910 4379 2146 4434 Martiis
2172 4381 2465 4451 Kalendis]
2492 4383 2617 4437 Kal.
2650 4383 2824 4439 Mart.

1669 4451 1940 4505 celebrari
1980 4451 2236 4507 solebant
2258 4453 2597 4508 Matronalia
2634 4455 2697 4509 in
2723 4455 2821 4510 ho-

1669 4539 1865 4577 norem
1900 4523 2127 4576 Iunonis
2164 4530 2225 4579 et
2268 4525 2325 4579 in
2364 4527 2693 4582 memoriam
2732 4544 2821 4583 co-

1668 4594 1967 4649 nubiorum
2004 4594 2244 4651 Romulo
2290 4603 2561 4669 regnante
2593 4599 2823 4655 institn-
