3092 5059
369 222 449 287 88
1333 212 1791 285 ΟΑΒΜΙΝΠΜ

770 407 1054 485 Aridas
1110 407 1425 484 frondes
1481 406 1751 482 hiemis
1806 406 2051 482 sodali

687 566 740 607 no
973 534 1296 610 Dedicet
1345 533 1641 609 Hebro.

1464 732 1665 743 β-

1215 873 1596 961 OARMEN
1660 874 1952 961 XXVI.

766 1043 1006 1119 Musis
1060 1043 1348 1118 amicus
1398 1041 1783 1117 tristitiam
1834 1050 1911 1115 et
1959 1050 2205 1114 metus

769 1167 1108 1244 Tradam
1153 1168 1537 1266 protervis
1588 1166 1671 1240 in
1723 1190 1937 1241 mare
1992 1164 2381 1242 Creticum

872 1293 1193 1370 Portare
1244 1293 1532 1388 ventis,
1570 1292 1739 1390 quis
1788 1291 1928 1365 sub
1983 1289 2222 1365 Arcto

967 1420 1126 1494 Rex
1177 1417 1484 1516 gelidae
1535 1429 1920 1493 metuatur
1973 1439 2177 1513 orae,

717 1604 743 1645 5
782 1567 990 1660 Quid
1041 1567 1462 1643 Teridaten
1507 1578 1811 1662 terreat,
1865 1566 2090 1642 unice

769 1692 1120 1771 Securus.
1221 1691 1289 1770 Ο
1347 1718 1544 1791 quae
1596 1691 1939 1768 fontibus
1988 1690 2309 1788 integris

884 1816 1223 1915 Gaudes,
1277 1818 1580 1917 apricos
1635 1830 1856 1895 necte
1906 1816 2157 1913 flores,

974 1945 1214 2025 Necte
1263 1970 1438 2021 meo
1490 1943 1809 2020 Lamiae
1856 1968 2243 2039 coronam,

775 2093 1128 2197 Pimplea
1181 2093 1449 2169 dulcis.
1543 2092 1673 2168 Nil
1720 2094 1884 2169 sine
1936 2105 2011 2168 te
2056 2092 2212 2169 mei

371 2298 516 2348 esset
552 2308 716 2363 quam
752 2292 932 2347 aridis
971 2291 1279 2361 frondibus,
1317 2292 1390 2347 ad
1425 2309 1516 2345 au-

369 2365 614 2435 gendum
641 2364 950 2419 ludibrium
968 2362 1113 2418 hanc
1131 2368 1350 2432 partem
1374 2382 1520 2419 nova

371 2436 642 2491 instruxit
659 2436 952 2490 sententia.
977 2434 1058 2489 cf.
1087 2435 1407 2503 0.1V‚13,9.
1437 2436 1520 2490 De

369 2508 561 2632 {Iebro
602 2508 733 2563 vide
772 2508 951 2563 earm.
972 2505 1074 2575 111,
1103 2508 1298 2567 25.10.
1335 2508 1515 2577 Epist.

402 2618 416 2648 ,
454 2582 506 2649 8,
546 2582 598 2633 3.

687 2676 968 2731 Carmen
1006 2674 1205 2730 XXVI.

447 2790 670 2861 „Musis,
695 2789 899 2859 inquit,
929 2790 1140 2845 amicus
1161 2793 1218 2845 et
1243 2790 1314 2845 ab
1343 2791 1518 2845 omni·

370 2864 476 2916 bus
515 2862 717 2931 quibus
762 2878 910 2916 nunc
955 2862 1206 2916 homines
1255 2867 1521 2917 tenentur

373 2934 520 2989 curis
539 2934 702 2988 unice
732 2932 876 2987 liber
906 2933 1048 2988 nihil
1076 2950 1266 2988 moror
1287 2950 1350 2987 ea
1375 2952 1518 3003 quae

373 3006 560 3061 aliena
597 3010 656 3060 et
691 3009 908 3060 remota
943 3011 1102 3073 sunt3
1151 3022 1324 3075 quare
1358 3022 1518 3074 prae-

371 3082 485 3132 stat
531 3081 590 3132 te
632 3076 879 3145 laudare,
928 3076 1106 3133 dulcis
1153 3077 1343 3137 amice.
1388 3078 1518 3131 tibi-

374 3166 481 3218 que
515 3148 801 3203 Musarum
845 3166 950 3218 ope
987 3166 1254 3204 coronam
1298 3153 1522 3204 nectere

373 3237 626 3290 novoque
673 3220 986 3275 carminum
1034 3238 1238 3305 genere
1277 3228 1336 3275 tc
1382 3220 1519 3275 cele·

371 3291 589 3347 brare.“
629 3290 732 3346 Est
756 3292 926 3347 breve
964 3292 1208 3361 quidem,
1246 3292 1343 3346 sed
1371 3309 1518 3347 ama·

372 3364 485 3418 bile
542 3380 782 3431 carmen,
837 3380 946 3433 quo
1003 3364 1174 3419 etiam
1231 3362 1291 3417 L.
1325 3363 1520 3418 Aelius

370 3434 587 3503 Lamia,
644 3434 742 3504 qui
803 3434 1054 3490 tristiore
1119 3452 1184 3490 ac
1243 3436 1521 3490 severiore

372 3507 544 3562 fuisse
591 3506 814 3561 videtur
856 3506 1083 3578 ingenio
1140 3506 1234 3573 (cf.
1272 3506 1372 3575 111,
1415 3507 1519 3577 17),

371 3580 445 3633 ad
479 3578 806 3632 hilariorem
842 3578 993 3633 vitae
1017 3596 1179 3632 usum
1207 3582 1356 3634 tecte
1393 3596 1520 3635 evo-

372 3654 546 3705 catur.
621 3647 879 3718 Tempus,
936 3667 1046 3719 quo
1099 3650 1373 3719 scriptum
1427 3651 1519 3718 sit,

373 3740 442 3776 ex
461 3740 512 3775 v.
535 3722 565 3773 5
596 3720 790 3775 intelle
831 3721 963 3777 itur.
998 3720 1142 3777 Nam
1165 3739 1294 3776 cum
1311 3722 1518 3778 Praha-

373 3797 475 3861 tes,
522 3810 622 3847 rex
660 3792 798 3847 Part
839 3810 1017 3861 orum,
1065 3798 1285 3863 patrem
1337 3794 1520 3863 ipsum

373 3864 616 3919 Orodem
653 3868 711 3918 et
747 3881 935 3919 omnes
971 3863 1174 3919 fratres
1211 3864 1518 3920 interfecis-

373 3940 457 3991 set
492 3936 565 4005 (a.
603 3953 655 3989 u.
695 3935 842 4005 ⁷18),
879 3954 949 3991 cx
984 3936 1203 3992 familia
1228 3937 1518 3992 Arsacida-

370 4026 498 4063 rum
553 4007 906 4063 adversarius
955 4009 1176 4063 exstitit
1210 4008 1517 4063 Teridates.

371 4080 480 4134 Hic
520 4084 709 4134 tamen
749 4079 930 4133 victus
977 4078 1202 4151 aufugit
1249 4080 1321 4134 ad
1357 4078 1518 4135 Octa-

370 4152 617 4218 vianum,
655 4151 754 4219 qui
789 4156 910 4205 tum
951 4150 1024 4217 (a.
1053 4170 1107 4205 u.
1132 4152 1256 4219 724)
1295 4158 1519 4206 mortuo

372 4222 619 4277 Antonio
656 4222 716 4277 in
737 4222 895 4291 Syria
925 4228 1062 4277 erat.
1102 4222 1291 4276 Etiam
1310 4222 1518 4278 Praha-

371 4298 454 4347 tes
511 4293 724 4364 legatos
777 4295 948 4348 misit.
1023 4294 1363 4348 Octavianus
1417 4292 1517 4349 Te-

373 4364 545 4419 ridati
583 4370 647 4419 ut
682 4366 742 4419 in
762 4364 921 4433 Syria
957 4370 1212 4420 maneret
1246 4367 1518 4435 permisit.

257 4436 262 4443 '
371 4436 595 4490 Interea
629 4435 898 4491 Prahates
944 4454 978 4490 a
1014 4452 1086 4506 po
1128 4438 1222 4491 ulo
1268 4438 1518 4507 pellitur,

372 4506 666 4562 Teridates
703 4510 1016 4564 revocatur.
1131 4508 1355 4565 rahates
1391 4508 1519 4578 Scy-

373 4576 600 4633 tharum
670 4596 776 4649 ope
845 4578 1154 4649 reducitur,
1229 4579 1519 4636 Teridates

1624 2290 1878 2361 confugit
1915 2289 1988 2345 ad
2013 2292 2349 2361 Augustum,
2387 2307 2550 2359 quem
2588 2290 2649 2343 in
2672 2291 2781 2344 Hi-

1620 2363 1817 2433 spania
1853 2363 2069 2419 invenit
2105 2362 2177 2431 (a.
2206 2380 2261 2415 u.
2284 2362 2427 2431 729).
2466 2360 2638 2417 Recte
2676 2380 2780 2417 au-

1622 2439 1737 2489 tem
1772 2434 1910 2487 viris
1947 2434 2125 2489 doctis
2171 2433 2356 2489 visum
2404 2438 2488 2489 est
2522 2433 2576 2487 h.
2616 2450 2660 2487 c.
2698 2434 2780 2488 ad

1620 2525 1671 2564 a..
1710 2507 1817 2561 725
1856 2505 2212 2561 referendum
2258 2522 2394 2573 esse,
2442 2522 2569 2560 cum
2612 2521 2780 2574 prae·

1620 2578 1817 2632 sertim
1836 2577 2122 2632 simillima
2148 2577 2425 2636 sententia
2456 2577 2531 2631 sit
2550 2577 2614 2630 in
2635 2575 2778 2630 Ver-

1620 2649 1787 2775 gdliitiis
1802 2648 2778 2776 Geffgeifiigrtgllioffgdrmerihinwtess

1620 2792 2009 2861 antiquissima
2080 2792 2303 2846 Horatii
2384 2792 2775 2847 collocandum

1621 2866 1747 2918 esse
1779 2864 2022 2933 putavit,
2072 2868 2306 2934 propter
2358 2862 2563 2931 fidibus
2618 2864 2777 2919 novis

1621 2940 1677 2990 et
1694 2952 1897 3059 garum
1918 2936 2185 2990 concinne
2208 2934 2581 3004 compositum
2607 2952 2661 2988 v.
2686 2938 2777 2988 11.

1744 3046 1757 3059 .
1798 3008 1847 3060 2.
1912 3007 2181 3076 protervis
2242 3006 2437 3077 ventis]
2505 3007 2774 3076 quoniam

1621 3079 1808 3133 omnia
1843 3078 1950 3132 sibi
1978 3079 2262 3133 obstantia
2289 3079 2447 3147 quasi
2474 3081 2779 3148 proterunt

1621 3154 1678 3204 et
1713 3149 1957 3205 ludibrio
1996 3150 2223 3205 habent.
2260 3148 2442 3219 Epod.
2467 3151 2550 3218 16,
2574 3150 2660 3203 22.
2702 3176 2773 3188 —

1619 3238 1768 3277 mare
1787 3219 2077 3292 Oreticum]
2116 3222 2243 3277 ideo
2277 3222 2629 3291 potissimum
2672 3238 2773 3275 no-

1620 3293 1885 3357 minatur,
1925 3294 2057 3362 quia
2092 3294 2265 3348 maris
2300 3292 2471 3349 medii
2504 3292 2574 3347 ab
2602 3292 2777 3347 Italia

1620 3364 1995 3421 remotissima
2030 3381 2207 3435 prope
2242 3382 2373 3435 pars
2411 3370 2513 3419 est.
2540 3392 2607 3403 —-
2638 3378 2773 3433 por-

1619 3436 1762 3505 tare]
1796 3436 1930 3491 vide
1966 3436 2039 3491 ad
2083 3437 2263 3492 Carm.
2293 3436 2339 3507 1,
2374 3441 2417 3499 1,
2458 3437 2506 3490 8.
2546 3464 2613 3475 -
2648 3432 2773 3504 rex]

1622 3507 1971 3577 Scytharum,
2018 3508 2318 3576 Dacorum,
2364 3508 2774 3575 Sarmatarum,

1621 3597 1655 3633 a
1696 3596 1933 3649 quorum
1983 3580 2402 3635 excursionibus
2440 3585 2497 3634 et
2546 3578 2773 3633 latroci-

1621 3650 1730 3704 niis
1767 3650 1904 3706 fines
1939 3650 2178 3706 Romani
2203 3651 2426 3721 imperii
2459 3668 2573 3705 non
2608 3654 2775 3705 erant

1621 3723 1749 3776 tuti.
1824 3723 1891 3778 cf.
1938 3722 2040 3791 111,
2084 3724 2133 3790 8,
2175 3726 2261 3777 17.
2334 3723 2449 3777 Alii
2499 3722 2623 3791 quis
2667 3738 2775 3791 pro

1622 3794 1817 3863 quibus
1857 3794 2071 3849 dictum
2108 3796 2307 3850 volunt
2358 3800 2415 3849 et
2462 3791 2773 3864 significari

1619 3869 1826 3934 putant
1873 3864 2223 3921 Teridatem:
2282 3882 2395 3919 non
2440 3864 2604 3928 bene;
2666 3880 2775 3918 nec

1624 3937 1821 3991 melius
1838 3936 2113 3992 Muellero
2140 3937 2214 3992 ad
2237 3935 2544 3991 tollendam
2580 3935 2771 3990 nescio

1624 4026 1789 4077 quam
1834 4008 2205 4080 tautologiam
2256 4008 2499 4063 scribere
2534 4026 2604 4061 ex
2642 4024 2773 4062 eon·

1622 4081 1747 4134 iect.
1806 4080 2022 4151 placuit
2078 4080 2261 4150 ,φωτὶ
2308 4078 2611 4134 Teridaten
2658 4083 2773 4133 ter-

1620 4152 1795 4206 reat“.
1836 4182 1901 4191 —
1942 4151 1993 4206 T
1988 4150 2254 4223 eridaten]
2306 4152 2399 4206 Sic
2444 4150 2595 4219 apud
2638 4150 2776 4205 Dio-

1620 4240 1745 4278 nem
1800 4223 1947 4278 Cass.
1996 4219 2329 4294 Τηριδάτηνς
2382 4222 2532 4291 apud
2576 4219 2775 4276 Lucia-

1620 4312 1755 4349 num
1794 4292 2107 4363 Τιριδάταν,
2139 4294 2242 4350 ubi
2273 4300 2459 4350 tamen
2499 4292 2776 4349 editiones

2329 4364 2440 4420 cfr.
2480 4364 2773 4419 claudian.

2342 4455 2422 4492 ar.
2470 4438 2603 4491 202:
2654 4441 2773 4506 „tu,

1622 4366 1975 4421 dissentiunt.
2018 4396 2080 4407 —
2120 4372 2271 4422 necte

1621 4438 1692 4493 de
1738 4444 1896 4509 nupt.
1932 4439 2145 4493 Honor.
2186 4445 2245 4492 et

1622 4508 1834 4580 Gratia,
1896 4509 2059 4565 flores
2120 4510 2286 4581 Elige
2302 4549 2317 4572 ,
2376 4514 2441 4563 tu
2500 4508 2775 4581 geminas,

1621 4580 1947 4651 Concordia,
1992 4586 2155 4637 necte
2193 4581 2477 4638 coronas.“
2516 4608 2583 4621 ·-
2624 4580 2775 4634 Pim-
