3092 5059
916 855 1006 964 Q.
1079 855 1523 942 HORATII
1583 857 1967 944 FLAccl

629 1038 2194 1150 EPISTULARUM

1089 1241 1349 1309 LIBER
1382 1242 1722 1310 PRIMUS.

1103 1555 1558 1639 Ems'mLA
1633 1553 1700 1638 Ι.

326 1715 592 1792 Prima
642 1718 850 1795 dicte
898 1718 1113 1816 mihi,
1167 1745 1467 1796 summa
1519 1718 1851 1794 dicende
1905 1717 2267 1816 Camena,

324 1841 771 1942 Spectatum
815 1845 995 1920 satis
1046 1858 1123 1920 et
1175 1844 1541 1922 donatum
1596 1845 1750 1920 iam
1799 1843 1998 1920 rude
2051 1845 2376 1944 quaeris,

587 2075 917 2146 Epistula
956 2076 1001 2130 1.

289 2147 479 2202 Editis
515 2149 696 2204 tribus
731 2150 1041 2204 carminum
1078 2147 1239 2202 libris
1259 2147 1371 2202 Ho-

218 2221 397 2274 ratius
432 2237 699 2290 magnam
733 2221 843 2275 sibi
866 2220 1107 2276 nominis
1131 2220 1373 2290 gloriam

216 2296 540 2359 paraverat:
619 2310 689 2347 ex
753 2310 863 2361 quo
932 2295 1186 2361 tempore
1249 2308 1373 2347 cum

216 2362 403 2431 plures
452 2363 591 2418 anni
633 2365 980 2430 transissent,
1016 2363 1219 2433 quibus
1264 2362 1373 2417 Ro·

216 2449 413 2490 manae
450 2435 605 2504 lyrae
640 2435 841 2492 fidicen
878 2403 1021 2490 nihil
1053 2434 1125 2489 ed
1162 2437 1372 2489 susten-

214 2507 447 2561 tandam
508 2507 891 2578 sugendam-ve
955 2506 1178 2561 laudem
1240 2507 1373 2560 novi

216 2577 542 2646 addidjseet,
578 2597 721 2634 unus
759 2595 892 2633 sane
928 2595 1039 2632 non
1076 2577 1189 2632 fuit
1222 2577 1372 2632 Mae-

216 2665 393 2717 cenas,
432 2651 533 2719 qui
567 2655 792 2720 poetam
816 2655 883 2704 ut
904 2649 1059 2704 laudi
1084 2666 1215 2704 suae
1246 2666 1372 2703 con-

214 2722 423 2776 suleret
477 2721 749 2778 benevola
808 2721 1189 2778 admonitione
1236 2721 1373 2776 inci-

214 2797 381 2848 taret.
458 2792 565 2847 Sed
630 2798 923 2863 „tempora
976 2797 1269 2848 mutantur
1316 2797 1374 2848 et

213 2881 315 2918 nos
366 2869 656 2920 mutamur
700 2865 761 2920 in
804 2864 952 2920 illis“
990 2881 1170 2933 neque
1206 2880 1372 2934 quee-

213 2935 298 2989 vis
354 2941 513 2991 aetas
566 2940 666 2991 aut
710 2937 892 3006 quivis
940 2937 1157 2991 animus
1208 2941 1373 3006 aptus

216 3012 301 3061 est
338 3008 413 3063 ad
463 3009 845 3078 componenda
893 3009 1069 3077 lyrica
1106 3009 1371 3076 carmina,

215 3079 419 3147 quibus
480 3081 812 3134 tenerrimos
858 3086 918 3134 et
972 3081 1198 3135 intimos
1253 3097 1369 3133 sen·

214 3167 307 3204 sus
343 3155 549 3220 poetae
584 3150 899 3220 exprimere
941 3152 1137 3206 solent.
1211 3149 1372 3217 Quod

214 3239 383 3290 quam
442 3223 519 3277 sit
572 3240 770 3277 verum
825 3221 1091 3276 Horatius
1188 3239 1373 3290 noque

214 3295 389 3348 sensit
424 3310 663 3362 eamque
707 3294 1121 3348 excusationem
1222 3311 1373 3348 aece-

214 3367 363 3419 nstis
416 3366 837 3434 amicorumque
885 3365 1229 3433 reliquorum
1277 3380 1370 3418 vo-

212 3435 421 3492 luntati
492 3437 768 3520 opposuit.
855 3435 1039 3502 Quare
1106 3434 1243 3490 olim
1314 3453 1373 3490 se

213 3507 413 3563 lusisse
460 3509 543 3562 ait
592 3508 1018 3575 adulescentem,
1065 3507 1179 3561 iam
1222 3524 1371 3561 seve-

213 3580 293 3634 ris
329 3597 391 3634 se
425 3579 737 3650 disciplinis
776 3583 836 3634 et
884 3548 1083 3635 stud’iis
1120 3578 1373 3633 deditum

214 3669 337 3706 eam
360 3652 703 3734 conquirere
726 3669 913 3706 rerum
948 3651 1186 3721 copiam,
1223 3649 1373 3704 unde

213 3739 489 3778 summam
556 3717 734 3793 possit
796 3740 994 3793 capere
1064 3721 1373 3775 utilitatem

215 3794 287 3849 ad
350 3796 529 3848 vitam
596 3795 879 3864 sapienter
948 3794 1369 3850 instituendam.

214 3865 338 3921 Hoc
376 3867 527 3921 enim
572 3884 631 3920 se
682 3867 839 3936 sequi
885 3867 943 3920 ιιι
983 3866 1149 3922 rebus
1190 3865 1372 3934 philo·

214 3939 461 4007 sophicis
498 3937 809 4006 consilium,
859 3938 1093 3993 eandem
1140 3937 1214 3992 ob
1251 3953 1373 3992 rem

212 4009 311 4063 uni
378 4008 842 4079 philosophorum
911 4009 1241 4080 disciplinae
1314 4025 1373 4062 se

212 4098 329 4135 non
366 4028 657 4136 addictum
695 4099 813 4136 esse
847 4082 947 4137 sed
984 4081 1373 4150 undecumque

212 4151 341 4206 fieri
390 4153 569 4222 possit
612 4153 825 4223 optima
876 4170 1127 4223 quaeque
1172 4156 1231 4206 et
1277 4169 1369 4206 ve-

133 4223 146 4236 ’
212 4225 441 4278 tissima
478 4225 742 4295 colligere
778 4224 855 4294 (v.
880 4225 987 4294 19).
1058 4225 1127 4278 In
1160 4240 1273 4293 qua
1308 4240 1371 4277 re

212 4311 343 4350 cum
406 4296 795 4351 ardentissimo
852 4295 1039 4351 studio
1100 4299 1159 4350 et
1214 4294 1371 4350 inde·

215 4366 615 4520 suanm
658 4367 927 4505 2¹:233?
953 4365 1377 4494 3302&ssss

216 4509 291 4563 ad
316 4527 595 4566 summum
630 4509 930 4566 ascendere
966 4509 1254 4580 fastigium
1292 4525 1375 4564 sa·

216 4581 473 4653 pientiae
530 4599 649 4638 esse
707 4599 1055 4652 concessum;
1129 4581 1375 4652 largissi-

1463 2092 1612 2130 mam
1655 2091 1792 2130 vero
1828 2073 1908 2128 ibi
1959 2081 2214 2145 paratam
2265 2092 2382 2130 esse
2417 2075 2622 2130 verita·

1464 2148 1539 2202 tis
1566 2147 1724 2214 quasi
1751 2145 2030 2214 quandem
2059 2164 2311 2215 messem,
2347 2150 2412 2200 ut
2437 2147 2622 2214 quivis

1464 2219 1664 2288 quovis
1719 2225 1972 2287 tempore
2030 2223 2132 2274 aut
2181 2187 2621 2273 cons’olationem

1463 2290 1740 2350 malorum
1779 2293 1880 2344 aut
1915 2291 2406 2359 perturbationum
2449 2289 2622 2344 animi

1462 2361 1810 2416 sedationem
1850 2361 1986 2415 dum
2023 2363 2163 2417 velit
2195 2362 2374 2432 possit
2399 2361 2497 2416 i.bi
2530 2378 2622 2416 re-

1462 2435 1674 2502 perire:
1733 2433 1794 2486 in
1843 2449 1958 2502 qua
2007 2433 2234 2503 quidem
2281 2433 2454 2488 animi
2495 2450 2622 2502 per·

1464 2504 1682 2560 turbati
1706 2504 1992 2560 sedatione
2031 2504 2371 2575 principium
2397 2523 2622 2560 cernen-

1464 2575 1600 2630 dum
1637 2593 1755 2631 esse
1789 2576 2096 2645 sapientiae
2133 2577 2208 2644 (v.
2246 2577 2357 2646 41).
2427 2575 2620 2632 Stulti·

1464 2647 1581 2702 tiae
1635 2647 1849 2702 radices
1903 2648 2114 2717 positas
2162 2665 2280 2704 esse
2330 2648 2389 2702 in
2441 2664 2621 2718 pravo

1465 2719 1535 2774 de
1579 2719 1746 2774 rebus
1791 2719 2024 2774 iudicio:
2080 2737 2256 2789 quare
2299 2719 2622 2774 admiratio-

1464 2807 1594 2845 nem
1655 2795 1716 2846 et
1764 2791 2102 2846 desiderium
2149 2791 2456 2846 coercenda
2505 2809 2622 2846 esse

1466 2863 1537 2918 sd
1576 2881 1641 2917 es
1679 2879 1822 2932 quae
1857 2879 1988 2918 vere
2022 2863 2171 2918 bons
2207 2864 2322 2918 sint
2357 2863 2412 2916 h.
2451 2879 2500 2918 e.
2551 2861 2622 2918 ad

1464 2935 1736 2988 virtutem
1791 2935 1932 3002 (51);
1992 2951 2310 3004 quanquam
2370 2935 2621 2989 homines

1465 3006 1630 3060 aliter
1666 3006 1843 3060 ferme
1877 3007 2144 3074 iudicare,
2179 3007 2448 3060 virtutem
2475 3006 2620 3061 divie

1462 3077 1560 3131 tiis
1583 3077 1936 3146 posthabere,
1972 3082 2032 3132 et
2071 3079 2132 3132 in
2155 3077 2472 3132 hominibus
2507 3094 2622 3131 non

1463 3149 1734 3203 virtutem
1798 3149 1894 3204 sed
1953 3166 2086 3218 opes
2149 3149 2437 3234 admirari.
2511 3148 2620 3216 Qui

1464 3237 1600 3275 vero
1645 3224 1798 3276 recte
1841 3221 2192 3304 intellegant,
2237 3221 2306 3275 iis
2345 3237 2620 3274 summam

1464 3292 1618 3346 vitae
1655 3291 1832 3362 legem
1869 3292 1927 3344 in
1964 3292 2286 3375 innocentia
2315 3309 2450 3360 esse,
2473 3292 2620 3361 opti·

1462 3380 1618 3416 mum
1665 3362 1960 3417 consilinm
2004 3363 2065 3416 in
2105 3363 2296 3418 animo
2345 3381 2380 3418 a
2417 3363 2620 3417 Fortu·

1464 3451 1572 3488 nae
1627 3433 1842 3489 incerto
1891 3433 2086 3489 favore
2135 3435 2426 3490 liberrimo
2473 3435 2620 3504 (69);

1466 3505 1684 3560 eosdem
1722 3505 1864 3560 bene
1901 3506 2098 3561 docere
2134 3507 2432 3576 imperitae
2480 3507 2623 3560 mul-

1467 3577 1728 3632 titudinis
1765 3577 2087 3647 opinionem
2133 3577 2224 3632 vel
2270 3578 2621 3632 voluntatem

1466 3649 1802 3717 sequendam
1851 3666 1963 3704 non
1999 3665 2133 3718 esse,
2179 3650 2442 3718 quoniam
2479 3649 2622 3703 mul-.

1464 3720 1646 3790 tiplex
1703 3721 1806 3775 illa
1851 3720 1926 3775 sit
1971 3721 2246 3789 (76-80),
2295 3721 2508 3774 incerta
2564 3725 2621 3774 et

1465 3792 1626 3846 varia
1646 3796 1712 3846 ut
1731 3792 1966 3846 Proteus
2002 3791 2138 3860 (93),
2179 3797 2294 3875 tam
2337 3809 2518 3858 caeca,
2555 3796 2622 3846 ut

1466 3864 1564 3932 qui
1613 3863 1673 3918 in
1708 3863 1954 3918 externis
1990 3862 2156 3918 rebus
2191 3863 2278 3917 sui
2319 3831 2620 3946 negleffens

1464 3937 1541 3990 sit
1577 3953 1706 3990 eum
1743 3935 2012 4001 derideat,
2057 3935 2156 4004 qui
2199 3936 2519 3990 inconstans
2559 3934 2621 3988 in

1465 4007 1721 4076 petendis
1757 4006 2150 4078 fugiendisque
2183 4007 2367 4069 rebus,
2391 4023 2518 4060 eum
2549 4023 2620 4061 ne

1466 4080 1752 4148 vituperet
1811 4078 2053 4148 quidem.
2147 4077 2330 4148 Quare
2397 4077 2620 4132 verissi-

1465 4167 1620 4204 mum
1673 4167 1790 4206 esse
1839 4149 1981 4204 illud
2028 4149 2360 4217 Stoicorum,
2403 4149 2620 4218 sapien-

1464 4228 1582 4277 tem
1617 4239 1792 4278 unum
1833 4238 1950 4277 esse
1986 4238 2190 4292 regem,
2234 4237 2406 4275 unum
2444 4221 2624 4274 omni·

1465 4295 1572 4350 bus
1591 4311 1722 4349 vere
1741 4293 2064 4364 expetendis
2087 4292 2254 4347 rebus
2271 4297 2618 4348 exornatum.

1468 4365 1558 4420 En
1621 4364 1792 4420 habes
1859 4369 2252 4436 argumentum
2329 4363 2620 4434 epistulae,

1470 4454 1638 4506 quam
1662 4437 1707 4491 Ι.
1735 4437 1937 4492 Caesar
1960 4436 2210 4506 Scaliger
2211 4435 2488 4500 ,Horatii
2523 4435 2622 4491 ille

1469 4508 1694 4578 quidem
1714 4525 1826 4563 non
1848 4525 2040 4564 caecus
2059 4507 2335 4576 laudator,
2353 4509 2435 4562 sic
2458 4524 2620 4577 prae-

1469 4579 1704 4635 dicavit.
1729 4577 1955 4650 „Prima
1973 4579 2214 4652 epistula
2235 4580 2434 4650 quovis
2453 4579 2626 4636 melle
