3092 5059
433 208 558 273 ἕω

1479 209 1836 293 EPODON

451 427 500 467 ιε
534 394 763 473 Unde
805 395 950 472 tibi
999 397 1332 473 reditum
1382 410 1589 474 certo
1642 399 2075 475 subtemine
2130 399 2415 476 Parcae

634 522 944 619 Rupere
997 547 1141 598 nec
1185 534 1432 597 mater
1477 521 1793 599 domum
1843 522 2151 599 caerula
2200 534 2275 599 te
2314 524 2656 600 revehet.

532 644 712 720 Illic
764 670 992 721 omne
1041 645 1326 722 malum
1377 645 1558 721 vino
1612 659 1993 745 cantuque
2041 647 2322 743 levato,

631 771 1022 847 Deformis
1075 772 1601 871 aegrimoniae
1652 770 2009 849 dulcibus
2062 772 2449 873 alloquiis.

1290 1103 1673 1193 GARMEN
1733 1105 1947 1192 XIV.
1972 1176 1984 1244 5

735 1273 992 1350 Mollis
1047 1274 1324 1351 inertia
1373 1301 1510 1351 cur
1562 1288 1851 1351 tantam
1906 1265 2308 1353 diffuderit
2356 1275 2532 1351 imis

845 1398 1342 1477 Oblivionem
1391 1402 1765 1497 sensibus,

738 1522 1031 1601 Pocula
1077 1525 1456 1601 Lethaeos
1509 1540 1594 1601 ut
1642 1526 1710 1602 si
1757 1525 2119 1602 ducentia
2171 1551 2483 1601 somnos

836 1646 1130 1727 Arente
1172 1650 1396 1727 fauce
1445 1652 1836 1746 traxerim,

676 1803 702 1844 ε
741 1772 1093 1851 Candide
1143 1774 1571 1873 Maecenas,
1628 1776 1915 1852 occidis
1968 1802 2197 1877 saepe
2248 1775 2638 1873 rogando:

833 1898 1059 1995 Deus,
1115 1900 1302 1976 deus
1355 1927 1532 1976 nam
1589 1926 1712 1977 me
1767 1915 1967 1978 vetat

432 2130 690 2215 Ritterus
727 2130 866 2186 haec
898 2132 1216 2189 adnotavit:
1258 2134 1455 2202 „celeri
1489 2133 1592 2189 flu-

431 2205 1593 2333 ffizkfflffitffffisfsstffittzsst

433 2346 636 2400 ravit.“
677 2346 1034 2401 celeritatem
1064 2347 1385 2404 Scamandri
1421 2350 1592 2404 etiam

433 2416 713 2485 Kellerus,
749 2418 846 2487 qui
887 2436 936 2472 a.
979 2421 1118 2473 1874
1159 2436 1286 2475 eum
1324 2419 1589 2475 fluentem

433 2488 597 2558 vidit,
629 2493 889 2544 testatur.
913 2520 980 2530 —
1000 2491 1242 2547 lubricus
1287 2498 1338 2546 et
1373 2490 1592 2561 Simois]

433 2560 816 2630 Adiectivum,
872 2562 942 2617 de
997 2562 1164 2618 celeri
1227 2580 1392 2617 cursu
1443 2565 1589 2633 posi-

435 2636 576 2701 tum,
623 2632 1136 2703 frequentissimum
1171 2640 1258 2689 est
1289 2634 1590 2691 fluviorum

433 2710 862 2773 ornamentum3
929 2712 994 2759 ut
1051 2705 1212 2761 Ovid.
1276 2706 1427 2761 Fast.
1484 2708 1590 2776 IV,

433 2776 538 2829 337
576 2776 854 2843 „lubricus
907 2777 1119 2840 Almo“‚
1177 2777 1314 2832 ibid.
1351 2779 1446 2847 VI,
1485 2782 1592 2834 238

435 2846 671 2913 „lubrice
724 2846 908 2901 wri‘·
955 2849 1082 2901 Am.
1127 2848 1228 2917 111,
1271 2851 1323 2917 6,
1362 2851 1426 2903 91
1476 2852 1591 2918 „lu-

433 2916 618 2973 bricus
653 2918 885 2971 amnis.“
921 2918 1000 2972 Et
1023 2918 1223 2974 Simois
1251 2921 1402 2991 apud
1419 2922 1588 2993 Verg.

434 2990 574 3043 Aen.
611 2987 674 3055 V,
721 2990 824 3043 261
872 2990 1112 3060 rapidus
1151 2996 1255 3046 est.
1301 3022 1364 3033 —
1417 2995 1589 3049 subte-

434 3060 602 3130 mine]
665 3062 886 3128 poetica
949 3062 1266 3118 variatione
1318 3081 1424 3133 pro
1477 3066 1589 3133 filo,

435 3132 587 3201 quod
643 3136 800 3187 certo
855 3135 916 3187 et
973 3134 1269 3189 immutato
1333 3140 1592 3206 tempora

433 3208 646 3258 sectum
681 3204 834 3258 vitae
869 3202 1039 3259 finem
1076 3206 1334 3275 imponit.
1365 3236 1434 3247 -
1464 3224 1592 3263 can·

433 3276 520 3343 tu]
559 3274 630 3330 cf.
656 3274 819 3330 Hom.
843 3276 910 3329 Il.
936 3276 1033 3341 IX,
1073 3279 1191 3333 186.
1217 3308 1286 3318 -
1311 3279 1589 3349 alloquiis]

436 3362 600 3415 quae,
647 3346 781 3401 vina
827 3351 886 3401 et
943 3354 1157 3417 cantus,
1219 3351 1406 3405 dulcia
1459 3355 1592 3406 sunt

433 3417 697 3487 alloquia,
735 3419 940 3475 solacia
981 3422 1375 3491 aegrimoniae.
1437 3422 1591 3478 Allo-

435 3489 622 3558 quium
682 3495 812 3544 ante
873 3494 1114 3563 Augusti
1175 3498 1417 3549 aetatem
1475 3512 1591 3549 non

433 3561 660 3615 videtur
695 3561 866 3617 fuisse
901 3564 1186 3619 usitatum.
1205 3594 1278 3605 -
1307 3566 1587 3637 deformis]

434 3648 576 3701 quae
627 3632 907 3688 deformat
951 3640 1017 3689 ut
1064 3637 1284 3691 vultum
1341 3638 1420 3692 sic
1473 3638 1589 3693 ani·

433 3720 605 3758 mum.
641 3704 855 3759 Eadem
890 3708 1111 3762 ratione
1145 3708 1355 3763 Lucan.
1389 3708 1589 3763 Phars.

434 3775 587 3844 VIII,
623 3777 690 3830 81
732 3777 1026 3845 „deformis
1063 3780 1270 3834 dolor.“
1330 3780 1590 3836 Ceterum

434 3847 690 3903 conferas
726 3846 866 3903 Stat.
907 3850 1039 3905 Silv.
1078 3849 1150 3915 11,
1178 3856 1224 3920 1,
1251 3854 1384 3905 232:
1426 3870 1587 3921 „noc-

432 3923 630 3988 tesque
677 3918 951 3975 Dulcibus
1005 3923 1265 3992 alloquiis
1326 3928 1384 3977 et
1443 3925 1587 3979 vivis

431 3992 686 4046 vultibus
720 3991 948 4062 imple.“

770 4106 1050 4161 Carmen
1086 4106 1236 4164 XIV.

507 4201 691 4257 Simili
726 4203 948 4257 ratione
997 4220 1107 4273 qua
1142 4204 1320 4275 Epod.
1364 4208 1426 4258 11
1467 4205 1587 4260 Ho-

431 4274 612 4329 ratius
657 4274 808 4344 quod
856 4276 1197 4331 carminibus
1237 4277 1585 4333 conscriben-

431 4346 520 4400 dis
545 4345 809 4399 limandis
833 4346 1172 4417 edendisque
1197 4364 1429 4419 operam
1452 4350 1588 4405 dare

433 4434 548 4471 non
591 4418 786 4485 possit,
841 4434 1006 4472 saeva
1047 4421 1252 4475 amoris
1306 4426 1589 4491 potestate

433 4486 583 4543 effici
617 4488 930 4543 Maecenati
967 4491 1146 4546 amico
1186 4494 1423 4550 candido
1469 4494 1587 4548 ani-

435 4576 528 4615 mo
581 4558 896 4629 profitetur.
970 4562 1036 4615 In
1072 4580 1184 4633 qua
1227 4582 1291 4621 re
1335 4582 1462 4621 suas
1497 4583 1587 4619 ra-

1686 2134 1871 2189 tiones
1938 2137 2227 2203 comparat
2298 2150 2425 2188 cum
2487 2134 2843 2189 Anacreonte

1688 2204 1843 2273 Te‘1'0,
1882 2222 2048 2273 quem
2085 2206 2221 2275 quid
2262 2206 2499 2260 sentiret
2536 2205 2743 2259 amoris
2780 2206 2841 2260 vi

1685 2282 1940 2332 coactum
1984 2293 2147 2346 saepe
2192 2276 2253 2330 in
2290 2276 2633 2331 carminibus
2669 2277 2839 2346 depo·

1684 2348 1857 2403 suisse
1898 2348 2128 2414 indicat,
2170 2348 2440 2403 nimirum
2489 2354 2555 2401 ut
2590 2350 2839 2403 animum

1684 2421 1830 2475 curis
1884 2424 2185 2491 gravatum
2240 2421 2471 2488 levaret,
2524 2421 2839 2491 conscripta

1684 2492 1814 2546 dein
1857 2492 2107 2547 carmina
2154 2492 2375 2546 iteratis
2426 2492 2574 2547 curis
2623 2509 2736 2547 non
2774 2491 2838 2546 li-

1682 2580 1877 2629 masse,
1945 2564 2041 2618 sed
2096 2563 2309 2618 intacta
2360 2564 2668 2633 reliquisse.
2749 2562 2841 2618 En

1682 2635 1951 2690 habemus
1996 2652 2127 2689 vere
2174 2636 2409 2704 lyricum
2456 2639 2701 2704 poetam,
2739 2636 2839 2703 qui

1683 2724 1752 2761 ex
1814 2708 2015 2761 intimo
2082 2712 2309 2775 pectore
2366 2724 2559 2761 sensus
2630 2707 2840 2773 haurit,

1684 2796 1937 2847 quaeque
1985 2779 2103 2848 ipse
2138 2778 2228 2833 vel
2265 2794 2459 2847 passus
2510 2783 2596 2832 est
2629 2778 2722 2832 vel
2754 2779 2838 2832 vi-

1682 2849 1769 2904 dit
1804 2850 1895 2905 vel
1932 2849 2069 2905 fecit
2106 2849 2449 2905 carminibus
2491 2849 2698 2919 prodit.
2770 2850 2839 2903 In

1680 2920 1793 2975 fine
1866 2922 2129 2976 carminis
2202 2922 2383 2991 ipsum
2458 2920 2839 2976 Maecenatem

1684 2992 1822 3061 quid
1858 2993 2045 3048 valeat
2080 3010 2239 3047 amor
2274 2992 2485 3047 sentire
2521 2992 2605 3047 ait
2637 2998 2840 3062 poeta3

1682 3065 2482 3192 {ffiti'ii’ss'ssriffiiepfifflffii
2516 3064 2839 3191 ²333?ssssss

2469 3176 2484 3204 2

1680 3207 1846 3276 pauci
1918 3209 2258 3277 interpretes
2317 3208 2649 3263 concludere
2718 3208 2840 3261 ausi

1682 3284 1832 3347 sunt,
1870 3280 2105 3334 amicam
2143 3279 2480 3334 Maecenatis
2517 3279 2839 3333 Terentiam

1684 3367 1819 3417 esse,
1858 3354 1978 3403 tum
2016 3367 2294 3419 sponsam,
2331 3351 2583 3405 nondum
2620 3351 2679 3405 in
2721 3368 2837 3405 ma·

1680 3422 2009 3475 trimonium
2034 3422 2277 3477 ductam.
2313 3422 2420 3476 Sed
2462 3423 2533 3477 cf.
2560 3422 2633 3477 ad
2656 3423 2839 3477 Carm.

1682 3492 1753 3559 11,
1791 3496 1871 3547 12.
1910 3493 2171 3547 Ceterum
2207 3493 2313 3549 hoc
2350 3512 2573 3549 carmen
2608 3512 2722 3549 non
2756 3495 2842 3549 ita

1682 3564 1861 3619 multo
1888 3571 2021 3619 ante
2056 3565 2266 3619 editam
2308 3564 2577 3635 συλλογὴν
2612 3566 2837 3635 Epodo-

1682 3654 1808 3689 rum
1846 3636 2119 3706 scriptum
2156 3653 2273 3691 esse
2312 3637 2556 3692 videtur.

1757 3707 1818 3762 V.
1859 3708 1907 3761 1.
1956 3710 2005 3761 2.
2059 3708 2191 3763 imis
2236 3708 2504 3777 sensibus]
2558 3714 2625 3764 ut
2670 3708 2838 3779 Verg.

1682 3778 1809 3834 Buc.
1870 3781 1921 3846 3,
1970 3781 2055 3834 54.
2130 3780 2200 3834 cf.
2256 3780 2437 3849 Epod.
2499 3784 2579 3843 11,
2630 3780 2711 3834 10.
2766 3808 2838 3821 —

1680 3850 2016 3919 oblivionem]
2059 3868 2251 3905 earum
2287 3868 2495 3919 rerum,
2534 3869 2671 3921 quas
2706 3868 2838 3921 pro·

1680 3922 1931 3977 miserim
1974 3940 2063 3977 me
2109 3923 2410 3978 facturum.
2448 3952 2516 3963 -
2554 3923 2841 3993 ducentia]

1680 4000 1747 4047 ιιι
1797 3994 1981 4050 Carm.
2028 3994 2127 4059 111,
2164 3996 2252 4062 27,
2290 3998 2389 4064 42;
2453 3994 2621 4050 aliter
2671 3994 2839 4065 Verg.

1681 4066 1822 4120 Aen.
1862 4064 1957 4135 IV,
1992 4068 2113 4120 560.
2172 4096 2239 4107 --
2300 4066 2433 4121 deus
2478 4066 2633 4136 nam]
2687 4066 2839 4121 Nam

1681 4138 1966 4206 particula
2001 4138 2257 4206 proxime
2297 4142 2385 4191 est
2428 4137 2725 4193 referenda
2762 4138 2835 4192 ad

1682 4225 1737 4262 v.
1776 4208 1979 4263 occidis
2016 4226 2256 4276 quocum
2306 4208 2377 4263 cf.
2418 4208 2597 4263 Carm.
2635 4210 2710 4278 11,
2752 4212 2836 4273 17,

1687 4281 1747 4347 l;
1800 4280 1943 4334 dicit
1984 4280 2130 4333 enim
2178 4280 2306 4335 hoc:
2360 4285 2427 4334 tu
2469 4298 2583 4335 non
2629 4280 2837 4336 desinis

1682 4368 1771 4404 me
1816 4367 2035 4421 rogare,
2089 4352 2171 4405 ita
2216 4356 2281 4405 ut
2333 4354 2622 4422 perpetuis
2668 4370 2835 4422 quae·

1682 4422 1957 4477 stionibus
2018 4422 2331 4478 cruciatum
2400 4440 2493 4478 me
2568 4426 2836 4493 sentiam3

1682 4510 1810 4548 nam
1848 4493 1985 4563 quid
2010 4510 2113 4564 ego
2147 4495 2300 4549 aliud
2336 4495 2443 4550 tibi
2467 4496 2835 4565 respondeam

1680 4566 1789 4619 nisi
1836 4564 1943 4619 hoc
1986 4582 2178 4634 unum,
2230 4567 2401 4621 deum
2436 4584 2555 4621 esse
2600 4568 2699 4637 qui
2746 4585 2837 4623 me
