3092 5059
1146 254 1309 323 LIB.
1345 256 1430 323 Π.
1471 256 1656 323 SA'P.
1700 258 1819 324 III.

281 481 332 519 ιο
370 446 456 524 Si
507 470 834 523 vacuum
877 443 1146 545 tepido
1201 444 1529 545 cepisset
1580 442 1853 519 villula
1896 454 2121 521 tecto.

370 572 762 667 Quorsum
815 569 1186 671 pertinuit
1234 569 1524 667 stipare
1570 566 1896 644 Platona
1944 568 2399 664 Menandre,

365 697 730 798 Eupolin,
786 692 1362 789 Archilochum,
1419 693 1737 770 comites
1792 694 2121 770 educere
2172 693 2473 768 tantos?

365 821 760 898 Invidiam
809 818 1125 922 placare
1174 845 1404 919 paras
1451 820 1733 896 virtute
1784 819 2051 896 relicta
2067 818 2103 892 :³

368 944 910 1043 Contemnere,
964 947 1225 1023 miser.

1328 942 1671 1021 Vitanda
1720 958 1839 1020 est
1885 944 2247 1041 improba
2294 943 2519 1021 Siren

285 1102 334 1143 ιε,
369 1070 708 1167 Desidia,
763 1083 896 1146 aut
949 1068 1322 1169 quicquid
1379 1068 1536 1144 vita
1585 1066 1909 1145 meliore
1956 1066 2268 1165 parasti,

366 1196 827 1273 Ponendum
852 1220 1103 1295 aequo
1129 1189 1464 1270 animo.“
1513 1194 1660 1291 „Di
1684 1206 1781 1290 te,
1809 1192 2297 1293 Damasippo,
2334 1192 2682 1294 deaeque

373 1322 667 1399 Verum
721 1323 820 1398 ob
875 1320 1282 1397 consilium
1335 1318 1629 1395 donent
1677 1318 2029 1395 tonsore!
2086 1318 2223 1393 sed
2270 1318 2479 1395 unde

368 1448 564 1523 Tam
585 1448 786 1524 bene
813 1472 933 1523 me
957 1444 1158 1521 nosti
1171 1441 1258 1518 ?“
1297 1444 1766 1545 „Postquam
1794 1444 2041 1519 omnis
2068 1470 2191 1519 res
2216 1468 2393 1520 mea
2404 1442 2680 1521 Ianum

369 1570 507 1647 Ad
556 1572 902 1649 medium
957 1573 1203 1647 fracta
1253 1582 1391 1666 est,
1445 1569 1697 1645 aliena
1744 1569 2057 1667 negotia
2108 1594 2294 1647 curo

284 1729 338 1770 ω
372 1698 757 1775 Excussus
809 1698 1184 1799 propriis:
1241 1694 1428 1771 olim
1479 1721 1659 1771 nam
1714 1718 2086 1794 quaerere
2132 1696 2489 1773 amabam

372 1822 552 1917 Quo
606 1825 830 1901 vafer
875 1821 1012 1898 ille
1061 1821 1302 1921 pedes
1355 1820 1667 1898 lavisset
1715 1818 2090 1921 Sisyphus
2142 1846 2325 1898 aere

271 2104 360 2159 dit
396 2121 502 2161 nec
536 2105 818 2161 demorsos
867 2104 1016 2174 sapit
1051 2104 1322 2175 ungues.“
1364 2134 1426 2146 -·

273 2177 567 2248 minantis]
605 2176 735 2233 vide
775 2177 846 2231 ad
881 2178 1062 2247 Epist.
1101 2177 1144 2245 1,
1182 2178 1234 2245 8,
1271 2177 1322 2230 8.
1365 2206 1427 2217 -

269 2249 527 2320 vacuum]
585 2250 840 2303 otiosum.
903 2279 966 2288 —
1029 2247 1213 2317 tepido
1271 2246 1427 2317 tecto]

272 2318 474 2375 Hieme
509 2320 660 2374 enim
695 2320 1127 2375 celebrabantur
1163 2320 1430 2373 Saturna-

272 2390 367 2446 lia.
405 2392 478 2447 cf.
517 2391 696 2446 Carm.
721 2392 794 2455 11,
835 2394 886 2461 6,
920 2395 1003 2446 17.
1041 2392 1222 2461 Epist.
1260 2391 1304 2459 1,
1345 2393 1430 2460 10,

277 2464 362 2517 16.
411 2464 502 2533 20,
541 2464 626 2517 19.
661 2492 730 2504 —
769 2463 1042 2534 Platona]
1091 2464 1248 2518 cuius
1296 2462 1430 2517 libri

271 2534 428 2603 pleni
449 2539 583 2589 sunt
603 2534 920 2590 Socraticae
946 2538 1238 2603 εἰρωνείας,
1260 2550 1430 2603 quam

274 2606 538 2661 satiricus
573 2612 742 2675 poeta
781 2607 1182 2661 aemulabatur.
1241 2606 1326 2661 De
1363 2606 1428 2659 li-

274 2676 392 2731 bris
430 2682 704 2741 veterum,
749 2680 888 2748 quos
923 2676 1192 2732 Horatius
1243 2694 1429 2732 secum

273 2748 334 2802 in
368 2750 566 2803 villam
591 2751 770 2815 duxit,
809 2749 880 2803 cf.
911 2748 1025 2804 Sat.
1053 2749 1124 2819 11,
1149 2753 1200 2811 6,
1227 2750 1428 2817 60sqq.

275 2848 342 2860 —
367 2822 574 2877 viv-tide
607 2820 820 2891 relicta]
859 2820 1005 2875 nihil
1039 2821 1148 2874 iam
1187 2820 1429 2876 scriben-

275 2890 364 2945 do.
411 2922 478 2933 --
525 2892 776 2963 improba
819 2892 1000 2963 Siren]
1046 2894 1179 2962 quia
1219 2892 1430 2947 blanda

274 2970 360 3017 est
398 2969 456 3019 et
502 2968 684 3019 nocet.
759 2963 830 3019 cf.
867 2964 1029 3019 Hom.
1067 2965 1169 3020 Od.
1205 2964 1303 3033 XI,
1343 2968 1430 3019 39.

275 3034 412 3089 Hor.
452 3036 637 3104 Epist.
671 3036 718 3101 1,
760 3038 814 3104 2,
849 3038 919 3091 23
945 3053 1026 3105 sq.
1064 3066 1129 3075 —
1173 3038 1290 3092 vita
1325 3052 1428 3091 me-

275 3106 434 3175 liore]
467 3123 582 3162 non
607 3107 901 3162 desidiosa.
949 3108 1246 3163 Placuerat
1281 3109 1431 3162 enim

275 3176 466 3235 Stoico
504 3196 698 3233 severo
730 3179 1020 3233 hominum
1053 3179 1226 3235 iudici
1250 3180 1430 3234 Hora·

275 3249 436 3304 tiana
480 3251 675 3313 satira,
715 3267 826 3319 qua
871 3251 1122 3305 homines
1165 3252 1430 3321 castigari

275 3336 618 3391 magnopere
688 3322 990 3392 gaudebat.
1055 3352 1122 3363 —
1175 3322 1430 3393 parasti]

279 3392 508 3447 laudem
544 3398 602 3448 et
630 3410 916 3449 assensum
953 3395 1228 3449 bonorum
1253 3394 1431 3449 homi·

276 3480 428 3519 num.

349 3535 416 3589 V.
459 3538 542 3589 16.
599 3534 965 3607 Damasipps]
1024 3535 1273 3590 Licinius
1324 3534 1432 3589 Da-

279 3609 568 3677 masippus
603 3612 670 3661 ut
695 3612 1008 3663 statuarum
1045 3613 1266 3662 amator
1303 3608 1432 3661 hor-

279 3680 580 3747 torumque
629 3685 850 3749 emptor
903 3684 960 3734 et
1012 3680 1274 3734 venditor
1321 3696 1434 3733 me-

281 3756 540 3805 moratur
577 3768 612 3805 a
639 3752 904 3806 Cicerone
937 3753 995 3805 in
1033 3768 1066 3806 e
1104 3751 1303 3805 istulis.
1355 3750 1435 3805 De

281 3819 596 3876 Stoicorum
620 3822 800 3878 barba
816 3824 947 3878 vide
961 3822 1034 3877 ad
1093 3827 1170 3877 at.
1182 3822 1226 3889 Ι,
1242 3822 1293 3891 3,
1317 3822 1435 3877 138.

281 3890 626 3963 Exspectare
665 3894 853 3963 potuit
892 3894 1294 3965 Damasippus:
1361 3893 1435 3947 Di

281 3962 528 4034 deaeque
563 3970 622 4021 te
657 3966 868 4022 donent
899 3967 1158 4021 omuibus
1181 3966 1342 4019 bonis
1377 3970 1437 4019 et

283 4038 520 4106 optatis;
557 4052 662 4106 pro
701 4054 814 4106 quo
850 4038 1036 4107 lepide
1073 4037 1438 4092 substituitur

283 4108 512 4162 tonsore.
525 4136 592 4149 -·
609 4109 930 4179 Postquam]
943 4110 1098 4163 Haec
1108 4108 1436 4177 Damasippi

283 4182 416 4232 sunt
449 4196 624 4249 usque
659 4180 733 4235 ad
763 4199 817 4234 v.
844 4183 929 4235 26.
958 4210 1025 4220 —-
1053 4180 1275 4249 Ianum]
1317 4180 1437 4234 lani

285 4246 615 4305 dicebantur
651 4269 840 4307 omnes
891 4269 1053 4307 arcus
1099 4252 1190 4307 vel
1237 4250 1436 4306 transi-

283 4320 464 4375 tiones
516 4325 772 4393 perviae3
827 4324 1019 4393 quales
1067 4328 1185 4378 tres
1229 4339 1437 4378 memo-

287 4397 484 4447 rantur
520 4394 590 4449 sd
626 4394 814 4449 forum
838 4412 906 4449 ex
931 4396 1038 4450 viis
1075 4394 1437 4449 deducentes:

285 4478 549 4534 summus,
585 4467 818 4531 medius,
857 4468 1018 4521 imus.
1065 4466 1158 4521 Ad
1193 4468 1438 4521 medium

287 4534 554 4592 sedebant
602 4538 982 4593 faeneratores
1019 4543 1077 4593 et
1111 4538 1438 4609 argentarii.

290 4603 466 4674 Epist.
505 4609 549 4672 1,
588 4612 637 4678 1,
675 4613 760 4665 54.
832 4610 941 4666 Cic.
989 4611 1060 4666 de
1103 4610 1197 4665 off.
1243 4609 1316 4679 11,
1349 4610 1437 4665 25.

1525 2134 1598 2145 -
1632 2102 1923 2176 Sisyphus]
1976 2104 2061 2160 De
2096 2104 2208 2160 hoc
2240 2106 2363 2161 loco
2399 2105 2680 2162 SeJmeide·

1525 2178 1706 2233 winus
1740 2178 1967 2248 egregie
2000 2178 2083 2235 sic
2116 2178 2450 2249 disputavit:
2514 2178 2683 2249 „Per-

1524 2248 1758 2318 vulgata
1804 2254 1927 2303 erat
1973 2248 2189 2319 opinio,
2234 2266 2473 2304 massam
2526 2250 2682 2304 illam

1525 2321 1691 2382 (aeris
1718 2320 2021 2389 Corinthii)
2047 2338 2178 2377 casu
2214 2322 2401 2391 potius
2442 2322 2680 2377 mixtam

1525 2392 1805 2445 exstitisse
1884 2409 2053 2462 quam
2113 2398 2233 2447 arte
2290 2396 2678 2463 temperatam.

1526 2462 1706 2532 Capta
1744 2464 1892 2517 enim
1937 2480 2040 2533 per
2076 2464 2408 2519 Mummium
2444 2465 2585 2519 urbe
2622 2470 2680 2519 et

1525 2535 1749 2589 incensa
1785 2536 2027 2605 perustis
2073 2536 2333 2606 plurimis
2369 2536 2685 2591 simulacris

1527 2611 1697 2674 atque
1737 2606 1939 2661 statuis
1990 2607 2321 2663 fabulantur
2366 2608 2511 2663 aeris
2557 2608 2683 2662 auri

1525 2678 1750 2748 argenti
1784 2694 1955 2733 venas
1992 2679 2053 2734 in
2100 2696 2392 2763 commune
2430 2678 2675 2763 fluxisse;
2734 2690 2755 2709 ·

1524 2765 2015 2905 ῗᾷιὲἓξηιῖῗῗῑῖ
2056 2752 2277 2907 ἓὲἓέἔὲῖ
2292 2750 2682 2877 εῶῗὲἷᾛῗᾰ

1525 2908 1623 2961 qui
1660 2910 1823 2947 umce
1866 2894 2250 2948 vetustissima
2300 2910 2553 2963 quaeque
2591 2910 2682 2948 ex-

1523 2964 1941 3027 osculabantur,
1972 2981 2137 3035 aegre
2174 2964 2325 3019 ferre
2377 2965 2686 3036 debebant,

1525 3037 1676 3106 quod
1728 3036 1872 3090 aeris
1920 3035 2197 3091 Corinthii
2254 3036 2409 3091 ultra
2454 3035 2681 3092 modum

1525 3108 1766 3177 expetiti
1803 3108 1965 3179 origo
2109 3108 2425 3162 recentiora
2466 3108 2686 3163 saecula

1524 3178 1937 3233 detruderetur.
2038 3196 2110 3232 uo
2148 3180 2397 3233 rationes
2430 3184 2682 3234 vetustu-

1528 3251 1611 3305 las
1652 3266 1779 3305 suas
1820 3250 2058 3305 mirifice
2107 3251 2435 3306 conturbari
2483 3251 2683 3307 sentie-

1527 3322 1686 3376 bant.
1757 3320 1941 3392 Igitur
1976 3326 2042 3376 ut
2078 3321 2291 3377 frustra
2327 3323 2545 3378 vanitas
2583 3340 2683 3377 sua

1529 3393 1681 3447 illius
1706 3392 1817 3447 fide
1840 3394 2295 3449 narratiunculae
2315 3394 2680 3465 redarguere·

1527 3470 1639 3534 tur,
1671 3465 2077 3535 perceptabant
2118 3466 2209 3520 vel
2250 3465 2471 3521 abditos
2510 3483 2683 3536 angu-

1527 3538 1615 3591 los
1652 3537 1991 3600 litterarum,
2018 3537 2066 3591 si
2100 3537 2239 3606 quid
2273 3538 2533 3593 alicunde
2558 3554 2683 3591 cau·

1527 3626 1623 3663 sae
1638 3624 1769 3663 suae
1780 3608 2160 3678 patrocinium
2173 3609 2509 3664 invenirent.
2538 3608 2681 3663 Nam

1529 3684 1743 3734 statuas
1783 3680 2007 3750 quidem
2034 3698 2101 3735 ex
2136 3698 2264 3735 aere
2292 3680 2547 3735 Corinthi
2585 3680 2683 3733 diu

1531 3756 1663 3805 ante
1700 3751 2031 3807 Mummium
2074 3750 2198 3806 fieri
2238 3753 2431 3807 solitas
2469 3768 2537 3806 ex
2573 3750 2684 3806 fide

1529 3823 1798 3878 historiae
1822 3824 2121 3878 docebant:
2158 3825 2324 3879 anxie
2350 3824 2684 3892 circumspe-

1529 3894 1763 3949 ctabant
1786 3896 2139 3950 vasculorum
2163 3900 2459 3963 amatores,
2483 3894 2683 3964 ecquid

1530 3984 1600 4021 ex
1638 3966 1973 4021 testimoniis
2008 3972 2263 4021 veterum
2298 3971 2685 4022 monumento-

1529 4056 1657 4092 rum
1692 4042 1883 4107 posset
1908 4040 2047 4107 erui,
2087 4055 2196 4109 quo
2237 4039 2471 4109 planum
2504 4038 2685 4107 fieret,

1531 4110 1871 4163 insulsorum
1906 4109 2065 4164 illam
2102 4112 2485 4180 opinationem
2519 4128 2589 4164 ne
2615 4110 2685 4164 de

1530 4182 1773 4236 vasculis
1831 4181 2057 4250 quidem
2117 4183 2305 4237 valere
2362 4181 2684 4236 Corinthiis.

1531 4252 1696 4307 Excit
1704 4253 1783 4306 ati
1820 4252 1893 4307 ad
1938 4253 2317 4322 quaerendum
2360 4252 2684 4309 incidebant

1534 4325 1593 4377 in
1646 4324 1945 4392 Aeschylei
2001 4323 2221 4394 Sisyphi
2276 4318 2685 4395 ὶεοντοβᾶμονα

1535 4390 1763 4465 σκάφην
1792 4390 2153 4466 χαλκήλατον,
2180 4412 2343 4465 quam
2372 4395 2573 4465 cupide
2600 4412 2684 4450 ar·

1531 4466 2686 4609 &gffffitiaffissssffpffiffffissi⁶31}ssss

1533 4628 1663 4665 aere
1689 4609 1998 4665 Corinthio.
2034 4610 2101 4665 In
2127 4628 2193 4665 eo
2220 4614 2405 4667 autem
2430 4606 2683 4682 ζητήματι
