3092 5059
369 233 496 297 Qu

1383 228 1740 297 EPODON

771 420 944 513 Qua
995 434 1440 495 muneretur
1488 431 1587 513 te,
1644 418 1943 519 Priape,
1997 432 2072 495 et
2122 432 2221 515 te,
2278 433 2497 519 pater

980 544 1313 641 Silvane,
1365 557 1572 620 tutor
1620 543 1911 620 finium.

772 673 998 750 Libet
1046 672 1296 747 iacere
1347 670 1580 745 modo
1632 672 1774 747 sub
1824 671 2143 771 antiqua
2190 669 2367 745 ilice

977 797 1212 872 Modo
1257 796 1338 871 in
1389 795 1639 871 tenaci
1692 798 2063 893 gramine.

685 956 735 996 ει
772 923 1172 999 Labuntur
1215 921 1387 996 altis
1441 921 1749 997 interim
1800 921 1990 1019 ripis
2042 946 2311 1020 aquae,

973 1048 1414 1140 Queruntur
1463 1048 1544 1121 in
1598 1044 1807 1121 silvis
1860 1070 2063 1142 aves,

768 1174 1199 1272 Fontesque
1251 1172 1589 1272 lymphis
1643 1173 2095 1270 obstrepunt
2145 1170 2657 1267 manantibus,

822 1384 830 1391 ,
975 1295 1299 1373 Somnos
1354 1295 1567 1395 quod
1616 1296 1887 1371 invitet
1935 1295 2166 1372 leves.

766 1425 872 1498 At
924 1448 1096 1497 cum
1151 1422 1482 1496 tonantis
1533 1446 1778 1496 annus
1829 1421 2195 1497 hibernus
2246 1418 2455 1495 Iovis

685 1576 736 1617 ao
969 1545 1266 1622 Imbres
1320 1548 1693 1645 nivesque
1736 1558 2151 1643 comparat,

767 1672 929 1747 Aut
981 1670 1220 1747 trudit
1271 1695 1481 1745 acres
1527 1670 1711 1745 hinc
1761 1682 1839 1746 et
1887 1670 2065 1747 hinc
2117 1670 2356 1747 multa
2408 1694 2596 1745 cane

958 1796 1216 1897 Apros
1268 1796 1349 1871 in
1405 1796 1789 1871 obstantes
1844 1794 2138 1895 plagas,

773 1918 935 1997 Aut
985 1921 1220 1997 amite
1272 1920 1426 1997 levi
1475 1945 1656 1995 rara
1703 1920 1949 1996 tendit
1997 1920 2210 2015 retia,

968 2045 1251 2121 Turdis
1301 2044 1665 2122 edacibus
1707 2045 1953 2141 dolos,

684 2203 733 2243 sss
773 2170 1244 2247 Pavidumve
1275 2170 1623 2270 leporem
1660 2184 1735 2247 et
1770 2170 2149 2247 advenam
2178 2171 2458 2271 laqueo
2491 2196 2762 2269 gruem

969 2294 1317 2370 Iucunda
1371 2303 1628 2395 captat
1676 2296 2045 2395 praemia.

771 2420 960 2514 Quis
1011 2447 1170 2498 non
1223 2418 1600 2495 malarum
1655 2444 1841 2519 quas
1895 2446 2113 2496 amor
2165 2446 2381 2497 curas
2434 2420 2675 2497 habet

959 2544 1176 2620 Haec
1228 2544 1428 2619 inter
1482 2544 2005 2620 obliviscitur?

371 2776 538 2846 mine]
577 2777 666 2830 vel
703 2780 936 2845 propter
959 2774 1334 2841 altitudinem,
1369 2775 1520 2845 quod

373 2848 542 2917 pedes
564 2848 816 2901 euntium
841 2848 1000 2915 quasi
1041 2852 1210 2915 tenet,
1252 2848 1342 2901 vel
1369 2846 1520 2917 quod

369 2926 556 2975 terrae
591 2918 831 2973 firmiter
859 2918 1126 2973 adhaeret
1147 2948 1208 2957 —
1235 2918 1400 2987 ripis]
1430 2918 1521 2973 Sic

371 3009 440 3045 ex
473 2990 635 3045 bonis
661 2990 815 3045 MSS.
841 2987 1154 3058 Bentlcius;
1189 2990 1287 3045 alii
1321 3009 1388 3045 ex
1425 3008 1520 3044 an-

369 3071 541 3139 tiquis
587 3072 745 3126 codd.
787 3073 941 3137 rivis,
980 3072 1400 3142 Peerlkampius
1451 3090 1519 3126 ex

371 3142 692 3198 coniectura
727 3144 1024 3199 restituere
1061 3144 1242 3199 voluit
1277 3144 1518 3199 admisso

369 3214 591 3281 dactylo
629 3216 877 3285 rupibus.
925 3245 993 3255 —
1043 3216 1383 3285 obstrepunt]
1441 3216 1519 3271 ia-

371 3286 538 3339 centi.
590 3285 716 3340 Liv.
755 3286 903 3352 XXI,
941 3288 1025 3341 66.
1083 3286 1378 3357 Ingeniosa
1423 3288 1520 3342 sed

372 3374 484 3410 non
521 3359 831 3413 necessaria
867 3358 1186 3413 Marklandi
1225 3376 1258 3412 a
1294 3359 1521 3413 Kellero

369 3428 598 3483 laudata
659 3434 716 3483 et
781 3431 851 3484 ab
904 3430 1228 3485 Ecksteinio
1295 3436 1522 3499 recepta

372 3500 694 3555 coniectura
725 3500 1050 3571 frondesque
1086 3503 1158 3556 ad
1202 3503 1522 3572 exemplum

370 3570 652 3639 Propertii
678 3572 743 3640 V,
769 3574 821 3632 4,
857 3575 913 3627 4:
955 3573 1280 3643 „Multaque
1311 3574 1520 3629 nativis

373 3642 651 3711 obstrepit
695 3642 862 3698 arbor
897 3646 1104 3714 aquis.“
1144 3672 1212 3685 -
1251 3644 1518 3714 tonantis]

369 3714 474 3768 Est
520 3714 810 3783 epitheton
856 3734 1088 3782 ornans,
1133 3713 1520 3785 ὑψιβρεμέτης,

369 3783 750 3854 ὑψικέραυνος,
769 3792 1198 3857 τερπικέραυνος.
1211 3787 1332 3842 Alii
1348 3789 1519 3843 inter-

370 3858 582 3925 pretati
621 3864 750 3912 sunt
787 3859 856 3912 de
892 3860 1339 3929 tempestatibus,
1377 3877 1520 3928 quae

371 3946 498 3983 cum
535 3930 752 3983 tonitru
790 3932 1102 4000 permixtae
1133 3932 1330 3985 hiemis
1355 3930 1519 3985 initio

370 4000 430 4054 in
468 4000 636 4055 Italia
673 4003 887 4056 saevire
924 4003 1121 4057 solent.
1196 4002 1298 4057 cfr.
1339 4002 1519 4057 Carm.

367 4070 468 4137 111,
508 4074 558 4135 5,
601 4076 647 4126 1.
731 4072 1138 4129 Describuntur
1224 4074 1394 4129 audia
1437 4074 1519 4127 hi-

369 4144 561 4197 berna.
612 4174 672 4183 -
724 4145 977 4200 hibernus
1021 4162 1204 4201 annus
1272 4162 1375 4215 pro
1436 4145 1518 4199 hi·

371 4214 546 4269 berna
564 4220 726 4284 parte
748 4218 906 4284 anni3
933 4216 1003 4271 cf.
1027 4216 1240 4288 Vergil.
1263 4220 1402 4271 Aen.
1423 4217 1518 4285 VI,

372 4288 494 4338 311.
523 4284 712 4341 Bucol.
735 4291 786 4352 3,
809 4291 894 4341 57.
918 4318 983 4329 -
1003 4289 1129 4343 hinc
1165 4294 1216 4344 et
1251 4288 1398 4359 hinc]
1429 4288 1521 4343 Sic

371 4362 596 4426 poetae,
661 4360 864 4427 quibus
918 4376 1060 4429 quae
1115 4366 1332 4415 remota
1388 4366 1522 4415 sunt

371 4429 542 4483 etiam
577 4432 894 4499 praesentia
931 4430 1212 4499 videntur,
1250 4448 1353 4502 pro
1389 4432 1519 4489 hinc

371 4504 423 4553 et
471 4499 638 4555 illinc.
710 4502 775 4555 ld
837 4502 1045 4558 imitati
1095 4508 1226 4558 sunt
1279 4505 1519 4573 prosaici

374 4569 673 4640 scriptores
695 4591 728 4628 a
747 4572 899 4628 Livii
921 4578 1200 4645 tempore:
1229 4574 1351 4630 Liv.
1373 4574 1521 4645 XXI,

1621 2777 1676 2843 8,
1698 2776 1748 2829 8.
1788 2774 1833 2844 1,
1864 2777 1945 2843 13,
1970 2774 2021 2829 2.
2069 2774 2139 2831 cf.
2158 2774 2209 2831 E
2252 2776 2340 2831 od.
2368 2779 2421 2845 4,
2442 2779 2495 2831 9.
2522 2777 2703 2832 Carm.
2728 2777 2775 2846 1,

1624 2848 1711 2915 34,
1743 2849 1807 2899 14
1829 2864 1945 2916 sqq.
1973 2876 2044 2887 —
2066 2794 2615 2931 rarafopponnntur
2640 2848 2771 2903 den·

1622 2918 1723 2987 sis;
1764 2918 1843 2974 sic
1880 2918 2207 2974 rariores
2246 2920 2470 2974 silvae
2494 2920 2644 2990 apud
2668 2918 2773 2975 Ta-

1624 2990 1797 3045 citum
1824 2992 1959 3061 Agr.
1981 2992 2067 3045 37.
2104 3019 2171 3030 —
2198 2990 2773 3063 amad-Legendum:

1616 3072 1726 3127 Eut
1772 3054 1951 3127 ‘amite
2003 3053 2137 3127 levi.
2209 3071 2317 3128 Est
2372 3078 2561 3129 autem
2616 3072 2778 3129 furca

1624 3143 1931 3213 aucupalis,
1978 3161 2089 3213 qua
2142 3150 2263 3199 rete
2306 3145 2667 3214 suspenditur
2718 3150 2776 3201 et

1624 3216 1961 3269 extenditur.
2002 3246 2067 3257 -
2106 3215 2387 3286 edacibus]
2421 3216 2573 3273 Bene
2620 3216 2775 3273 addi·

1622 3291 1771 3355 tum;
1809 3287 2056 3342 edacitas
2092 3287 2244 3341 enim
2280 3288 2469 3343 fraudi
2506 3289 2575 3343 iis
2614 3294 2717 3343 est.

1696 3358 1761 3411 V.
1801 3358 1887 3413 35.
1962 3358 2253 3413 Notandus
2290 3359 2383 3415 hic
2418 3377 2628 3427 versus,
2678 3360 2776 3430 qui

1622 3429 1911 3485 celeritate
1934 3435 2364 3500 anapaestorum
2382 3436 2441 3485 et
2459 3431 2777 3501 tribrachys

1626 3518 1849 3556 cursum
1883 3502 2089 3570 leporis
2115 3507 2174 3556 et
2196 3502 2445 3557 volatum
2468 3504 2627 3574 gruis
2650 3503 2774 3557 imi-

1623 3574 1737 3627 tari
1775 3572 2015 3628 videtur.
2084 3572 2229 3627 Plin.
2268 3574 2337 3643 X,
2376 3576 2463 3638 23,
2504 3576 2568 3629 31
2608 3592 2776 3645 grues

1624 3644 1840 3711 hiemis,
1879 3645 2121 3700 ciconias
2150 3646 2379 3700 aestatis
2399 3644 2641 3701 advenas
2680 3664 2777 3716 ap-

1623 3716 1815 3786 pellat.
1844 3746 1909 3757 -—
1936 3716 2153 3785 laqueo]
2180 3716 2477 3785 „Fortasse
2510 3717 2680 3773 etiam
2714 3719 2776 3773 in

1624 3788 1813 3856 laqueo
1848 3788 2185 3857 synaloephe
2226 3788 2409 3843 locum
2446 3788 2637 3857 habet,
2660 3806 2777 3844 non

1624 3864 1691 3913 ut
1720 3859 1998 3914 eximatur
2023 3859 2233 3915 vocalis
2265 3876 2308 3925 e,
2346 3860 2443 3913 sed
2481 3864 2546 3913 ut
2580 3859 2776 3915 obscu-

1624 3934 1784 3986 retur
1820 3936 2041 3985 tantum
2076 3932 2138 3984 in
2158 3930 2596 4000 pronuntiando,
2619 3937 2685 3986 ut
2708 3931 2775 3987 fit

1624 4002 1683 4057 in
1712 4002 2047 4070 Prometheo,
2072 4018 2253 4069 aureo,
2280 4002 2445 4066 alveo,
2468 4003 2773 4073 multisque

1624 4074 1802 4128 aliis.“
1830 4073 2103 4128 Meineke.
2134 4104 2200 4113 —
2228 4073 2401 4144 amor]
2426 4073 2577 4129 Male
2612 4075 2779 4131 intel-

1624 4146 1882 4201 lexerunt
1926 4162 2173 4200 amorem
2216 4145 2479 4211 habendi,
2524 4162 2655 4201 cum
2698 4146 2775 4201 sit

1623 4217 1975 4272 feminarum.
2068 4216 2341 4271 Miillerus
2414 4218 2475 4271 in
2550 4218 2777 4273 homine

1624 4290 1981 4343 faeneratore
2016 4288 2236 4357 solique
2270 4288 2547 4358 pecuniae
2582 4288 2778 4345 dedito

1624 4361 1803 4415 amori
1838 4360 2055 4415 nullum
2082 4359 2267 4415 locum
2292 4377 2411 4415 esse
2434 4364 2609 4429 ratus,
2644 4361 2777 4416 scri·

1622 4432 1867 4487 bendum
1902 4448 2020 4487 esse
2044 4448 2135 4485 sus
2175 4432 2355 4486 icatus
2378 4437 2464 4487 est
2486 4448 2633 4502 aver,
2657 4449 2769 4501 quo

1624 4502 2029 4573 agriculturam
2066 4503 2126 4557 in
2165 4502 2305 4557 icari
2343 4503 2493 4571 vult3
2529 4520 2643 4558 non
2682 4502 2775 4559 be-

1622 4592 1709 4630 ne.
1794 4574 1879 4631 De
1915 4574 2269 4629 attractionis
2304 4590 2509 4645 genere
2546 4574 2617 4631 cf.
2656 4574 2773 4631 Sat.
