3092 5059
895 258 1384 328 PRAsrAno
1427 226 1879 330 Em‘rioms'
1922 262 2000 329 v.

235 450 446 526 aliud
485 450 776 527 efficiet
826 451 1172 556 Gruppii
1203 451 1423 546 liber,
1469 452 1605 552 qui
1648 478 1693 528 a
1726 452 2251 554 Peerlkampii
2292 453 2633 530 sollertia

231 586 302 651 et
347 577 709 651 acumine
760 576 1100 667 immane
1147 589 1520 675 quantum
1575 577 1983 678 discrepat.

426 701 904 798 Regimontii
954 703 1468 779 Borussorum
1522 701 1725 779 Idib.
1774 702 1984 805 Sept.
2028 704 2551 783 MDCGCLX.

1065 1584 1801 1691 PRAEFATIO

1147 1773 1599 1842 Enrrloms
1642 1774 1721 1840 v.

431 2088 570 2165 Ad
631 2088 951 2166 honeste
1019 2090 1445 2189 parandam
1513 2090 1859 2189 quintam
1912 2088 2223 2167 Horatii
2272 2090 2425 2166 mei
2476 2091 2636 2167 edi-

229 2216 528 2292 tionem
580 2239 834 2290 meum
890 2241 1054 2293 esse
1093 2215 1282 2310 vidi,
1311 2227 1384 2291 et
1434 2214 1675 2314 ipsius
1722 2228 2001 2313 poetae
2040 2242 2309 2291 versus
2348 2215 2637 2291 iteratis

167 2408 174 2413 .
231 2340 431 2415 curis
513 2338 862 2415 subicere
933 2352 1008 2415 et
1051 2340 1589 2416 adnotationes
1664 2340 1917 2417 denuo
1987 2340 2399 2439 diligenter
2462 2366 2637 2417 exa-

233 2466 559 2540 minare.
615 2462 1112 2563 Quapropter
1141 2489 1240 2540 ne
1273 2489 1478 2539 nunc
1517 2464 1829 2564 quidem
1885 2466 2129 2561 omisi,
2183 2464 2637 2565 praecipuas

237 2588 560 2666 aliorum
635 2588 1032 2681 editiones,
1095 2590 1173 2665 in
1241 2590 1492 2688 iisque
1562 2615 1848 2666 novam
1897 2587 2207 2667 Kelleri
2252 2586 2507 2685 (1864)
2562 2601 2640 2665 et
2748 2612 2751 2615 ·

233 2712 757 2812 Peerlkampii
793 2712 1114 2791 alteram
1159 2710 1439 2813 (1862),
1469 2728 1826 2792 accurate
1870 2739 2322 2813 comparare
2350 2727 2425 2790 et
2456 2740 2637 2790 con-

234 2839 529 2937 sulere;
581 2840 719 2917 sed
768 2839 888 2915 bis
937 2851 1232 2916 tantum
1287 2852 1597 2917 coactus
1639 2868 1809 2916 sum
1862 2852 2245 2938 receptam
2298 2852 2476 2915 ante
2525 2839 2635 2916 le-

236 2964 569 3041 ctionem
605 2978 924 3063 mutarc,
967 2966 1270 3066 reliqua
1310 2978 1518 3042 recte
1547 2966 1943 3062 scripsisse
1972 2964 2163 3041 mihi
2205 2964 2412 3039 visus
2442 2991 2636 3042 sum.

232 3086 539 3165 Etenim
591 3088 846 3167 Carm.
888 3092 954 3187 I,
1002 3094 1122 3187 23,
1169 3095 1214 3166 5
1270 3115 1473 3166 nunc
1523 3116 1698 3165 cum
1748 3088 2137 3166 Meinekio
2186 3101 2261 3164 et
2309 3088 2634 3166 Kellero

239 3212 590 3291 codicum
654 3216 1094 3292 auctoritati
1145 3215 1558 3312 Gogavini,
1614 3215 1899 3291 Mureti
1952 3228 2029 3291 et
2076 3212 2411 3290 Bentleii
2456 3239 2636 3289 con·

241 3338 612 3415 iecturam
671 3346 928 3445 vepris
995 3344 1106 3418 ad
1173 3346 1470 3417 ventam
1519 3338 1873 3438 praetuli,
1928 3352 2003 3415 et
2054 3338 2311 3416 Oarm.
2363 3338 2511 3435 III,
2567 3342 2637 3434 3,

247 3464 336 3535 12
391 3466 591 3542 bibet
639 3466 940 3565 scripsi,
1005 3490 1231 3563 quam
1300 3466 1758 3564 scripturam
1809 3466 1962 3540 iam
2015 3465 2323 3558 Quaest.
2362 3462 2634 3539 Horat.

241 3600 431 3685 part.
500 3587 560 3664 I.
626 3588 732 3665 II.
803 3586 1148 3689 (Bonnac
1203 3585 1427 3688 1841)
1497 3616 1574 3687 p.
1624 3592 1712 3663 21
1778 3588 2437 3682 commendaram,
2500 3586 2639 3663 sed

245 3703 588 3814 recipere
638 3715 842 3791 inter
889 3728 1168 3815 poetae
1220 3716 1458 3792 verba
1509 3741 1665 3791 non
1705 3740 1917 3789 eram
1948 3739 2197 3789 ausus.
2249 3713 2346 3788 In
2396 3712 2637 3789 adno-

245 3838 654 3916 tationibus
705 3864 858 3914 non
914 3864 1161 3939 pauca
1213 3851 1409 3936 sunt,
1463 3865 1666 3939 quae
1717 3838 2181 3935 corrigenda
2215 3864 2381 3915 esse
2415 3836 2638 3913 intel-

242 3959 428 4053 lexi3
497 3966 630 4063 qui
699 3940 1340 4065 comparaverint,
1407 3964 1560 4062 ipsi
1613 3963 1991 4040 videbunt
2059 3989 2257 4062 quae
2308 3964 2462 4039 sint
2511 3964 2637 4039 vel

246 4084 502 4163 limata
565 4086 695 4164 vel
743 4102 1036 4166 resecta
1098 4090 1224 4166 vel
1283 4088 1569 4166 addita.
1671 4088 1833 4165 Nec
1886 4113 2062 4163 raro
2116 4088 2637 4165 interductum

248 4212 546 4308 mutavi,
602 4212 840 4289 veluti
889 4212 1044 4291 Sat.
1079 4214 1141 4310 I,
1187 4220 1253 4310 1,
1295 4218 1411 4290 95.
1457 4217 1619 4289 105.
1670 4216 1738 4307 3,
1777 4215 1895 4287 65.
1947 4216 2017 4309 4,
2064 4216 2182 4289 63.
2230 4219 2298 4309 5,
2346 4215 2437 4287 15
2464 4236 2634 4311 sqq.

253 4337 316 4428 7,
353 4338 468 4411 72.
515 4336 622 4431 Π,
655 4341 724 4433 6,
765 4340 884 4415 34.
933 4338 1172 4438 Epist.
1213 4339 1276 4437 I,
1323 4342 1390 4434 6,
1429 4342 1547 4415 29.
1608 4342 1723 4433 16,
1766 4340 1893 4431 59,
1942 4342 2056 4434 17,
2094 4342 2187 4414 32
2240 4336 2449 4413 alias.
2520 4336 2635 4412 De

253 4458 534 4555 ordine,
589 4488 742 4560 quo
795 4464 1134 4539 carmina
1166 4460 1474 4536 Horatii
1525 4485 1669 4558 per
1719 4458 1959 4534 libros
2014 4458 2390 4559 disposita
2435 4470 2633 4552 sunt,

255 4608 524 4663 novam
575 4612 717 4663 nec
764 4589 1092 4664 fortasse
1139 4588 1461 4663 inertem
1491 4584 2068 4661 adnotationem
2102 4610 2181 4681 p.
2224 4588 2313 4657 17
2336 4607 2449 4682 sq.
2503 4578 2651 4688 ad·-
