3092 5059
938 261 1098 333 LIB.
1140 261 1225 334 II.
1270 258 1522 335 oARM.
1569 264 1743 339 VIII.
1790 265 1905 339 IX.

2503 266 2619 340 131

622 448 985 549 Virgines
1027 468 1333 553 nuptae,
1388 470 1523 533 tua
1566 484 1662 534 ne
1711 458 2049 535 retardet

819 576 1035 655 Aura
1079 581 1417 656 maritos.

1324 782 1523 791 ——-—

1136 876 1521 989 CARMEn
1583 906 1725 990 IX.

624 1061 799 1137 Non
851 1088 1155 1164 semper
1207 1068 1493 1144 imbres
1547 1070 1878 1145 nubibus
1929 1069 2277 1167 hispidos

623 1186 936 1262 Manant
987 1191 1069 1264 in
1114 1216 1341 1286 agros
1394 1204 1524 1268 aut
1578 1220 1792 1268 mare
1847 1195 2208 1291 Caspium

726 1311 1022 1388 Vexant
1073 1314 1516 1417 inaequales
1567 1317 1954 1416 procellae
2209 1314 2218 1323 ’

822 1434 1109 1537 Usque,
1165 1466 1308 1517 nec
1355 1440 1743 1517 Armeniis
1794 1442 1874 1517 in
1929 1444 2102 1541 oris,

557 1585 895 1661 sAmice
943 1586 1198 1687 Valgi,
1257 1603 1407 1666 stat
1458 1591 1742 1689 glacies
1794 1592 2000 1668 iners

628 1710 930 1787 Menses
983 1738 1123 1808 per
1175 1740 1437 1791 omnes
1490 1730 1624 1791 aut
1673 1716 2193 1815 Aquilonibus

236 1976 373 2027 runt.
427 1973 521 2029 Sic
555 1974 837 2045 Penelope
873 1973 1023 2045 apud
1060 1973 1223 2029 Ovid.
1262 1974 1369 2029 He-

234 2044 366 2099 roid.
402 2044 445 2113 1,
483 2048 616 2100 115:
673 2064 831 2117 „eg-o,
871 2064 1015 2115 quae
1061 2044 1279 2100 fueram
1316 2050 1375 2100 te

236 2114 542 2172 dimdente
591 2118 797 2188 puella,
846 2117 1111 2173 Protinus
1165 2123 1228 2171 ut
1281 2134 1372 2171 ve·

236 2187 366 2255 nias,
402 2188 553 2243 facta
590 2188 828 2244 videbor
862 2204 1022 2243 anus.
1079 2189 1157 2243 Et
1192 2187 1263 2242 cf.
1302 2189 1374 2243 ad

240 2255 407 2313 Carm.
444 2260 546 2328 111,
572 2262 664 2328 22,
689 2262 739 2315 2.
777 2289 845 2299 —
882 2259 1131 2330 miserae]
1170 2263 1371 2331 προλη·

238 2330 426 2391 πτικῶς
456 2332 707 2401 positum
746 2330 1103 2387 adjectivum.

588 2444 875 2500 Carmen
911 2444 1009 2499 IX.

302 2538 353 2593 0.
399 2541 635 2611 Vazqius
680 2542 867 2608 Rufus
920 2542 1068 2596 inter
1110 2540 1261 2595 viros
1308 2556 1375 2595 ea

246 2614 409 2666 aetate
444 2612 679 2683 ingenio
714 2612 1082 2682 doctrinaque
1130 2612 1372 2666 eminen-

244 2682 313 2733 tes
334 2700 443 2737 non
477 2683 719 2739 minima
742 2684 907 2738 laude
931 2684 1124 2739 floruit
1148 2683 1369 2752 (Horat.

242 2749 339 2807 Sat.
374 2755 417 2822 1,
464 2759 548 2824 10,
587 2756 677 2809 82.
750 2754 957 2809 Tibull.
999 2755 1093 2823 IV,
1146 2758 1193 2823 1,
1246 2756 1370 2807 180:

240 2822 509 2897 „Valgium
549 2831 783 2881 aeterno
814 2827 1047 2897 propior
1080 2844 1193 2881 non
1230 2826 1374 2881 alter

238 2892 551 2967 Homero“);
623 2915 755 2952 nam
812 2904 1039 2967 praeter
1092 2898 1375 2953 rhetorica

240 2970 291 3019 et
349 2971 721 3039 grammatica
786 2970 971 3025 studia
1034 2974 1092 3023 et
1150 2970 1377 3039 scripsit

238 3052 365 3106 opus
391 3040 459 3095 de
481 3059 589 3096 usu
616 3041 917 3096 herbarum
946 3041 1018 3095 ad
1038 3044 1370 3111 Augustum,

238 3112 290 3161 et
320 3114 563 3167 tentavit
598 3112 805 3183 elegias
830 3117 887 3167 et
914 3114 1074 3182 epica
1110 3112 1373 3167 carmina.

236 3178 305 3233 Et
345 3184 439 3237 vix
474 3183 853 3239 dubitandum
890 3188 991 3251 est,
1042 3184 1179 3253 quin
1225 3184 1375 3237 idem

236 3248 451 3323 Valgius
492 3255 691 3323 fuerit,
728 3258 823 3323 qui
860 3272 909 3309 a.
946 3259 1053 3311 '742
1099 3272 1265 3309 senex
1302 3254 1374 3309 ad

236 3337 496 3381 summum
560 3325 829 3381 honorem
879 3328 1195 3381 consulatus
1251 3343 1375 3396 per-

236 3398 457 3452 venerit.
534 3396 643 3465 Qui
682 3415 809 3453 cum
847 3396 1045 3466 Myste,
1080 3414 1253 3467 puero
1291 3398 1372 3451 di-

236 3464 385 3528 lecto,
420 3474 647 3523 mortuo
686 3470 859 3523 nimio
890 3486 948 3523 se
984 3468 1237 3524 traderet
1276 3468 1372 3523 do-

240 3534 337 3590 lori
370 3555 553 3609 neque
584 3540 721 3607 quid
745 3541 1021 3595 amisisset
1041 3539 1373 3612 lugubribus

236 3610 566 3666 carminibus
612 3612 807 3683 lugere
858 3629 1106 3681 unquam
1160 3612 1372 3667 desine·

238 3684 335 3743 ret,
365 3683 543 3738 luctui
580 3700 801 3752 quoque
838 3690 896 3738 et
932 3684 1115 3738 dolori
1146 3682 1374 3737 modum

240 3766 349 3805 esse
396 3755 720 3823 ponendum
773 3755 845 3810 ab
905 3755 1143 3810 Horatio
1196 3755 1375 3809 amice

238 3831 499 3880 monetur.
575 3825 640 3880 Id
698 3844 799 3881 cur
859 3828 1229 3882 necessarium
1283 3826 1374 3893 sit,

240 3890 459 3951 docetur
482 3897 751 3967 exemplis
788 3899 1033 3967 primum
1070 3917 1137 3953 ex
1172 3902 1375 3952 natura

240 3979 435 4035 rerum,
497 3969 701 4024 deinde
764 3986 830 4023 ex
888 3970 1095 4038 mythis
1154 3970 1373 4039 petitis3

239 4050 466 4103 quorum
535 4041 841 4096 auctoritas
906 4058 1019 4110 quo
1092 4040 1373 4096 efficacior

238 4104 347 4189 fiat,
382 4110 710 4185 adiungitur
740 4112 1079 4181 adhortatio,
1118 4120 1184 4167 ut
1217 4112 1373 4166 aliud

242 4178 342 4232 nbi
400 4182 629 4254 Valgius
690 4184 923 4239 canendi
981 4189 1373 4255 argumentum

242 4259 464 4316 quaerat
500 4257 571 4310 ad
605 4256 893 4325 vitamque
925 4257 1173 4310 animum
1209 4256 1372 4309 redu-

241 4326 339 4376 cat.
409 4324 589 4392 Quare
646 4333 817 4397 caput
863 4328 1125 4382 carminis
1175 4332 1260 4381 est
1314 4326 1373 4380 in

241 4394 518 4524 igfimdsse
528 4398 809 4539 “5330ssss
842 4399 1371 4539 ξῗιῗρῖοῗᾞὲιζ

242 4538 501 4607 scriptum
526 4543 601 4597 sit
622 4543 961 4612 interpretes
999 4542 1148 4597 inter
1178 4560 1237 4596 se
1260 4559 1372 4596 non

242 4612 607 4683 consentiunt3
662 4632 795 4669 nam
844 4630 1163 4683 quanquam
1204 4632 1272 4669 ex
1319 4630 1371 4667 v.

1478 1973 1543 2026 19
1581 1972 1930 2043 intellegitur
1967 1989 2078 2026 non
2115 1976 2245 2027 ante
2280 1989 2491 2027 annum.
2515 1972 2617 2025 727

1472 2043 1582 2098 hoc
1623 2044 1880 2113 componi
1924 2044 2190 2113 potuisse,
2242 2044 2505 2111 quoniam
2548 2061 2613 2097 eo

1473 2132 1620 2169 anno
1649 2112 1990 2169 Octavianus
2015 2108 2260 2185 Augusti
2283 2115 2508 2169 nomine
2530 2132 2617 2168 or-

1474 2190 1640 2241 natus
1659 2189 1760 2253 est,
1797 2187 2073 2240 incertum
2099 2186 2454 2255 relinquitur,
2483 2185 2620 2255 quid

1478 2256 1751 2325 Niphates
1788 2258 1834 2310 si
1915 2256 2083 2325 ificet,
2117 2257 2252 2327 quid
2271 2256 2500 2312 Medum
2519 2258 2620 2325 flu-

1472 2345 1610 2394 men,
1651 2328 1788 2397 quid
1810 2275 2022 2384 gudoni.
2089 2328 2274 2396 Quare
2309 2328 2410 2383 alii
2445 2346 2621 2397 usque

1474 2400 1550 2455 ad
1586 2418 1636 2455 a.
1675 2402 1707 2452 7
1711 2403 1781 2454 34
1827 2400 2150 2465 ascendunt,
2200 2400 2298 2455 alii
2348 2399 2621 2455 verisimi-

1475 2472 1583 2527 lius
1629 2489 1836 2525 annum
1874 2474 1978 2527 '729
2023 2489 2078 2526 v.
2117 2472 2220 2526 730
2267 2472 2621 2540 designatum

1474 2544 1686 2598 vident.
1767 2542 1970 2597 Exitus
2007 2543 2270 2598 carminis
2317 2560 2620 2598 accommo-

1476 2615 1640 2669 datus
1667 2619 1753 2669 est
1777 2615 1848 2668 ad
1886 2615 2070 2669 locum
2095 2614 2263 2685 Verg.
2293 2614 2494 2686 Georg.
2519 2613 2622 2682 111,

1476 2688 1543 2739 81
1582 2704 1722 2755 sqq„
1779 2702 1944 2755 quem
1977 2686 2262 2757 Vergilius
2311 2687 2424 2740 iam
2471 2702 2620 2741 anno

1476 2759 1584 2811 '724
1619 2758 1862 2813 scribere
1895 2758 2100 2827 potuit.

1546 2828 1612 2882 V.
1657 2834 1701 2882 1.
1751 2828 2018 2899 hispidos]
2057 2828 2451 2897 προληπτικῶς.
2524 2828 2620 2882 Ce-

1474 2904 1660 2955 terum
1695 2899 1916 2954 duabus
1948 2900 2142 2969 primis
2179 2900 2424 2969 strophis
2460 2904 2620 2967 quat·

1476 2976 1607 3026 tuor
1661 2972 1915 3041 exempla
1976 2972 2351 3039 eontinentur,
2419 2972 2620 3040 quibus

1475 3043 1810 3111 ostenditur,
1847 3060 1959 3097 non
1993 3060 2212 3112 semper
2234 3047 2494 3097 naturam
2531 3060 2620 3097 ve-

1475 3116 1601 3169 xari
1635 3114 1873 3168 tristitia
1907 3119 2250 3182 temporum3
2300 3114 2400 3168 illa
2434 3118 2621 3167 autem

1476 3186 1758 3255 aequabili
1804 3186 2210 3254 particularum
2252 3185 2382 3253 (non
2417 3214 2484 3225 —
2522 3190 2622 3239 aut

1477 3285 1545 3295 —
1579 3274 1676 3311 mc
1727 3288 1778 3295 -
1819 3258 1942 3325 aut)
1975 3256 2344 3325 dispositione
2380 3256 2529 3309 inter
2563 3272 2622 3309 se

1475 3328 1926 3398 coniunguntur3
1983 3332 2250 3396 quartum
2303 3332 2492 3381 tamen
2536 3326 2618 3381 bi-

1475 3401 1752 3469 partitum
1808 3403 1908 3466 est,
1962 3399 2113 3468 quod
2159 3416 2231 3453 ne
2275 3400 2336 3451 in
2381 3398 2490 3453 duo
2538 3398 2622 3452 di·

1476 3488 1638 3526 versa
1673 3470 2020 3525 distrahatur
2060 3475 2219 3525 vetat
2255 3469 2536 3538 particula
2571 3474 2621 3523 et

1476 3560 1527 3597 v.
1567 3545 1616 3597 8.
1665 3545 1861 3596 Artem
1898 3547 2098 3610 poetae
2134 3542 2415 3596 admirare
2451 3540 2621 3596 etiam

1476 3614 1535 3668 in
1581 3613 1944 3667 collocatione
1987 3614 2314 3682 verborum;
2361 3614 2420 3666 in
2455 3612 2620 3668 initio

1474 3686 1692 3755 primae
1739 3684 2044 3739 sententiae
2092 3685 2278 3753 posita
2329 3688 2460 3739 sunt
2511 3700 2621 3739 non

1474 3772 1696 3825 semper,
1755 3756 1814 3809 in
1859 3755 2046 3810 fronte
2087 3756 2318 3811 alterius
2373 3762 2437 3809 tu
2492 3772 2622 3811 sem-

1471 3844 1596 3896 pev-3
1650 3828 1710 3880 in
1758 3827 2012 3882 terminis
2059 3828 2262 3882 tertiae
2308 3826 2480 3887 habes
2516 3827 2618 3881 ite·

1476 3916 1602 3953 rum
1656 3904 1718 3953 at
1773 3914 1882 3953 non
1941 3914 2164 3967 semper,
2219 3902 2416 3953 contra
2476 3914 2620 3966 quae

1474 3988 1680 4041 magna
1718 3986 1842 4025 cum
1877 3970 1936 4023 vi
1973 3974 2174 4038 quarta
2217 3969 2494 4024 sententia
2535 3969 2617 4022 in-

1475 4043 1615 4111 cipit
1649 4042 1722 4097 ab
1759 4042 2095 4110 imperativo
2126 4040 2328 4095 desine.
2375 4069 2435 4079 —
2469 4055 2620 4093 mare

1474 4112 1756 4183 Caspium]
1779 4111 1850 4166 de
1867 4129 1976 4181 quo
1996 4112 2338 4181 Pomponius
2353 4111 2503 4164 Mela
2517 4110 2620 4178 111,

1474 4186 1531 4239 5:
1575 4184 1764 4253 „Mare
1791 4184 2052 4254 Caspium
2087 4200 2248 4237 omne
2285 4187 2465 4248 atrox,
2501 4198 2617 4235 sae-

1474 4272 1624 4324 vum,
1669 4256 1788 4310 sine
1823 4256 2100 4325 portibus,
2151 4254 2411 4325 procellis
2459 4253 2618 4307 undi-

1795 4326 1807 4337 .
1953 4328 1984 4355 ‘⁶
2171 4326 2182 4339 .

1476 4330 1971 4453 {saisita
2033 4354 2106 4453 a
2143 4324 2493 4466 {tw}
2529 4324 2616 4450 ἕξ.

1480 4498 1543 4509 —-
1581 4470 1714 4538 stat]
1752 4470 1880 4524 vide
1913 4470 2090 4524 Carm.
2128 4469 2170 4526 1.
2210 4470 2262 4531 9,
2306 4471 2352 4522 l.
2381 4496 2448 4506 -—-
2476 4466 2618 4523 Gar·

1474 4540 1628 4611 yani}
1683 4542 1890 4595 montis
1942 4541 2200 4611 Apuliae,
2255 4539 2410 4594 silvis
2463 4540 2618 4593 tecti.

1474 4612 1653 4682 Epist.
1673 4613 1744 4673 11,
1775 4612 1822 4679 1,
1849 4613 1969 4665 202.
2010 4640 2082 4651 —
2117 4612 2394 4683 laborant]
2431 4610 2618 4665 Poetis
