3092 5059
369 237 494 303 284

1334 234 1791 303 CARMINUM

771 424 881 500 Te
931 451 1087 499 non
1139 424 1501 522 paventis*
1541 424 1821 498 funera
1874 423 2177 503 Galliae

689 580 740 621 ω
777 550 1190 648 Duraeque
1235 547 1460 623 tellus
1515 546 1732 622 audit
1786 546 2181 641 Hiberia-e,

873 674 984 751 Te
1028 671 1264 750 caede
1317 672 1740 771 gaudentes
1793 673 2201 771 Sygambri

977 798 1446 898 Compositis
1490 812 1951 875 venerantur
2001 798 2257 874 armis.

1469 1012 1668 1021 *0*—

1260 1098 1643 1243 OAimEN
1704 1159 1873 1245 XV.

773 1326 1132 1401 Phoebus
1177 1324 1560 1400 volentem
1614 1322 1912 1420 proelia
1962 1349 2088 1398 me
2136 1322 2354 1421 loqui

773 1450 1038 1525 Victas
1091 1465 1165 1525 et
1217 1450 1444 1525 urbes
1494 1449 1877 1544 increpuit
1926 1449 2121 1546 lyra,

381 1665 609 1721 credita.
613 1665 647 1694 “
693 1665 885 1720 Etiam
913 1666 1064 1736 apud
1085 1666 1320 1721 Pausan.
1355 1666 1400 1734 Ι,
1420 1668 1471 1733 3,
1493 1667 1524 1719 5

379 1737 629 1792 Oceanus
667 1740 973 1821 παρέχεται
1001 1744 1167 1806 θηρία
1215 1707 1400 1792 οὐδὲν
1422 1738 1524 1791 ἐοι-

377 1802 510 1862 κότα
566 1814 680 1868 τοῖς
724 1810 786 1863 ἐν
827 1803 1084 1883 θαλάσσῃ
1129 1811 1190 1883 τῇ
1241 1810 1523 1883 λοιπῇ.-

377 1880 659 1949 obstrepit]
713 1880 784 1934 ef.
835 1880 1014 1935 Carm.
1063 1881 1136 1949 11,
1193 1883 1276 1945 18,
1319 1882 1404 1934 20.
1457 1910 1526 1919 -

380 1951 706 2021 Britannis]
747 1951 1528 2021 cf.Ca1-m.1‚21,15.1,35,

381 2024 464 2077 30.
503 2023 601 2085 ΙΙΙ,
642 2024 693 2085 5,
737 2026 789 2077 3.
835 2052 900 2063 -
949 2040 1060 2077 non
1087 2023 1361 2093 paventis]
1401 2023 1530 2078 vide

381 2094 536 2149 Caes.
584 2064 647 2148 Β.
688 2093 752 2150 G.
801 2094 896 2163 VI,
939 2097 1021 2149 14.
1093 2096 1310 2150 Aelian.
1354 2095 1414 2149 V.
1459 2093 1528 2150 H.

382 2165 626 2230 xl1,23:
667 2136 1043 2250 „ur-spumam
1076 2165 1186 2235 ἐγὼ
1222 2160 1404 2220 ἀκούω
1441 2186 1530 2251 φι-

381 2231 858 2297 λοκενδυνοτατους
913 2238 1049 2292 εἶναι
1103 2236 1228 2297 τοὺς
1283 2232 1530 2297 Κελτούς.

387 2310 514 2364 Τῶν
550 2304 819 2397 ᾀσμάτων
854 2301 953 2365 οὖν
982 2306 1279 2369 ὑποθέσεις
1313 2311 1530 2363 ποιοῦν-

381 2400 465 2433 ται
507 2378 633 2439 τοὺς
673 2375 1002 2451 ἄνθρωπους
1047 2380 1174 2441 τοὺς
1217 2376 1532 2437 ἀποθανόν-

380 2472 473 2511 τας
522 2453 584 2505 ἐν
627 2453 702 2521 τῷ
743 2455 970 2523 πολέμῳ
1021 2454 1209 2513 καλῶς.
1215 2452 1248 2481 “
1321 2452 1531 2507 Lucan.

384 2524 428 2585 Ι,
469 2526 577 2577 454
621 2524 692 2577 de
729 2523 928 2578 Gallis:
989 2541 1162 2594 „quos
1214 2525 1314 2579 ille
1370 2525 1531 2579 timo-

383 2613 510 2650 rum
547 2594 826 2649 Maximus
859 2564 1010 2650 haud
1048 2614 1117 2649 ur
1159 2601 1232 2663 et,
1275 2596 1375 2650 leti
1420 2614 1532 2650 me-

382 2671 500 2721 tus:
559 2666 689 2721 inde
739 2667 940 2721 ruendi
989 2667 1055 2720 In
1137 2684 1323 2721 errum
1376 2684 1530 2721 mens

282 2798 286 2803 ,
382 2755 564 2808 prona
600 2738 738 2792 viris
775 2738 1108 2807 animaeque
1131 2756 1364 2808 capaces
1382 2739 1531 2793 Mor-

383 2810 458 2863 tis
513 2814 572 2863 et
631 2809 896 2879 ignavum
955 2810 1238 2865 rediturae
1303 2827 1534 2879 parcere

384 2880 590 2935 vitae.“
635 2910 708 2920 —
752 2880 948 2951 durae]
997 2882 1067 2936 cf.
1104 2882 1198 2945 IV,
1238 2883 1287 2943 5,
1327 2882 1415 2935 27.
1463 2910 1525 2921 -—

383 2951 496 3023 899
458 2950 695 3075 9αωόνίἓ
734 2952 810 3007 Hi
828 2952 1072 3007 Lollium
1110 2970 1159 3007 a.
1185 2954 1290 3006 737
1326 2971 1535 3024 magna

387 3023 544 3077 clade
589 3023 659 3077 ad
687 3029 945 3093 ecerunt;
986 3024 1118 3078 inde
1163 3025 1296 3094 quia
1331 3025 1532 3079 Roma-

385 3094 472 3148 nis
518 3095 800 3149 terribiles
847 3100 1025 3165 erant,
1073 3096 1243 3151 caede
1287 3097 1534 3167 gaudere

386 3166 666 3221 dicuntur.
709 3166 858 3221 Suet.
899 3166 1020 3223 Oet.
1055 3170 1154 3221 21.
1195 3168 1532 3237 „Germanos

386 3238 542 3291 ultra
572 3237 766 3292 Albim
810 3238 1042 3293 fluvium
1088 3242 1416 3309 summovit3
1463 3256 1534 3294 ex

387 3310 590 3377 quibus
628 3309 800 3364 Ubios
849 3315 907 3364 et
948 3310 1285 3382 Sygambros
1332 3312 1532 3366 deden-

387 3386 471 3434 tes
505 3396 564 3433 se
601 3382 856 3435 traduxit
892 3382 951 3435 in
984 3330 1230 3437 Ggalliam
1267 3388 1435 3451 atque
1474 3384 1532 3436 in

387 3452 658 3521 proximis
711 3453 907 3508 Rheno
972 3454 1124 3523 agris
1183 3454 1532 3509 collocavit.“

387 3522 624 3593 Eutrop.
645 3523 764 3585 VII,
800 3525 860 3591 93
899 3524 1189 3591 „Tiberius
1229 3525 1418 3580 CCCC.
1459 3525 1532 3578 M.

389 3596 742 3681 captivorum
789 3614 860 3649 ex
897 3596 1194 3651 Germania
1241 3598 1536 3651 transtulit

389 3670 448 3720 et
469 3682 639 3767 sup‘ra
664 3667 844 3736 ripam
866 3666 1090 3723 Rheni'
1074 3687 1135 3721 m
1159 3668 1345 3724 Gallia
1369 3669 1535 3722 collo-

389 3738 600 3807 cavit;“
636 3755 952 3808 quanquam
992 3741 1140 3809 apud
1179 3739 1404 3794 Sueton.
1441 3738 1532 3793 Ti-

388 3808 504 3863 ber.
540 3828 585 3865 o.
605 3812 640 3864 9
672 3810 903 3881 legitur.
944 3811 1355 3894 „quadraginta
1376 3811 1535 3865 milia

389 3880 784 3937 dediticiorum
839 3883 1064 3937 traiecit
1123 3882 1181 3937 in
1245 3882 1534 3937 Galliamf‘

389 3954 462 4008 cf.
499 3953 571 4008 ad
607 3952 788 4007 Carm.
820 3953 916 4021 IV,
954 3956 1007 4019 2,
1044 3955 1132 4007 36.

749 4066 1036 4121 Carmen
1075 4066 1194 4121 XV.

465 4162 832 4218 Celebrantur
866 4163 1108 4234 Aug-usti
1151 4162 1310 4232 quasi
1348 4162 1534 4231 pacifi-

391 4236 597 4291 catoris
633 4233 784 4288 orbis
821 4234 1059 4289 honores
1096 4251 1161 4288 ac
1197 4234 1426 4302 merita3
1463 4236 1536 4289 ad

393 4324 535 4376 quae
576 4324 690 4360 non
739 4306 966 4360 insolito
1005 4306 1230 4375 quidem
1267 4306 1364 4359 sed
1409 4324 1535 4376 pro-

390 4379 516 4462 prio
535 4377 700 4461 modo
727 4377 1014 4461 aditus-sic
1039 4386 1288 4447 paratur.
1329 4376 1534 4447 „Bella,

394 4451 1538 4591 {330¹}*ffshsstfftzffibffliffinffiss‚

395 4608 466 4644 ne
501 4606 675 4659 parvo
713 4592 964 4661 carmine·
995 4610 1228 4663 mag-nas
1264 4610 1352 4647 res
1387 4592 1538 4648 dete-

1626 1682 1823 1719 rerem.
1915 1663 2021 1717 Sed
2082 1666 2165 1717 est
2226 1662 2398 1717 etiam
2460 1664 2572 1717 alia
2629 1663 2779 1718 ratio

1628 1742 1853 1790 tuarum
1910 1735 2156 1795 laudum,
2217 1732 2441 1803 Caesar3
2508 1739 2572 1788 tu
2628 1735 2779 1789 enim

1628 1826 1741 1861 non
1778 1807 2053 1861 bellorum
2080 1806 2257 1860 solum
2282 1806 2656 1876 gerendorum
2680 1806 2777 1861 sed

1628 1880 1783 1948 pacis
1828 1879 1998 1932 etiam
2042 1877 2421 1932 restituendae
2457 1878 2665 1932 artifex
2704 1895 2778 1945 es,

1630 1956 1693 2005 tu
1731 1950 1865 2004 huic
1902 1949 2071 2003 aetati
2114 1966 2309 2017 pacem
2346 1954 2404 2003 et
2439 1950 2556 2003 eius
2592 1949 2781 2004 omnia

1629 2020 1901 2076 beneficia
1920 2020 2272 2076 reddidisti.“
2312 2018 2404 2075 Sic
2430 2022 2614 2090 prima
2638 2026 2779 2075 stro-

1631 2092 1745 2163 pha
1763 2093 2123 2163 coniungitur
2142 2109 2269 2146 oum
2296 2092 2527 2161 reliquis
2552 2097 2781 2162 septem,

1633 2182 1871 2234 quarum
1906 2164 2111 2232 media,
2148 2180 2291 2232 quae
2326 2168 2413 2218 est
2450 2164 2624 2221 totius
2659 2180 2779 2217 oar·

1630 2236 1798 2291 minis
1838 2236 2053 2305 quinta,
2091 2236 2412 2305 generalem
2446 2236 2780 2290 sententiam

1630 2308 1802 2362 habet
1857 2308 1926 2362 de
1975 2307 2275 2362 securitate
2326 2306 2500 2361 totius
2558 2306 2783 2376 imperii

1632 2380 1947 2449 imperante
1994 2380 2226 2433 Caesare
2271 2379 2555 2449 August03
2611 2395 2783 2447 quam

1633 2451 1987 2505 securitatem
2036 2450 2239 2519 quibus
2283 2450 2502 2504 artibus
2546 2466 2776 2519 parave-

1632 2523 1712 2576 rit
1747 2539 1981 2591 magnus
2019 2521 2114 2576 ille
2153 2522 2258 2583 vir,
2297 2521 2563 2591 strophae
2601 2524 2782 2575 osten·

1634 2593 1776 2647 dunt
1800 2592 2056 2657 secunda,
2086 2593 2274 2659 tertia,
2312 2597 2531 2662 quarta.
2569 2592 2783 2647 Deinde

1634 2665 1816 2719 tribus
1852 2664 2115 2719 extremis
2140 2664 2387 2733 strophis
2410 2664 2553 2719 bene
2578 2664 2783 2719 deseri·

1633 2737 1791 2791 bitur
1854 2736 1989 2806 quid
2050 2736 2295 2805 Augusti
2353 2736 2652 2805 imperium
2724 2740 2783 2790 et

1636 2808 1943 2862 auctoritas
1982 2808 2041 2860 in
2077 2808 2317 2877 populos
2360 2807 2620 2872 valuerit,
2670 2808 2783 2877 pri-

1634 2898 1791 2933 mum
1836 2880 1895 2933 in
1942 2879 2172 2933 hostiles
2218 2883 2278 2933 et
2326 2878 2614 2947 barbaros,
2664 2886 2785 2933 tum

1636 2952 1697 3005 in
1732 2951 1881 3021 ipsos
1901 2950 2198 3005 Romanos.
2238 2980 2303 2989 —
2342 2949 2633 3020 Temporis
2670 2966 2781 3019 quo

1637 3024 1909 3091 scriptum
1946 3022 2021 3075 sit
2056 3038 2281 3075 carmen
2320 3040 2431 3076 non
2470 3026 2623 3076 certa
2660 3023 2781 3091 qui-

1634 3094 1761 3149 dem
1785 3094 1881 3147 sed
1917 3094 2098 3147 multa
2127 3093 2319 3147 insunt
2347 3094 2602 3164 vestig-ia.
2640 3094 2781 3147 Nam

1633 3171 1859 3236 praeter
1914 3182 2005 3219 vv.
2056 3166 2105 3217 9.
2167 3166 2249 3218 16.
2306 3166 2395 3233 22,
2451 3182 2521 3219 ex
2580 3165 2782 3234 quibus

1634 3242 1823 3307 potest
1871 3236 2085 3305 aliquid
2134 3234 2296 3301 effici,
2342 3253 2533 3290 versus
2571 3237 2639 3289 21
2692 3237 2784 3290 de-

1634 3312 1929 3364 monstrat.
1979 3324 2105 3361 cum
2148 3306 2257 3361 hoc
2290 3308 2651 3372 scriberetur,
2704 3308 2785 3362 vi·

1636 3385 1754 3435 ctos
1804 3380 1917 3433 iam
1964 3379 2135 3433 fuisse
2178 3378 2385 3433 Raetos
2432 3384 2489 3433 et
2534 3377 2785 3433 Vindeli-

1636 3468 1754 3519 eos3
1827 3450 1975 3505 unde
2032 3450 2324 3520 probabile
2386 3456 2497 3517 est,
2563 3467 2787 3505 carmen

1636 3522 2006 3591 compositum
2044 3538 2161 3577 esse
2196 3538 2327 3576 vere
2364 3522 2497 3576 anni
2525 3524 2647 3587 741,
2672 3540 2783 3591 quo

1636 3599 1889 3663 tempore
1933 3596 2220 3664 Augustus
2270 3610 2337 3646 ex
2380 3594 2680 3648 Germania
2727 3598 2786 3648 et

1638 3665 1821 3719 Gallia
1850 3666 2037 3719 rediit.
2074 3664 2217 3719 Nam
2244 3665 2393 3734 quod
2422 3666 2635 3734 dieunt,
2660 3682 2717 3719 v.
2751 3666 2785 3718 9

1638 3754 1843 3791 annum
1889 3737 2090 3806 respici
2133 3736 2256 3804 744,
2288 3754 2399 3804 quo
2437 3737 2633 3791 Ianum
2672 3741 2787 3791 ter-

1636 3809 1779 3862 tium
1816 3808 2064 3862 clausum
2108 3807 2425 3873 adfirmant,
2474 3808 2533 3863 id
2569 3808 2785 3877 duplici

1636 3880 1857 3934 ratione
1892 3879 2177 3933 infirmum
2213 3884 2323 3947 est3
2372 3898 2501 3934 nam
2540 3880 2785 3950 primum

1638 3952 1893 4005 universe
1954 3951 2219 4005 laudatur
2273 3953 2579 4035 Augustus,
2636 3951 2787 4019 quod

1637 4040 1738 4076 sua
1784 4026 1965 4077 aetate
2008 4022 2173 4077 Ianus
2221 4024 2437 4077 clausus
2486 4022 2563 4076 sit
2612 4050 2680 4062 -
2728 4020 2789 4075 id

1640 4094 1789 4163 quod
1825 4094 1911 4147 bis
1946 4094 2157 4148 factum
2194 4100 2317 4148 erat
2349 4113 2398 4148 a.
2437 4095 2542 4147 725
2582 4098 2639 4148 et
2683 4094 2788 4147 729

1641 4194 1726 4229 -—,
1772 4165 1973 4220 deinde
2018 4182 2338 4235 quanquam
2392 4166 2600 4220 diserte
2656 4165 2789 4218 scri-

1638 4241 1797 4307 ptum
1838 4240 1923 4290 est
1960 4236 2109 4306 apud
2155 4242 2387 4305 veteres,
2427 4254 2557 4291 sene
2595 4238 2786 4306 Augu-

1639 4313 1727 4363 sto
1770 4308 2002 4363 tertium
2048 4309 2172 4363 Iani
2216 4310 2490 4379 templum
2534 4308 2787 4363 clausum

1640 4397 1773 4445 esse,
1839 4380 2114 4434 incertum
2178 4385 2367 4434 tamen
2426 4384 2510 4436 est
2564 4396 2673 4449 quo
2728 4377 2788 4432 id

1642 4468 1785 4506 anno
1847 4450 2059 4505 factum
2115 4452 2422 4507 credamus.
2496 4450 2680 4520 Quare
2728 4450 2790 4503 in

1638 4527 1757 4577 tam
1802 4520 1976 4575 dubia
2018 4540 2081 4576 re
2124 4528 2277 4578 recte
2326 4521 2635 4577 iudicatum
2686 4526 2792 4585 est,

1639 4610 1753 4648 non
1790 4592 1993 4648 debere
2036 4594 2143 4649 hoo
2177 4610 2401 4650 carmen
2448 4595 2521 4649 ab
2554 4592 2791 4665 reliquis
