3092 5059
882 216 1044 283 LIB.
1087 217 1204 283 III.
1251 216 1500 285 OARM.
1544 216 1728 283 XXI.
1774 217 1993 286 XXII.

2500 220 2623 285 217

618 400 731 477 Tu
783 427 1000 500 spem
1051 401 1355 479 reducis
1409 403 1797 479 mentibus
1846 405 2097 481 anxiis

620 524 1003 625 Viresque
1055 536 1130 602 et
1179 526 1406 603 addis
1457 552 1746 604 cornua
1794 530 2120 627 pauperi

725 649 907 725 Post
953 662 1030 727 te
1081 675 1334 750 neque
1386 652 1625 727 iratos
1676 654 2033 731 trementi

536 810 589 851 20
819 776 1115 875 Regum
1167 777 1426 875 apices
1476 802 1729 878 neque
1782 778 2111 855 militum
2158 808 2395 859 arma.

622 924 734 1000 Te
784 924 1020 1001 Liber
1072 937 1150 1001 et
1199 925 1264 1001 si
1313 924 1520 1001 laeta
1570 924 1823 1003 aderit
1870 928 2135 1005 Venus

624 1048 1070 1149 Segnesque
1117 1050 1409 1125 nodum
1459 1050 1763 1127 solvere
1812 1050 2129 1131 Gratiae

716 1176 1107 1275 Vivaeque
1158 1175 1591 1275 producent
1638 1178 2016 1276 lucernae,

812 1299 1016 1375 Dum
1065 1298 1370 1375 rediens
1425 1301 1649 1398 fugat
1701 1314 1906 1377 astra
1956 1302 2337 1383 Phoebus.

1075 1664 1457 1755 GARMEN
1518 1670 1783 1755 XXII.

621 1833 1002 1911 Montium
1059 1847 1308 1912 custos
1365 1858 1945 1935 nemorumque,
1992 1837 2257 1935 Virgo,

627 1959 843 2052 Quae
896 1960 1338 2039 laborantes
1389 1974 1610 2039 utero
1668 1961 1966 2062 pueHas

197 2221 336 2272 rant
408 2218 642 2273 animos
701 2218 1025 2289 faciuntque
1097 2220 1376 2275 caloribus

199 2294 389 2358 aptos:
433 2290 596 2346 Oura
633 2290 784 2361 fugit
807 2291 990 2347 multo
1024 2291 1374 2361 diluiturque

197 2378 374 2417 mero.
487 2362 653 2417 Tunc
704 2362 940 2417 veniunt
989 2364 1134 2418 risus
1151 2403 1164 2426 ‚
1238 2368 1374 2419 tuno

197 2448 422 2502 pauper
449 2451 672 2489 cornua
703 2435 892 2503 sumit,
924 2434 1084 2490 Tunc
1116 2435 1282 2490 dolor
1319 2440 1378 2490 et

203 2520 374 2559 curae
431 2522 698 2577 rugaque
761 2506 964 2561 frontis
1016 2507 1162 2575 abit,
1217 2506 1376 2561 Tunc

201 2577 391 2643 aperit
427 2582 656 2633 mentes
693 2594 832 2633 aevo
865 2578 1154 2633 rarissima
1179 2583 1374 2633 nostro

201 2644 560 2717 Simplicitas
588 2654 740 2704 artes
773 2650 1092 2705 excutiente
1118 2650 1238 2705 deo.
1251 2650 1277 2679 ‘⁴
1305 2679 1372 2690 --

207 2718 440 2789 cornua]
497 2720 726 2775 Virium
777 2724 836 2775 et
882 2720 1254 2777 confidentiae
1303 2722 1375 2776 si-

205 2806 382 2857 gnum
423 2810 460 2845 a
499 2793 684 2847 tauris
708 2797 1022 2862 sumptum3
1059 2794 1140 2848 sic
1175 2794 1375 2848 Graeci

211 2862 390 2929 κέρατ’
437 2864 466 2916 ἔ
462 2881 614 2933 χειν.
683 2864 864 2934 Iunge
897 2864 1144 2933 viresque
1179 2870 1228 2919 et
1261 2880 1376 2920 eor-

209 2947 324 2986 mm
361 2933 553 2989 addis.
595 2964 662 2975 -—·
699 2934 1058 3005 sapientium]
1093 2936 1163 2989 In
1185 2936 1376 3004 lyricis

209 3000 490 3060 Horatius
528 3007 856 3077 genetivum
881 3006 1152 3063 eiusmodi
1179 3008 1374 3063 verbo·

211 3090 338 3129 rum
374 3077 439 3130 in
473 3078 594 3131 ium
631 3078 914 3133 formavit.
989 3077 1058 3134 cf.
1105 3078 1284 3149 Epod.
1327 3082 1376 3148 1,

213 3146 298 3199 20.
337 3146 536 3205 Carm.
573 3150 674 3218 111,
715 3150 801 3219 24,
840 3153 938 3219 213
975 3152 1034 3205 in
1071 3152 1260 3207 satiris
1297 3151 1376 3205 al·

211 3221 334 3273 tera
387 3220 586 3276 forma
645 3222 706 3275 in
759 3238 854 3275 um
913 3227 1151 3277 exeunte
1201 3223 1374 3277 metri

216 3306 380 3345 causa
417 3310 556 3347 usus
595 3298 708 3347 est:
748 3292 862 3348 Sat.
906 3293 979 3362 11,
1017 3296 1068 3353 3,
1105 3295 1226 3349 296.
1267 3293 1376 3348 Sed

217 3358 286 3415 cf.
333 3362 524 3419 Carm.
562 3364 666 3433 ΠΙ,
707 3367 792 3433 18,
835 3367 880 3419 1.
915 3366 1016 3433 ΙΙΙ,
1053 3368 1142 3427 27,
1183 3367 1266 3419 10.
1308 3394 1374 3405 --

213 3438 336 3499 post
384 3437 460 3504 te]
516 3436 590 3491 cf.
633 3436 814 3491 Carm.
855 3436 898 3498 1,
940 3439 1025 3504 18,
1065 3438 1114 3490 5.
1155 3466 1222 3476 —-
1258 3437 1377 3491 ira-

218 3505 320 3572 tos]
357 3507 622 3578 enallage
671 3507 953 3577 adiectivi,
988 3525 1102 3563 non
1154 3509 1378 3571 vitiosa,

221 3578 486 3642 quoniam
523 3596 670 3647 apex
695 3580 914 3650 insigne
948 3584 1033 3635 est
1065 3580 1374 3635 maiestatis

223 3662 286 3699 ac
319 3651 632 3719 potentiae,
673 3651 747 3705 ad
791 3668 960 3720 quam
1010 3651 1082 3706 ab
1119 3652 1254 3722 ipsis
1291 3668 1376 3706 re-

221 3717 382 3785 gibus
407 3727 566 3777 recte
590 3722 678 3776 ira
711 3723 1070 3778 transfertur.
1095 3752 1161 3763 --
1184 3722 1370 3794 Liber]

223 3788 290 3841 cf.
316 3791 392 3845 ad
416 3792 602 3849 Carm.
635 3794 680 3862 Ι,
711 3793 791 3863 18,
812 3797 862 3847 7.
897 3824 964 3833 -
991 3794 1156 3865 laeta]
1183 3795 1374 3864 propi-

227 3860 322 3929 tia,
357 3869 426 3917 ut
461 3866 754 3920 Claudian.
792 3866 975 3935 Epist.
1008 3867 1060 3927 2,
1088 3868 1181 3919 58:
1225 3866 1375 3935 „Sal-

224 3935 334 3985 tem
383 3936 602 4005 absens,
651 3937 850 4009 regina
885 3937 1016 3993 fave
1050 3937 1376 4007 reditusque

226 4006 494 4062 secundos
519 4008 722 4063 Adnue
758 4009 970 4065 sidereo
1007 4011 1156 4065 laeta
1192 4025 1378 4079 super-

233 4072 406 4129 eaio.“
459 4108 528 4119 —
575 4095 863 4150 manesque
912 4080 1037 4135 nod.
1085 4080 1238 4151 sola]
1287 4081 1378 4135 de·

232 4150 432 4216 centes,
477 4156 546 4205 ut
593 4151 774 4207 Carm.
821 4152 865 4220 1,
909 4152 964 4219 4,
1003 4153 1056 4205 6.
1107 4180 1176 4191 —-
1221 4152 1378 4207 vivae

231 4212 500 4292 luemus]
537 4222 604 4275 Iu
651 4223 830 4293 epulis
876 4228 934 4277 et
978 4222 1378 4279 comissationi-

235 4284 336 4341 bus
381 4308 495 4346 non
538 4294 730 4363 potuit
772 4294 1082 4351 desiderari
1127 4296 1378 4350 lucerna-

237 4372 376 4484 ffi
409 4365 1377 4506 ἓὲἒξῖἓᾝᾷἒέωέᾞὲΐέ

243 4515 350 4567 gna
395 4506 562 4563 etiam
615 4509 676 4563 in
725 4510 814 4564 his
859 4510 974 4564 fuit
1017 4510 1379 4579 antiquorum

245 4568 522 4634 hominum
537 4636 542 4639 ,
556 4581 810 4651 luxuria3
845 4582 1205 4651 reperiuntur
1230 4582 1380 4637 enim

1473 2238 1679 2277 aureae
1716 2222 1995 2286 lucernae,
2039 2225 2357 2293 argenteae,
2391 2222 2625 2291 vitreae,

1473 2310 1840 2363 marmoreae,
1894 2312 2085 2349 omnes
2136 2311 2351 2349 summa
2397 2298 2521 2349 arte
2566 2299 2625 2349 et

1476 2366 1759 2435 elegantia
1816 2366 2151 2421 elaboratae.
2243 2364 2389 2433 Quid
2445 2366 2625 2437 igitur

1473 2438 1699 2500 mirum,
1734 2438 1887 2507 quod
1922 2438 2181 2493 lucernae
2230 2454 2453 2507 quoque
2496 2456 2624 2493 cum

1471 2508 1679 2563 Libero
1742 2514 1800 2563 et
1861 2508 2091 2564 decente
2148 2509 2365 2564 Venere
2427 2526 2619 2564 cenam

1678 2596 1764 2635 ere
1797 2580 2101 2636 dicuntur?
2136 2580 2467 2650 Quanquam
2492 2597 2624 2636 vere

1472 2652 1735 2721 amphora
1753 2651 1989 2721 produci
2003 2652 2240 2721 dicitur3
2278 2652 2417 2707 haec
2436 2657 2625 2707 autem

1473 2741 1641 2779 cenae
1686 2725 1881 2778 vinum
1910 2724 2213 2792 ministrat,
2256 2724 2339 2777 ita
2385 2729 2451 2777 ut
2494 2742 2622 2779 cum

1471 2795 1744 2864 amphora
1776 2796 1947 2850 etiam
1984 2812 2121 2849 cena
2154 2795 2513 2866 producatur.
2550 2796 2622 2851 cf.

1474 2866 1657 2922 carm.
1695 2867 1738 2935 1,
1776 2869 1867 2935 2⁷,
1904 2869 1955 2921 5.
2010 2867 2112 2935 111,
2150 2868 2202 2935 s,
2243 2869 2325 2921 14.

1783 2960 2109 3036 Carmen
2144 2978 2324 3034 XXII.

1541 3076 1789 3132 Parvum
1862 3076 1969 3131 hoc
2037 3093 2262 3131 carmen
2332 3076 2477 3131 nihil
2536 3082 2622 3131 est

1473 3148 1629 3204 aliud
1684 3148 1794 3203 nisi
1854 3148 2147 3217 inscriptio
2204 3148 2455 3215 tabulae,
2512 3165 2625 3216 qua

1468 3221 1639 3290 pinus
1673 3221 1845 3276 villae
1873 3220 2164 3274 imminens
2192 3219 2409 3274 Dianae
2436 3236 2622 3274 eonse-

1472 3297 1664 3347 eratur
1697 3291 2251 3360 anniversariumque
2285 3291 2618 3347 sacrificium

1472 3368 1726 3419 vovetur.
1800 3362 2055 3429 Quonam
2099 3363 2156 3416 id
2206 3379 2239 3415 a
2282 3368 2455 3432 poeta
2498 3380 2623 3417 con·

1472 3435 1599 3490 silio
1636 3436 1713 3489 sit
1750 3434 1983 3503 factum,
2030 3435 2244 3504 primus
2290 3435 2454 3489 docet
2500 3451 2623 3488 ver·

1472 3525 1583 3575 sus,
1636 3506 1851 3561 scilicet
1894 3511 1962 3561 ut
2013 3505 2227 3560 Dianae
2278 3506 2489 3560 tutelae
2532 3506 2625 3559 sil-

1472 3596 1601 3633 vam
1664 3596 1823 3633 suam
1884 3577 1995 3633 rite
2049 3578 2477 3633 commendaret.
2558 3576 2625 3631 In

1473 3667 1585 3719 qua
1620 3666 1683 3703 re
1718 3649 1848 3704 nolo
1898 3648 2199 3704 offendaris
2246 3648 2455 3704 additis
2500 3648 2625 3703 aliis

1473 3738 1695 3791 quoque
1722 3722 2051 3776 clementiae
2089 3726 2147 3775 et
2168 3720 2459 3791 potentiae
2496 3719 2617 3773 eius

1474 3794 1611 3848 deae
1635 3790 1875 3850 indiciis.
1929 3792 2207 3847 Nimirum
2234 3792 2331 3862 qui
2365 3791 2623 3861 precibus

1475 3864 1709 3919 adibant
1756 3865 1907 3933 deos,
1962 3865 2005 3917 ii
2056 3864 2387 3933 multiplicis
2431 3879 2623 3917 eorum

1471 3937 1761 4005 potentiae
1785 3952 2056 3991 memores
2090 3952 2203 3990 non
2230 3940 2441 3989 temere
2462 3950 2621 4002 prae-

1474 4008 1741 4063 dicabant
1774 4008 2023 4062 numina.
2080 4006 2163 4061 De
2199 4024 2310 4075 qua
2344 4024 2407 4060 re
2441 4021 2625 4060 recor-

1473 4079 1629 4142 dare,
1683 4097 1793 4149 qua
1846 4079 2067 4133 ratione
2124 4077 2275 4147 apud
2321 4078 2626 4132 Homerum

1475 4151 1561 4217 (11.
1606 4152 1652 4213 Ι,
1700 4153 1769 4206 37
1806 4148 1951 4221 sqq.)
2023 4150 2295 4217 Chryseus
2369 4148 2624 4203 sacerdos

1475 4224 1797 4293 Apollinem
1852 4220 2237 4291 appellaverit.
2322 4220 2405 4275 Ne
2460 4219 2623 4274 huius

1477 4293 1703 4364 quidem
1749 4293 2011 4349 carminis
2066 4308 2241 4347 annus
2284 4291 2489 4347 natalis
2533 4308 2625 4345 ex-

1474 4366 1691 4437 plorari
1714 4369 1918 4435 potest,
1936 4365 2044 4419 nisi
2070 4364 2219 4419 forte
2238 4368 2361 4417 tum
2378 4362 2622 4417 maxime

1475 4439 1750 4507 scriptum
1781 4441 1967 4506 putas,
1997 4452 2123 4491 cum
2156 4439 2325 4505 poeta
2356 4453 2391 4490 a
2413 4433 2628 4491 Maeee-

1476 4514 1610 4565 nate
1633 4510 1831 4564 villam
1848 4508 2113 4563 Sabinam
2133 4507 2281 4562 dono
2305 4508 2627 4576 accepisset.

1550 4580 1614 4638 V.
1644 4584 1693 4635 1.
1720 4578 2014 4647 Montium]
2062 4578 2132 4634 cf.
2172 4578 2355 4635 Carm.
2386 4578 2431 4649 Ι,
2456 4580 2550 4649 21,
2576 4580 2627 4634 5.
