3092 5059
407 239 533 304 332

1425 237 1781 325 EPODON

709 427 919 520 Quid
972 427 1342 504 obseratis
1397 430 1711 506 auribus
1764 429 2027 506 fundis
2080 432 2401 531 preces?

705 551 879 627 Non
931 579 1113 628 saxa
1162 553 1388 630 nudis
1441 555 1797 630 surdiora
1840 555 2119 631 navitis

623 707 674 749 ω
708 676 1110 778 Neptunus
1155 678 1312 753 alto
1367 680 1623 756 tundit
1676 679 2043 756 hibernus
2093 679 2281 756 salo.

710 803 1008 880 Inultus
1057 816 1142 879 ut
1189 817 1273 882 tu
1323 806 1578 882 riseris
1630 807 1971 906 Cotyttia

710 929 1069 1027 Vulgata,
1125 955 1425 1008 sacrum
1468 931 1697 1007 liberi
1750 929 2179 1028 Cupidinis,

707 1055 806 1130 Et
852 1053 1234 1154 Esquilini
1275 1056 1631 1154 pontifex
1688 1056 2008 1133 venefici

709 1179 1038 1281 Impune
1091 1194 1174 1256 ut
1215 1183 1487 1259 urbem
1539 1183 1853 1257 nomine
1896 1180 2243 1279 impleris
2296 1178 2527 1254 meo?

629 1343 681 1383 ω
719 1304 926 1399 Quid
971 1305 1340 1402 proderat
1392 1307 1673 1383 ditasse
1721 1305 2127 1404 Paelignas
2178 1329 2397 1400 anus,

716 1431 1230 1531 Velociusque
1282 1431 1680 1507 miscuisse
1724 1430 2112 1505 toxicum?

712 1555 866 1632 Sed
915 1555 1262 1633 tardiora
1313 1557 1474 1632 fata
1524 1569 1601 1632 te
1654 1557 1847 1631 votis
1902 1567 2245 1630 manent:

712 1680 1030 1780 Ingrata
1080 1683 1362 1758 misero
1414 1683 1575 1758 vita
1628 1680 1987 1757 ducenda
2036 1693 2149 1756 est
2200 1681 2281 1755 in
2337 1679 2506 1776 hoc,

713 1793 953 1884 Novis
1003 1821 1087 1883 ut
1135 1833 1382 1906 usque
1433 1821 1795 1905 suppetas
1847 1806 2268 1882 laboribus.

631 1963 682 2004 a
721 1931 957 2030 Optat
1011 1932 1341 2031 quietem
1394 1931 1705 2029 Pelopis
1758 1930 1977 2006 infidi
2030 1942 2270 2030 pater,

715 2056 972 2154 Egens
1019 2059 1397 2156 benignae
1424 2056 1791 2135 Tantalus
1835 2082 2139 2156 semper
2175 2056 2421 2156 dapis,

720 2182 960 2283 Optat
1010 2183 1513 2261 Prometheus
1570 2183 1953 2282 obligatus
2006 2181 2195 2278 aliti,

718 2305 961 2408 Optat
1009 2333 1371 2407 supremo
1429 2309 1812 2385 collocare
1864 2306 2237 2408 Sisyphus

718 2432 814 2508 In
848 2445 1110 2508 monte
1144 2459 1447 2530 saxum3
1489 2434 1625 2510 sed
1662 2445 1922 2509 vetant
1955 2434 2168 2532 leges
2192 2431 2419 2511 Iovis.

637 2591 689 2630 το
724 2558 965 2633 Voles
1014 2557 1245 2632 modo
1296 2558 1475 2634 ‘altis
1529 2559 1842 2658 desilire
1886 2560 2251 2654 turribus,

718 2681 956 2758 Modo
1007 2709 1187 2758 ense
1240 2697 1508 2780 pectus
1552 2683 1837 2760 Norico
1885 2684 2308 2779 recludere,

717 2807 1190 2908 Frustraque
1227 2808 1480 2884 vincla
1529 2810 1823 2909 gutturi
1871 2811 2209 2886 innectes
2260 2821 2418 2907 tue,

423 3102 592 3154 quam
621 3085 902 3157 singulare
929 3088 1032 3153 est,
1067 3089 1256 3140 tamen
1292 3086 1412 3156 ipso
1449 3087 1572 3142 loco

421 3157 647 3211 videtur
682 3157 930 3228 probari.
967 3211 972 3218 ,

493 3226 559 3282 V.
600 3230 686 3282 55.
743 3229 1035 3298 Neptunus
1075 3227 1325 3283 hibernus
1398 3229 1577 3284 Meto-

421 3300 614 3440 ffl'?
629 3318 836 3425 lami?
870 3299 1258 3440 9‘20?¹}33¹¹3f¹·
1284 3301 1478 3426 s..{‘¹1⁶1
1502 3302 1575 3426 ²5⁷¹

427 3443 510 3496 18.
547 3411 808 3511 Liv.'1v,
841 3444 1084 3506 2‚12.-
1117 3442 1380 3515 Cotyttia]
1417 3413 1577 3500 sain-d

421 3519 698 3568 nocturna
750 3520 808 3569 et
861 3514 1144 3585 flagitiosa
1193 3531 1227 3568 a
1275 3513 1576 3585 Cotyttone

424 3585 666 3640 Thracia
710 3586 818 3642 dea
865 3586 1252 3656 impudicitiae
1300 3587 1468 3642 dicta.
1508 3617 1574 3626 —

420 3656 696 3726 pontifex]
735 3657 1000 3712 Pontifex
1030 3659 1307 3712 maximus
1331 3659 1500 3714 iudex
1519 3664 1577 3712 et

425 3728 640 3783 arbiter
652 3735 775 3784 erat
790 3730 1041 3784 omnium
1057 3747 1248 3784 rerum
1261 3747 1546 3785 sacrarum
1562 3749 1577 3799 3

425 3817 597 3868 quare
653 3800 886 3856 Canidia
941 3801 1240 3856 Horatium
1301 3802 1577 3856 invidiose

409 3870 746 3943 ‘pontificem
757 3873 1006 3943 appellat
1013 3873 1295 3942 Esquilini
1305 3873 1559 3927 veneficii

425 3943 582 3998 cuius
619 3945 906 3999 arbitrum
949 3963 1076 4000 eum
1123 3944 1294 3998 fuisse
1329 3945 1578 3999 ostendit

427 4014 659 4084 Sat.1,8.
674 4044 740 4054 —
756 4015 1071 4086 Paeliynas]
1091 4015 1222 4071 vide
1239 4015 1310 4070 ad
1333 4036 1386 4071 v.
1396 4019 1482 4070 28.
1508 4046 1574 4055 —

425 4087 657 4156 ditasse]
677 4092 742 4142 ut
759 4105 848 4142 me
871 4105 998 4142 suas
1019 4093 1170 4142 artes
1199 4088 1484 4144 docerent.
1507 4117 1574 4128 --

425 4157 529 4213 Sed
549 4158 821 4230 tardiora]
849 4159 1082 4214 Canidia
1095 4160 1202 4214 hoc
1223 4159 1366 4213 vult:
1394 4157 1576 4227 „Quid

425 4230 694 4300 proderat
729 4231 870 4285 mihi
918 4249 1124 4300 magna
1167 4229 1422 4286 mercede
1460 4249 1577 4285 ma-

425 4302 610 4372 gicam
665 4308 845 4357 artem
899 4302 1176 4368 didicisse,
1233 4304 1278 4358 si
1324 4307 1383 4357 te
1429 4319 1578 4357 nunc

426 4372 620 4428 ulcisci
653 4391 766 4428 non
807 4375 1071 4444 possum?
1121 4372 1331 4428 Verum
1371 4375 1576 4429 senties

427 4461 604 4499 meam
633 4449 999 4514 potestatem3
1037 4446 1182 4500 mori
1213 4446 1383 4501 males
1405 4463 1575 4516 quam

427 4515 604 4570 vitam
634 4515 836 4572 ducere
857 4535 890 4571 a
913 4535 1002 4571 me
1027 4517 1135 4572 tibi
1153 4521 1429 4588 paratam.
1467 4517 1577 4573 Sed

426 4587 540 4642 tuis
579 4588 727 4642 votis
781 4588 1034 4644 tardiora
1081 4589 1201 4646 fata
1247 4594 1305 4646 te
1347 4595 1579 4646 manent

1664 3085 1807 3141 cet.“
1848 3085 2008 3154 Quod
2024 3087 2231 3141 Keller.
2257 3091 2315 3140 et
2351 3084 2448 3154 qui
2474 3102 2603 3140 eum
2640 3085 2823 3139 secuti

1666 3163 1813 3226 sunt,
1850 3157 2135 3213 Eckstein.
2190 3161 2249 3212 et
2284 3157 2505 3212 Schiitz.
2554 3173 2622 3211 ex
2660 3156 2826 3210 codd.

1666 3231 2057 3299 praetulerunt
2086 3228 2354 3299 proderit,
2380 3229 2505 3298 ipsa
2540 3228 2826 3282 sententia

1666 3302 2034 3427 Ἦῖοῗῗωὶ·
2075 3301 2263 3425 ‘xii
2296 3299 2645 3425 ’312Οέἓὰ
2674 3299 2826 3424 ἔξω

1666 3449 1763 3499 tur
1800 3413 1929 3514 ies,-
1946 3390 2181 3514 χιι-ἕξων
2222 3412 2403 3513 quam,
2430 3387 2824 3524 aliquligt-lnnlfissi

1669 3517 1893 3570 dicitur.
1953 3545 2021 3556 —
2085 3515 2299 3584 Pelopis
2343 3513 2527 3585 infidi]
2586 3531 2721 3583 quia
2763 3531 2827 3567 in

1670 3605 1827 3642 mare
1862 3588 2181 3643 coniecerat
2216 3587 2509 3656 Myrtilum
2548 3586 2829 3656 aurigam,

1671 3659 1827 3714 cuius
1885 3677 1993 3730 ope
2044 3657 2498 3728 Hippodamiam,
2552 3656 2825 3712 Oenomai

1668 3730 1862 3798 filiam,
1915 3733 1976 3785 in
2034 3731 2456 3784 matrimonium
2515 3733 2826 3798 acceperat.

1671 3802 1870 3857 Gravis
1906 3805 1965 3856 in
2014 3803 2122 3857 hoc
2158 3802 2283 3856 loco
2320 3801 2607 3870 anaphora
2642 3804 2825 3870 optat3

1670 3891 1801 3928 nam
1834 3879 1929 3942 „tu
1967 3890 2205 3944 quoque,
2244 3872 2448 3941 inquit,
2480 3873 2825 3941 nequiquam

1669 3945 1910 4071 {EQ-¹²3⁸
1931 3964 1965 4000 ³
2000 3947 2729 4086 pzfftffafftwffi
2760 3943 2829 4068 {31

1669 4093 1865 4160 gatus3
1906 4093 1973 4143 ut
2001 4089 2197 4143 dicunt
2232 4087 2425 4143 Latini
2460 4103 2607 4142 nexu
2641 4104 2698 4142 se
2732 4087 2825 4141 ob·

1668 4159 1857 4229 liqut-e,
1895 4159 2118 4214 similia.
2164 4189 2227 4199 —
2284 4159 2516 4229 Norico]
2558 4157 2739 4213 Carm.
2778 4157 2824 4222 1,

1674 4233 1759 4300 16,
1795 4233 1850 4285 9.
1902 4261 1965 4272 -—
2012 4229 2297 4300 recludere]
2348 4229 2585 4300 aperire.
2659 4227 2829 4300 Vei-g.

1671 4305 1812 4357 Aen.
1853 4303 1921 4365 X,
1960 4305 2084 4357 601.
2136 4330 2205 4343 -
2252 4301 2515 4372 innectes]
2554 4301 2647 4356 Sic
2682 4301 2829 4355 anti-

1672 4375 1775 4443 qui
1810 4375 2026 4429 codices
2052 4391 2165 4429 non
2188 4374 2371 4444 pauci.
2409 4374 2579 4428 etiam
2604 4373 2828 4427 Baroel·

1672 4447 1915 4501 lonensis
1950 4445 2272 4514 Hauthalii3
2326 4445 2424 4500 alii
2473 4446 2645 4500 etiam
2689 4444 2831 4500 boni

1670 4523 1860 4586 nectes,
1895 4535 2031 4587 quos
2056 4535 2247 4573 omnes
2282 4517 2622 4573 recentiores
2646 4515 2827 4570 edito·

1670 4607 1761 4645 res
1802 4591 1978 4646 secuti
2012 4597 2165 4646 sunt.
2203 4589 2313 4644 Sed
2338 4587 2627 4643 difficilior
2664 4587 2835 4644 lectio
