3092 5059
458 210 581 277 508

1345 214 1962 284 EPISTULARUM

562 400 971 480 Auriculas
1018 406 1352 481 citharae
1405 406 1730 483 collecta
1783 406 2010 483 sorde
2058 405 2428 482 dolentes,

561 527 957 604 Sincerum
1010 542 1125 605 est
1174 530 1322 605 nisi
1361 558 1517 625 vas,
1569 530 2116 631 quodcumque
2169 530 2516 606 infundis
2563 532 2866 606 acescit.

476 684 525 725 55
564 653 862 751 Sperne
914 654 1383 753 voluptates:
1435 670 1664 732 nocet
1715 670 1974 757 empta
2028 656 2301 732 dolore
2356 656 2733 753 voluptas.

562 778 884 875 Semper
933 806 1209 856 avarus
1263 793 1465 879 eget:
1523 794 1812 857 certum
1867 795 2046 855 voto
2092 794 2266 879 pete
2317 781 2571 855 finem.

559 902 881 978 Invidus
922 902 1239 979 alterius
1284 906 1689 982 macrescit
1739 906 1966 981 rebus
2017 905 2331 1003 opimis:

555 1027 859 1104 Invidia
918 1026 1155 1104 Siculi
1206 1054 1357 1103 non
1414 1030 1778 1105 invenere
1825 1030 2130 1127 tyranni

563 1153 811 1227 Maius
863 1166 1353 1230 tormentum.
1460 1154 1614 1246 Qui
1662 1180 1816 1229 non
1869 1154 2399 1231 moderabitur
2447 1154 2629 1249 irae,

476 1310 528 1349 ao
564 1277 949 1354 Infeetum
999 1277 1210 1353 volet
1260 1274 1728 1375 esse,'dolor
1777 1279 1995 1379 quod
2048 1281 2371 1356 suaserit
2419 1292 2494 1355 et
2543 1304 2783 1373 mens,

561 1405 763 1479 Dum
816 1428 1102 1500 poena-s
1156 1404 1337 1479 odio
1392 1432 1533 1502 per
1584 1405 1736 1479 vim
1787 1404 2103 1481 festinat
2151 1404 2422 1481 inulto·

559 1529 689 1605 Ira
740 1530 961 1605 furor
1012 1530 1271 1605 brevis
1324 1543 1469 1606 est:
1525 1530 1867 1606 animum
1921 1556 2126 1629 rege,
2183 1532 2318 1629 qui
2367 1530 2521 1605 nisi
2570 1542 2800 1628 paret

557 1654 931 1758 Imperat:
986 1654 1189 1730 hunc
1236 1654 1501 1749 frenis,
1557 1655 1761 1732 hune
1807 1669 1888 1731 tu
1941 1682 2343 1756 compesce
2395 1668 2684 1731 catena.

559 1779 819 1878 Fingit
872 1804 1156 1879 equum
1208 1792 1473 1855 tenera
1526 1779 1862 1856 docilem
1911 1782 2210 1857 cervice
2264 1780 2634 1878 magister

474 1939 526 1979 ms
563 1905 689 1981 Ire
740 1905 943 1981 viam
992 1930 1145 2003 qua
1193 1918 1566 1980 monstret
1625 1930 1902 2005 eques3
1949 1907 2342 1982 venaticus
2395 1932 2486 1981 ex
2541 1932 2694 2005 quo

560 2030 943 2128 Tempore
1000 2030 1386 2105 cervinam
1439 2030 1724 2130 pellem
1777 2030 2085 2106 latravit
2127 2030 2208 2107 in
2253 2030 2452 2127 aula,

558 2156 846 2232 Militat
895 2156 971 2231 in
1021 2154 1231 2231 silvis
1284 2155 1601 2231 catulus.

1705 2155 1929 2233 Nunc
1981 2153 2264 2232 adhibe
2315 2182 2510 2255 puro

561 2281 881 2357 Pectore
934 2283 1171 2357 verba
1219 2307 1437 2379 puer,
1491 2306 1696 2356 nunc
1748 2294 1823 2357 te
1876 2282 2321 2357 melioribus
2376 2282 2594 2357 offer.

563 2405 734 2497 Quo
790 2404 1027 2481 semel
1082 2419 1194 2481 est
1247 2408 1541 2481 imbuta
1594 2432 1858 2481 recens
1909 2406 2246 2481 servabit
2297 2405 2614 2482 odorem

454 2566 526 2605 no
564 2530 791 2607 Testa
845 2529 1001 2605 diu.

1106 2529 1403 2624 Quodsi
1453 2556 1698 2606 cessas
1752 2542 1882 2605 aut
1931 2542 2283 2605 strenuus
2335 2530 2602 2626 anteis,

557 2654 718 2729 Nec
769 2653 1076 2730 tardum
1134 2655 1513 2754 opperior·
1549 2682 1692 2730 nec
1744 2654 2386 2757 praecedentibus
2429 2655 2658 2731 insto.

462 2884 576 2939 sius
612 2902 737 2940 cum
773 2884 1028 2940 Bentleio
1067 2890 1123 2941 et
1146 2886 1404 2958 Kriigero
1434 2886 1613 2959 poda·

462 2972 634 3027 yrum.
664 2986 731 2997 —
772 2958 1060 3040 sincerum]
1099 2958 1229 3013 Vita
1264 2975 1425 3013 nemo
1463 2962 1615 3013 recte

464 3028 692 3093 fruitur,
737 3028 894 3083 cuius
944 3031 1160 3085 animus
1198 3036 1493 3099 corruptus
1531 3034 1616 3084 est

464 3099 893 3171 cupiditatibus3
942 3102 1225 3172 corrumpi
1272 3109 1459 3157 autem
1498 3101 1615 3155 ani-

463 3188 614 3225 mum
643 3143 1047 3241 cupiditatibus
1080 3174 1347 3243 exemplis
1372 3174 1614 3227 ostendi-

462 3248 574 3297 tur.
614 3272 684 3281 -
726 3242 901 3298 Siculi
935 3246 1188 3315 tyr-anm]
1238 3251 1303 3300 nt
1338 3244 1614 3313 Phalaris,

463 3314 820 3385 Agathocles,
832 3315 1103 3405 Dionysii.
1119 3316 1495 3403 —infectumJ
1500 3316 1614 3371 Me-

461 3386 677 3441 nander
700 3404 767 3471 Ρ.
776 3388 1003 3442 247M.:
1043 3383 1311 3457 „Anoev‘P
1349 3384 1435 3441 30’
1466 3384 1614 3475 ὀργι-

466 3453 695 3541 ξάμενος
732 3428 1058 3547 ἅνθρωπος
1062 3467 1226 3529 ποιεῖ,
1252 3461 1426 3521 Ταῦθ’
1463 3455 1614 3513 ὕστε-

462 3548 563 3598 ρον
597 3524 781 3597 λάβοις
820 3526 892 3586 ὃν
908 3501 1345 3603 r‘fflaprnps‘voess
1368 3562 1433 3570 —
1463 3530 1617 3586 dolor

463 3600 605 3671 quod
648 3590 913 3673 suaserit]
966 3604 1170 3659 nimius
1216 3604 1391 3667 dolor,
1449 3620 1614 3673 quem

462 3672 761 3728 iracundus
781 3692 905 3729 cum
926 3675 1230 3730 offenditur
1249 3674 1437 3729 sentit.
1470 3674 1614 3729 Nam

464 3784 497 3813 ‚,
483 3744 642 3812 ,iram
675 3762 790 3800 esse
822 3765 887 3801 cu
929 3746 1187 3801 iditatem
1215 3746 1425 3800 doloris
1454 3763 1613 3815 repo-

462 3816 669 3872 nendi“
706 3834 775 3871 ex
812 3819 879 3873 de
922 3820 1139 3873 uitione
1171 3816 1495 3873 Aristotelis
1532 3818 1616 3871 ait

464 3888 671 3943 Seneca
690 3888 758 3943 de
784 3889 871 3943 ira
893 3890 939 3957 Ι,
960 3892 1011 3957 3,
1030 3895 1079 3943 2.
1106 3917 1172 3928 -
1210 3889 1379 3960 mens]
1417 3884 1612 3959 θυμός.

464 3960 645 4015 Carm.
664 3960 708 4027 Ι,
736 3963 819 4030 16,
839 3962 926 4015 21.
947 3990 1013 4001 --
1037 3960 1289 4031 festinat]
1325 3961 1359 4014 i.
1382 3977 1427 4014 e.
1458 3960 1613 4015 festi-

462 4036 663 4087 nanter
692 4032 894 4103 exigit3
932 4034 1013 4087 sic
1042 4049 1338 4101 properare
1367 4032 1547 4101 Epist.
1572 4032 1613 4101 1,

466 4106 517 4171 3,
538 4105 625 4157 28.
645 4104 714 4157 cf.
738 4104 915 4159 Carm.
936 4104 1010 4171 11,
1031 4104 1083 4171 7,
1106 4106 1190 4157 21.
1212 4102 1347 4158 odio
1364 4109 1447 4157 est
1468 4102 1611 4158 dati-

464 4194 581 4229 vus.
604 4204 663 4213 —
690 4180 753 4229 tu
768 4174 1053 4246 compesce]
1078 4174 1205 4229 vide
1224 4175 1295 4229 ad
1308 4174 1543 4238 Carm‚1.
1559 4176 1611 4237 9,

467 4248 548 4301 16.
571 4276 634 4285 -
658 4252 843 4301 tenera
856 4246 1075 4315 cervice]
1098 4246 1475 4301 Coercendum
1494 4264 1612 4301 esse

460 4318 739 4391 praecipit
776 4320 1041 4384 animum,
1076 4319 1171 4373 sed
1212 4323 1447 4387 mature,
1485 4336 1610 4375 cum

1707 2887 1912 2941 vitium
1946 2886 2196 2942 nondum
2230 2887 2590 2943 inveteravit.
2611 2917 2684 2928 —
2702 2889 2865 2958 viana]

1709 2959 2057 3014 Referendus
2078 2960 2424 3015 accusativus
2445 2964 2530 3014 est
2555 2960 2628 3015 ad
2648 2964 2864 3015 utrum·

1710 3049 1819 3099 que
1855 3032 2106 3098 verbum,
2142 3032 2224 3085 ire
2262 3031 2410 3086 viam
2447 3038 2505 3085 et
2527 3031 2674 3086 viam
2713 3048 2862 3086 monn

1709 3107 1861 3157 stret.
1938 3102 2022 3156 De
2058 3118 2169 3173 qua
2205 3102 2316 3156 abl.
2357 3100 2430 3156 cf.
2468 3102 2593 3158 Liv.
2633 3102 2866 3171 XXXII,

1715 3176 1797 3230 11.
1852 3173 2062 3245 Vergil.
2101 3176 2239 3229 Aen.
2276 3174 2320 3241 1,
2359 3176 2479 3228 418.
2531 3203 2594 3214 —
2643 3175 2862 3245 pellem]

1708 3246 1978 3301 stramine
2023 3246 2112 3299 vel
2159 3262 2346 3301 musco
2384 3246 2658 3315 repletam
2699 3251 2759 3301 et
2791 3246 2864 3301 ad

1709 3316 1826 3371 vivi
1862 3317 2012 3371 cervi
2047 3317 2351 3388 imaginem
2389 3316 2662 3373 relictam.
2690 3346 2760 3357 -
2785 3319 2862 3372 la·

1708 3388 1901 3458 travit]
1956 3390 2154 3450 active,
2207 3394 2272 3443 ut
2323 3388 2503 3457 Epod.
2551 3390 2605 3457 5,
2655 3390 2746 3444 58.
2795 3418 2860 3429 -

1710 3458 1924 3529 adhibe]
1967 3460 2076 3515 Cic.
2104 3460 2190 3513 de.
2215 3460 2340 3515 Fin.
2366 3459 2468 3528 ΠΙ,
2493 3461 2546 3529 2,
2571 3462 2632 3515 9:
2681 3478 2864 3527 „com-

1709 3530 1903 3585 bibere
1938 3532 2140 3587 artesf‘
2195 3531 2266 3587 cf.
2309 3531 2490 3586 Carm-
2532 3532 2606 3602 11,
2650 3535 2736 3601 13,
2777 3534 2862 3585 32.

1709 3602 1964 3686 Propert.
2003 3602 2102 3669 111,
2140 3604 2190 3670 6,
2227 3604 2286 3657 8·
2344 3604 2600 3673 „Incipe:
2635 3621 2860 3674 suspen·

1709 3675 1784 3728 sis
1811 3674 2038 3728 auribus
2065 3674 2173 3728 ista
2198 3674 2444 3729 bibamf‘
2481 3674 2678 3746 Imago
2717 3694 2860 3729 sum·

1708 3751 1808 3816 pta
1829 3751 1911 3800 est
1931 3764 1964 3800 a
1988 3747 2119 3801 lana
2144 3746 2429 3817 tingenda.
2451 3776 2512 3787 -
2533 3748 2700 3816 puer]
2726 3748 2858 3803 dum

1708 3836 1849 3888 puer
1885 3835 1959 3873 es.
2009 3848 2074 3857 -
2123 3817 2288 3888 testa]
2335 3836 2422 3872 am
2427 3817 2626 3888 phora,
2675 3818 2862 3873 cadus.

1709 3919 1778 3929 —-
1813 3888 2028 3958 quodsi]
2067 3888 2197 3943 vide
2233 3888 2306 3943 ad
2344 3836 2528 3959 Epist.
2566 3890 2611 3957 1,
2655 3894 2700 3957 1,
2745 3892 2862 3943 106.

1710 3960 1833 4029 „En
1870 3960 2058 4023 habes,
2091 3960 2278 4029 inquit
2315 3966 2506 4031 poeta,
2553 3960 2709 4030 quod
2756 3961 2862 4017 tibi

1709 4032 2066 4103 praecipiam.
2105 4032 2220 4087 Fac
2243 4034 2328 4087 uti
2356 4034 2536 4099 voles;
2572 4050 2701 4088 mea
2724 4032 2862 4087 mihi

1709 4108 1822 4157 stat
1864 4104 2150 4170 voluntas,
2198 4121 2326 4159 nam
2375 4106 2435 4159 in
2480 4103 2590 4159 hac
2639 4122 2864 4175 quoque

1708 4193 1770 4229 re
1806 4174 2210 4230 mediocritatis
2247 4177 2528 4231 studiosus
2565 4179 2726 4231 sum!
2731 4175 2860 4230 ‘et

1708 4247 1796 4317 Ep
1799 4247 1889 4300 ist.
1913 4246 1956 4313 Ι,
1976 4249 2028 4312 6,
2055 4250 2218 4317 16sq.
2248 4246 2322 4315 11,
2339 4249 2393 4315 2,
2414 4248 2537 4301 204.
2565 4246 2860 4317 —anteid

1711 4318 1780 4373 cf.
1822 4318 2001 4373 Carm.
2043 4318 2088 4387 Ι,
2125 4318 2214 4387 35,
2257 4286 2338 4371 17².
