3092 5059
482 227 691 317 500,

1386 225 2006 294 EPISTULARUM

582 413 691 490 Ut
736 415 1059 512 propius
1111 426 1404 514 spectes
1454 412 1863 490 lacrimosa
1913 423 2270 513 poemata
2319 411 2552 511 Pupi;

586 538 717 613 An
767 539 902 638 qui
950 539 1336 615 Fortunae
1385 551 1462 615 te
1512 564 1970 640 responsare
2017 537 2396 636 superbae

581 663 951 740 Liberum
1008 677 1084 740 et
1134 676 1468 740 erectum
1525 688 1884 762 praesens
1938 663 2292 738 hortatur
2343 675 2420 739 et
2463 662 2724 763 aptat?

501 821 551 862 ιο
588 789 882 881 Quodsi
933 815 1059 865 me
1110 790 1441 887 populus
1490 792 1882 865 Romanus
1935 790 2137 865 forte
2187 801 2433 887 roget,
2485 813 2624 864 cur

580 915 753 990 Non
806 927 889 990 ut
938 914 1359 1015 porticibus
1410 916 1522 991 sic
1573 915 1880 990 iudiciis
1932 915 2153 990 fruar
2201 913 2471 1008 isdem,

579 1040 743 1115 Nec
790 1065 1069 1138 sequar
1118 1055 1251 1115 aut
1298 1041 1598 1138 fugiam
1653 1065 1851 1140 quae
1903 1039 2160 1136 diligit
2205 1039 2373 1136 ipse
2421 1037 2550 1114 vel
2603 1037 2822 1134 odit3'

584 1163 793 1242 Olim
848 1164 1058 1264 quod
1110 1164 1377 1266 vulpes
1428 1180 1747 1265 aegroto
1804 1177 2024 1242 cauta
2073 1165 2284 1241 leoni

575 1291 1023 1389 Respondit,
1070 1292 1440 1366 referam:
1498 1291 1752 1390 „Quia
1795 1318 1918 1367 me
1969 1289 2296 1388 vestigia
2343 1302 2672 1388 terrent,

497 1450 549 1491 τε
585 1413 869 1492 Omnia
919 1429 995 1492 te
1046 1416 1456 1492 adversum
1510 1417 1960 1514 spectantia,
2017 1415 2232 1492 nulla
2281 1411 2772 1492 retrorsum.“

580 1539 823 1615 Belua
833 1541 1255 1617 multorum
1271 1568 1349 1620 es
1365 1544 1700 1642 capitum
1717 1569 1733 1615 :
1753 1569 1926 1619 nam
1947 1541 2138 1641 quid
2155 1565 2430 1640 sequar
2444 1553 2582 1616 aut
2599 1541 2856 1640 quem?

578 1666 765 1741 Pars
818 1665 1216 1742 hominum
1260 1669 1490 1764 gestit
1541 1668 1978 1744 conducere
2027 1667 2382 1765 publiea3
2436 1678 2616 1742 sunt
2669 1665 2794 1765 qui

580 1791 877 1869 Crustis
930 1804 1005 1868 et
1055 1792 1304 1892 pomis
1356 1791 1632 1868 viduas
1677 1804 2050 1868 venentur
2093 1817 2362 1869 avaras

576 1915 1130 2017 Excipiantque
1172 1942 1415 2013 sense,
1467 1943 1660 2017 quos
1704 1917 1784 1993 in
1836 1916 2129 1992 vivaria
2179 1919 2522 2013 mittant3

492 2075 543 2114 so
580 2041 841 2117 Multis
896 2043 1195 2119 occulto
1250 2043 1524 2118 crescit
1575 2069 1697 2118 res
1748 2043 2084 2117 faenore.

453 2289 625 2366 =idem
681 2291 958 2358 cecinisse,
1012 2293 1107 2348 sed
1153 2293 1305 2348 idem
1348 2292 1457 2348 sibi
1500 2311 1625 2363 per·

476 2363 725 2417 suasisse.
810 2363 1122 2420 Decantare
1168 2366 1317 2420 enim
1366 2370 1450 2420 est
1486 2383 1625 2420 sem-

475 2451 577 2502 per
601 2451 663 2488 re
704 2439 870 2502 etere,
908 2437 968 2490 in
1009 2454 1106 2491 ore
1143 2436 1365 2492 habere.
1406 2437 1515 2492 Cic.
1556 2437 1626 2492 de

477 2504 633 2560 Orat.
699 2506 741 2572 1,
766 2509 853 2569 32,
891 2510 1013 2562 140:
1056 2507 1169 2576 „Ut
1206 2526 1397 2564 causas
1435 2527 1624 2564 omnes

476 2577 773 2649 diligentes
812 2585 868 2633 et
892 2597 1164 2634 memores
1200 2584 1258 2635 et
1293 2580 1465 2634 sobrii
1503 2598 1626 2635 ora-

474 2653 626 2704 tores
661 2667 953 2720 percursas
1001 2651 1186 2706 animo
1240 2655 1297 2706 et
1330 2670 1509 2722 prope
1543 2653 1626 2706 di-

475 2739 598 2776 cam
633 2721 955 2777 decantatas
991 2723 1198 2778 habere
1234 2723 1528 2779 debeant.“
1557 2753 1625 2764 —

470 2793 701 2862 propius
763 2793 988 2865 spectes]
1326 2813 1493 2864 eques
1566 2795 1626 2849 in

475 2865 923 2933 quattuordecim
1011 2866 1317 2921 ordinibus.
1449 2867 1628 2922 Simul

473 2937 876 3008 perstringitur
930 2939 1342 3008 praetereundo
1395 2938 1627 3008 Pupius,

474 3009 891 3079 tragoediarum
930 3009 1205 3064 flebilium
1243 3011 1499 3080 scriptor.
1572 3010 1626 3064 Is

473 3078 621 3134 hunc
674 3081 780 3134 sibi
830 3082 1062 3136 titulum
1109 3081 1307 3137 fecisse
1354 3082 1624 3136 traditur:

473 3150 750 3219 „Flebunt
802 3155 967 3208 amici
1020 3159 1078 3208 et
1114 3153 1255 3208 bene
1300 3155 1424 3208 noti
1475 3172 1625 3208 mor·

472 3227 588 3276 tem
641 3242 848 3278 meam:
941 3225 1083 3280 Nam
1137 3225 1376 3295 populus
1422 3226 1484 3279 in
1536 3244 1627 3280 me

471 3294 601 3349 vivo
648 3295 1023 3350 lacrimatu'st
1062 3297 1253 3351 satis.“
1306 3326 1367 3338 -—
1407 3313 1626 3366 respon-

468 3367 615 3436 sare]
666 3367 777 3421 Sat.
826 3367 877 3421 11
932 3373 984 3436 7,
1023 3371 1109 3422 85.
1158 3399 1226 3410 -
1272 3368 1451 3439 aptat]
1500 3387 1626 3423 cum

471 3435 751 3493 infinitivo
804 3457 909 3508 pro
970 3445 1132 3508 aptat
1182 3439 1257 3495 ad
1301 3456 1389 3496 res
1526 3457 1624 3495 an·

475 3509 626 3562 dum:
666 3509 1007 3566 constructio
1037 3511 1232 3566 durior
1272 3512 1369 3582 qui
1411 3530 1499 3566 em
1524 3517 1628 3580 est,

471 3581 569 3634 sed
612 3583 909 3653 mitigatur
953 3583 1284 3654 interposito
1338 3603 1391 3638 v.
1440 3584 1627 3638 horta-

470 3657 578 3707 tur.
634 3654 712 3708 Et
748 3655 828 3709 sic
863 3655 1063 3724 optimi
1102 3654 1280 3724 codd,
1318 3655 1416 3710 alii
1454 3661 1626 3724 optat.

478 3723 562 3778 De
598 3743 649 3780 v.
692 3732 885 3795 aptare
922 3726 991 3781 cf.
1019 3727 1231 3799 Vergil.
1260 3729 1399 3782 Aen.
1428 3727 1473 3790 1,
1501 3729 1624 3781 552.

473 3825 540 3836 —-
575 3797 821 3869 liberum]
864 3798 932 3854 cf.
974 3799 1155 3868 Epist.
1196 3800 1243 3868 1,
1286 3801 1367 3866 16,
1404 3801 1473 3853 63
1502 3817 1626 3869 sqq.

474 3897 538 3907 -
565 3869 793 3924 iudiciis
814 3871 1002 3940 fruar]
1031 3871 1097 3925 In
1122 3871 1357 3926 fruendo
1384 3870 1624 3926 delecta-

468 3940 637 3994 tionis
686 3941 769 3995 vis
808 3941 977 4010 inest;
1027 3960 1201 4012 quare
1248 3943 1381 3997 satis
1428 3946 1626 4012 aptum

469 4011 575 4066 hoc
606 4013 843 4067 verbum
878 4019 965 4068 est
1002 4019 1059 4068 et
1095 4013 1409 4083 porticibus
1446 4019 1504 4068 et
1541 4015 1624 4068 iu-

465 4083 641 4138 diciis.
684 4084 871 4140 Senec.
922 4085 993 4139 de
1029 4086 1129 4141 vit.
1169 4084 1313 4140 beat.
1360 4087 1450 4140 10:
1524 4090 1622 4154 „tu

465 4157 755 4225 voluptate
798 4157 1023 4226 frueris,
1072 4175 1176 4228 ego
1214 4158 1392 4212 utor-5⁴
1468 4155 1622 4224 Quae

464 4227 840 4299 intellegenda
894 4229 1009 4282 sint
1072 4228 1279 4284 iudicia
1329 4229 1623 4300 proximus

464 4299 711 4353 ostendit
767 4317 975 4355 versus.
1014 4330 1079 4340 --
1138 4299 1350 4372 vulpes]
1407 4301 1623 4355 Eodem

464 4369 703 4441 apologo
755 4373 1029 4441 Aesopioo
1086 4390 1217 4428 usus
1283 4377 1409 4428 erat
1458 4371 1622 4426 Plato

467 4441 652 4494 Alcib.
693 4442 737 4495 1.
792 4461 837 4496 c.
888 4445 974 4497 39.
1020 4461 1074 4513 p.
1117 4445 1239 4498 132.
1284 4447 1373 4512 A„
1425 4442 1627 4498 deinde

467 4511 739 4582 Lucilius,
780 4513 935 4567 cuius
972 4515 1081 4569 hoc
1118 4515 1499 4586 fragmentum
1541 4532 1626 4569 re·

468 4585 608 4634 stat:
670 4583 951 4650 „Leonem
990 4591 1284 4658 aegrotum
1322 4603 1387 4641 ac
1420 4587 1628 4640 lassum

1062 2795 1253 2850 sedeas

2187 2044 2477 2120 Verum

1718 2333 1732 2348 .
1784 2334 1798 2348 .
1843 2334 1856 2348 .
1907 2333 1922 2350 .
2003 2292 2318 2349 Deductum
2369 2297 2508 2347 tuno
2561 2307 2701 2348 voce
2750 2291 2856 2344 leo:

1719 2365 1830 2420 Cur
1881 2370 1946 2420 tu
2000 2365 2021 2419 i
2061 2382 2123 2420 sa
2178 2364 2370 2420 venire
2413 2363 2542 2420 Non
2597 2364 2686 2418 vis
2729 2361 2855 2416 huc?

1720 2478 1733 2491 .
1786 2479 1799 2492 .
1843 2476 1858 2491 .
1902 2476 1916 2491 .
2003 2383 2150 2504 guid
2199 2436 2306 2492 sibi
2351 2436 2512 2492 vult?
2569 2451 2745 2505 quare
2785 2431 2854 2494 fit,

1719 2513 1783 2563 ut
1817 2509 2164 2562 introversus
2202 2513 2261 2563 et
2297 2507 2369 2561 ad
2401 2513 2460 2562 te
2493 2506 2760 2577 Speetent
2791 2509 2860 2558 st·

1722 2597 1830 2650 que
1867 2579 2054 2635 ferant
2098 2579 2338 2651 vestigia
2387 2597 2448 2634 se
2493 2579 2685 2634 omnia
2721 2593 2858 2648 pror-

1721 2669 1813 2706 sus
1827 2651 1892 2706 ‘?“
1929 2651 2085 2706 Dicit
2109 2656 2300 2706 autem
2324 2651 2420 2706 ille
2451 2651 2725 2722 apologus
2747 2650 2859 2704 hoc:

1720 2723 2095 2793 periculosum
2145 2741 2264 2780 esse
2309 2723 2552 2793 vestigia
2597 2721 2756 2791 sequi
2785 2737 2859 2774 eo-

1721 2813 1848 2849 rum
1886 2795 1982 2864 qui
2011 2812 2079 2850 eo
2107 2793 2469 2865 pervenirent
2507 2793 2658 2848 unde
2695 2792 2861 2848 redire

1720 2884 1834 2921 non
1893 2867 2074 2922 liceat.
2126 2897 2191 2906 —
2232 2865 2484 2937 publica]
2543 2865 2860 2920 Describun-

1722 2942 1817 2993 tur
1863 2944 1922 2994 et
1969 2938 2256 3008 publicani
2304 2942 2362 2992 et
2407 2938 2450 2991 ii
2498 2937 2660 3007 „quis
2717 2935 2862 2991 facile

1725 3014 1808 3064 est
1845 3011 2037 3065 eadem
2087 3010 2412 3079 conducere,
2461 3008 2714 3076 fiumina,
2751 3025 2860 3078 por·

1726 3086 1831 3146 tus,
1868 3081 2192 3136 Siccandasn
2243 3081 2499 3146 eluviem,
2537 3079 2863 3150 portandum

1720 3153 1793 3208 ad
1813 3153 1979 3208 busta
1997 3153 2289 3208 cadaver.“
2322 3153 2512 3207 Iuven.
2537 3155 2594 3215 8,
2615 3154 2683 3205 ⁸1
2711 3169 2788 3220 sq.
2807 3177 2862 3190 —-

1722 3223 1946 3295 mstis]
1993 3223 2084 3280 Sic
2129 3225 2304 3280 etiam
2347 3223 2612 3292 Orellius,
2659 3223 2864 3277 Miiller.

1722 3295 2041 3351 Doederlin.
2061 3296 2344 3352 Eckstein.
2373 3295 2644 3366 Kriiger.;
2672 3293 2862 3350 Keller.

1722 3373 1909 3422 autem
1965 3369 2238 3437 praetulit
2291 3385 2360 3422 ex
2424 3368 2670 3437 plurima
2721 3369 2866 3436 parts

1721 3457 1949 3494 suorum
2040 3440 2293 3495 codicum
2363 3438 2592 3507 frustis,
2678 3438 2864 3508 quibus

1721 3529 1835 3566 non
1869 3512 2054 3566 minus
2094 3528 2234 3583 opus
2270 3511 2532 3566 dulciarii
2571 3507 2861 3581 significari

1720 3589 1886 3652 putat
1933 3601 2102 3653 quam
2147 3583 2365 3651 crustis,
2405 3583 2476 3637 de
2513 3581 2720 3651 quibus
2756 3582 2864 3650 lege

1723 3653 1836 3710 Sat.
1873 3655 1918 3724 Ι,
1961 3659 2006 3724 1,
2051 3656 2137 3709 25.
2212 3653 2321 3710 Sed
2351 3653 2542 3721 sufisia
2579 3659 2714 3708 sunt
2761 3668 2864 3707 esr-

1720 3728 1808 3781 nis
1833 3727 2166 3797 particulae,
2199 3725 2402 3796 quibus
2439 3743 2644 3780 avarae
2682 3725 2865 3780 viduae

1722 3803 1917 3868 aperte
1960 3798 2147 3853 minus
2197 3797 2502 3852 trahuntur
2547 3815 2718 3866 quam
2758 3793 2866 3850 dul·

1721 3871 1878 3926 cibus
1913 3869 2204 3940 placentis.
2242 3871 2330 3924 Ac
2363 3873 2656 3938 praeterea
2677 3867 2866 3923 crustis

1719 3941 2011 3996 difficilior
2045 3942 2211 3997 lectio
2236 3946 2338 4008 est,
2376 3959 2522 4010 quae
2557 3940 2726 3995 facile
2759 3955 2864 3993 απ»

1719 4013 1908 4084 rumpi
1959 4013 2150 4083 potuit
2193 4013 2254 4067 in
2298 4012 2518 4081 frustis.
2569 4041 2636 4054 —-
2683 4009 2864 4066 vidum

1719 4085 2012 4155 venentur]
2063 4089 2195 4140 sunt
2239 4083 2618 4153 heredipetae,
2653 4083 2724 4138 de
2759 4081 2862 4150 qui·

1721 4155 1824 4211 bus
1863 4155 1976 4211 Sat.
2027 4156 2100 4224 II,
2149 4159 2198 4211 5.
2281 4155 2366 4210 De
2411 4155 2546 4224 ipsis
2591 4153 2864 4210 vocabulis

1721 4227 1791 4282 cf.
1827 4227 2007 4282 Carm.
2044 4229 2147 4296 III,
2188 4228 2270 4294 12,
2315 4229 2396 4280 12.
2455 4226 2572 4280 Sat.
2606 4227 2654 4294 I,
2703 4229 2750 4294 1,
2787 4225 2860 4278 25.

1719 4300 1793 4368 11,
1840 4301 1891 4367 5,
1945 4302 2030 4354 44.
2129 4299 2390 4354 Ceterum
2435 4297 2640 4354 viduas
2688 4311 2862 4352 omnes

1722 4372 1895 4426 etiam
1919 4371 2282 4428 nominantur
2317 4371 2590 4439 innuptae
2615 4369 2859 4424 muliere·

1722 4448 1789 4497 ut
1825 4443 1978 4514 apud
2014 4443 2240 4498 Livium
2265 4443 2309 4513 1,
2329 4444 2418 4510 46,
2439 4445 2490 4496 7.
2521 4470 2590 4482 -
2615 4440 2751 4511 esto]
2784 4437 2860 4493 Ad

1723 4515 2074 4585 probandam
2119 4533 2278 4570 suam
2319 4514 2657 4569 sententiam
2702 4530 2756 4567 v.
2799 4510 2860 4564 ⁷6

1721 4590 1892 4656 poeta
1945 4590 2116 4659 auget
2167 4604 2312 4641 rem:
2371 4603 2520 4656 „non
2567 4587 2748 4642 solum
2789 4582 2856 4636 di·
