3092 5059
501 223 629 288 534

1388 220 2008 289 EPISTULARUM

604 394 993 470 Fraternis
1047 395 1319 471 animis
1376 393 1756 495 quidquid
1811 408 2046 490 negat
2093 394 2292 472 alter
2343 407 2418 472 et
2463 395 2686 492 alter,

545 553 569 593 5
608 519 1041 595 Adnuimus
1086 521 1373 620 pariter
1422 516 1665 595 vetuli
1716 521 2034 619 notique
2085 519 2445 598 columbi.

606 643 721 718 Tu
774 645 1039 720 nidum
1094 671 1375 734 servas,
1431 670 1578 742 ego
1631 645 1866 719 laudo
1919 645 2116 720 ruris
2163 649 2468 722 amoeni

604 770 837 845 Rivos
886 784 963 846 et
1005 797 1267 846 museo
1323 771 1754 847 circumlita
1805 797 1992 846 saxa
2041 797 2488 872 nemusque.

607 894 815 987 Quid
870 895 1227 994 quaeris?
1334 896 1535 971 Vivo
1593 910 1669 972 et
1719 921 1986 995 regno,
2031 897 2256 972 simul
2301 899 2450 974 ista
2498 899 2802 998 reliqui,

610 1017 827 1109 Quae
878 1045 1015 1094 vos
1070 1019 1168 1094 ad
1226 1021 1521 1096 caelum
1577 1022 1864 1098 effertis
1917 1050 2231 1099 rumore
2284 1023 2648 1120 secundo,

528 1179 577 1216 ιο
611 1142 871 1241 thue
926 1144 1341 1222 sacerdotis
1398 1147 1771 1244 fugitivus
1823 1146 1985 1223 liba
2036 1173 2348 1224 recuso:

612 1267 819 1344 Pane
872 1294 1059 1367 egeo
1118 1271 1268 1345 iam
1316 1271 1626 1346 mellitis
1677 1273 1978 1368 potiore
2032 1272 2430 1373 placentis.

612 1392 897 1469 Vivere
948 1407 1265 1470 naturae
1314 1397 1379 1469 si
1430 1397 1978 1473 convenienter
2027 1410 2355 1498 oportet,

610 1518 1179 1620 Ponendaeque
1225 1521 1457 1596 domo
1514 1522 1956 1620 quaerenda
2007 1537 2124 1598 est
2173 1549 2356 1599 area
2405 1524 2778 1624 primum3

614 1644 1009 1722 Novistine
1061 1645 1315 1722 locum
1366 1647 1746 1745 potiorem
1801 1674 1976 1724 rure
2029 1649 2313 1725 beato?

532 1801 581 1840 ιε
614 1769 748 1844 Est
798 1771 930 1844 ubi
980 1770 1155 1868 plus
1210 1784 1518 1872 tepeant
1568 1773 1882 1866 hiemes,
1939 1773 2070 1849 ubi
2123 1775 2418 1872 gratior
2459 1799 2653 1848 aura

618 1893 894 1971 Leniat
937 1910 1014 1970 et
1063 1896 1358 1972 rabiem
1412 1897 1642 1974 Canis
1698 1912 1775 1974 et
1817 1913 2210 1975 momenta
2261 1898 2565 1993 Leonis,

618 2019 809 2097 Cum
864 2022 1101 2097 semel
1151 2025 1451 2119 aceepit
1500 2022 1756 2098 Solem
1813 2023 2280 2099 furibundus
2335 2025 2708 2099 acutum?

614 2145 749 2221 Est
793 2146 927 2220 ubi
982 2144 1302 2222 divellat
1345 2173 1653 2221 somnos
1707 2149 1958 2223 minus
2009 2147 2276 2223 invida
2317 2151 2549 2224 cura?

462 2394 475 2408 =
516 2368 580 2417 ut
630 2379 753 2416 eam
790 2361 843 2416 h.
880 2362 917 2415 l.
967 2361 1254 2416 videamus
1300 2361 1668 2418 festivitatem
1762 2363 2097 2418 indicetur.“

2171 2363 2410 2418 Mueller
2455 2363 2524 2417 de
2561 2364 2602 2416 1.
2641 2364 2683 2418 l.
2717 2361 2894 2418 demin.

518 2451 663 2504 quae
714 2433 861 2488 inest
913 2433 973 2488 in
1029 2432 1137 2488 hoc
1180 2433 1302 2489 loco
1350 2433 1553 2488 catull.
1599 2436 1666 2488 61
1761 2453 1820 2519 p:
1857 2437 1944 2490 62.
1984 2465 2051 2474 —
2093 2433 2304 2502 nidum]
2350 2439 2642 2504 sumptum
2683 2453 2752 2489 ex
2784 2435 2894 2488 ima·

517 2505 651 2574 (59),
694 2507 795 2558 154
819 2523 965 2574 sqq.=
1039 2504 1227 2574 „Quae
1263 2505 1369 2559 tibi
1404 2507 1524 2560 sine
1559 2505 1672 2560 fine

518 2577 653 2644 erit,
701 2576 888 2646 Usque
942 2577 1079 2630 dum
1128 2577 1412 2632 &emulum
1459 2593 1673 2633 movens

517 2648 677 2704 Cana
724 2653 937 2716 tempus
976 2647 1209 2702 anilitas
1246 2648 1449 2703 Omnia
1493 2650 1670 2704 omni·

513 2720 620 2774 bus
676 2718 928 2773 adnuit.“
1005 2717 1315 2774 Masculins
1363 2719 1545 2776 forma
1589 2737 1671 2775 co-

517 2791 685 2845 lumbi
730 2791 1040 2846 necessaria
1093 2790 1393 2846 videbatur
1441 2794 1499 2846 in
1551 2793 1672 2848 loco

521 2862 591 2916 de
636 2861 852 2916 duobus
888 2863 1028 2916 viris
1070 2864 1272 2932 posito.
1348 2863 1566 2918 Deinde
1603 2882 1674 2919 ne

520 2952 588 2989 ex
628 2933 1015 3001 antiquissimo
1061 2935 1181 2990 eod.
1219 2935 1413 2990 Bland.
1456 2941 1512 2990 et
1536 2935 1673 2990 silv.

521 3003 671 3074 apud
718 3005 883 3072 Cruq.
929 3007 1144 3075 pariter
1186 3009 1380 3062 vetulis
1428 3009 1676 3078 notisque

520 3077 777 3132 coluntbis
806 3076 1161 3132 scribendum
1188 3083 1367 3148 putes,
1394 3085 1674 3134 memento

522 3165 893 3275 2325033350
906 3151 1676 3276 ἕὲιῗὲᾅᾞίοῗὲιὲἔέἓέοὲἓ

518 3297 636 3346 tem
674 3292 813 3346 haec
860 3293 1105 3347 varietas
1156 3293 1429 3358 lectionis,
1466 3311 1555 3348 vv.
1593 3310 1675 3348 vc·

522 3365 628 3418 tuli
662 3365 883 3433 notique
926 3365 1159 3419 columbi
1202 3382 1315 3419 non
1350 3383 1512 3435 posse
1550 3383 1676 3421 cum

520 3435 802 3503 Bentleio,
856 3435 1134 3505 Hauptio,
1198 3437 1472 3506 Linkero,
1533 3437 1676 3491 Doe-

522 3506 761 3562 derlinio
775 3548 789 3573 ‚
835 3507 1078 3574 Keller0‚
1128 3507 1471 3578 EcksteiniO,
1530 3510 1676 3563 Krii-

522 3597 674 3663 gem,
742 3596 869 3634 cum
945 3579 1261 3649 insequenti
1322 3599 1487 3635 versu
1549 3597 1676 3636 eon-

526 3651 705 3721 iungi,
758 3655 967 3720 puncto
1021 3657 1148 3721 post
1206 3671 1260 3706 v.
1304 3654 1526 3722 pariter
1580 3669 1676 3722 po-

521 3724 647 3778 sito.
720 3721 841 3778 Iam
878 3739 1003 3778 cum
1048 3724 1295 3779 adnuere
1334 3725 1679 3780 contrarium

520 3796 597 3849 sit
632 3794 907 3864 negandO,
946 3811 1161 3849 comma
1190 3796 1512 3865 ponendum
1549 3799 1679 3864 post

522 3867 661 3921 alter
695 3865 971 3931 duximus,
1018 3872 1083 3921 ut
1127 3866 1265 3922 haec
1307 3867 1439 3922 inde
1475 3867 1680 3921 evadat

521 3938 821 3992 sententia:
852 3937 1119 4008 quicquid
1138 3944 1309 4008 negat
1326 3939 1489 4006 alter,
1506 3939 1678 3992 etiam

520 4010 667 4064 alter
724 4014 910 4080 negat.
1004 4010 1086 4064 Cf.
1132 4009 1358 4066 Sallust.
1412 4011 1530 4064 Cat.
1583 4009 1676 4063 29:

555 4080 715 4134 Idem
752 4082 899 4135 velle
937 4085 1107 4150 atque
1144 4082 1313 4150 nolle,
1350 4099 1415 4137 ea
1452 4082 1680 4136 demum

518 4121 685 4206 i'irma
722 4153 973 4208 amicitia
1009 4154 1146 4208 est.“
1194 4153 1413 4209 Mecum
1450 4170 1678 4209 consen-

520 4225 677 4279 tiunt
712 4223 841 4278 Fea.
891 4224 1129 4280 Meinek.
1168 4223 1424 4280 Lambin.
1471 4225 1678 4280 Ritter.

524 4296 824 4350 Duentzer.
853 4295 1110 4351 Mueller.
1148 4296 1343 4352 Lehrs.
1384 4325 1447 4336 —
1486 4295 1677 4366 vetuli]

527 4367 689 4436 „Adi.
728 4367 943 4421 vetulus
990 4369 1321 4438 plerumque
1371 4385 1501 4423 cum
1535 4367 1680 4422 ludi-

520 4438 649 4491 brio
697 4443 755 4492 et
801 4440 1217 4508 contemptione
1266 4441 1491 4504 dicitur,
1542 4457 1678 4494 non-

525 4508 695 4561 nullis
746 4513 934 4562 autem
976 4511 1037 4563 in
1084 4511 1219 4565 locis
1268 4511 1367 4578 ite,
1412 4515 1479 4565 ut
1524 4516 1680 4565 vetu-

1762 2524 1896 2577 gme
1953 2505 2354 2562 columborum.
2409 2536 2467 2546 -
2523 2505 2755 2574 effertis]
2808 2505 2896 2558 Cic.

1767 2579 1838 2633 ed
1874 2577 2028 2632 Fam.
2055 2577 2154 2646 IX,
2185 2581 2268 2646 14,
2305 2581 2364 2632 l:
2406 2582 2498 2646 „te
2533 2579 2767 2632 summis
2802 2577 2894 2630 lsu·

1765 2651 1929 2704 dibus
1967 2650 2039 2704 ad
2077 2649 2293 2704 caelum
2319 2649 2684 2705 extulerunt!
2721 2647 2896 2713 Bentl„

1765 2722 1994 2791 Haupt„
2041 2721 2300 2790 Meinek„
2351 2721 2646 2790 Krueger„
2702 2720 2896 2780 Ritter.‚

1765 2793 2014 2859 Linker„
2069 2792 2300 2860 Keller„
2355 2792 2641 2848 Eckstein.
2689 2789 2896 2860 simplex

1766 2865 2002 2920 verbum
2053 2864 2472 2934 praetulerunt3
2529 2881 2750 2918 mecum
2793 2879 2895 2917 con·

1767 2937 2016 2992 sentiunt
2073 2936 2343 3004 Mueller„
2398 2935 2614 3004 Lehrs„
2663 2932 2894 2989 Doederl.

1767 3009 1886 3063 Iam
1951 3007 2257 3062 Lambinus
2325 3008 2676 3076 comparavit
2742 3006 2896 3060 Cam.

1765 3079 1860 3148 IV,
1898 3080 1950 3141 2,
1987 3081 2082 3133 23:
2125 3079 2337 3148 „educit
2375 3079 2434 3132 in
2473 3079 2684 3132 astra.“
2721 3107 2789 3117 -
2819 3093 2893 3130 ns·

1765 3168 1911 3206 moro
1947 3149 2204 3220 secundo]
2243 3150 2692 3219 approbantibus
2724 3147 2893 3219 pleris-

1770 3239 1892 3292 que.
1967 3223 2057 3276 Sic
2091 3227 2259 3292 poeta
2303 3222 2454 3291 apud
2493 3222 2814 3276 Ciceronem
2841 3219 2896 3272 de

1768 3293 1955 3348 Divin.
1989 3294 2032 3362 1,
2076 3296 2165 3347 16:
2253 3291 2516 3362 „Solvere
2563 3294 2804 3362 imperat
2833 3307 2896 3344 se-

1769 3364 1952 3420 cundo
2003 3381 2226 3420 rumore
2271 3363 2618 3434 adversaque
2670 3363 2808 3419 avi.“
2845 3389 2894 3400 -—

1769 3435 2089 3506 sacerdotis]
2139 3437 2229 3490 Ab
2276 3437 2346 3490 iis
2397 3436 2495 3505 qui
2551 3452 2712 3490 sacra
2759 3433 2898 3490 facie-

1768 3509 1910 3563 bant
1946 3508 2064 3563 liba
2107 3507 2490 3562 sacerdotibus
2535 3507 2896 3577 relinqueban-

1769 3585 1894 3648 tnr;
1952 3595 2092 3648 quae
2148 3579 2195 3633 si
2253 3580 2420 3648 plura
2481 3583 2664 3632 essent
2683 3619 2700 3645 ,
2757 3591 2896 3646 quam

1771 3652 1972 3721 quibus
2028 3649 2343 3706 sacerdotes
2391 3651 2498 3720 ipsi
2542 3655 2770 3719 possent
2815 3646 2895 3708 uti,

1771 3740 1841 3777 ne
1894 3723 2165 3792 perirent,
2210 3723 2388 3776 servis
2433 3721 2733 3776 dabantur.
2799 3719 2893 3772 Iam

1772 3795 1952 3850 iocose
1989 3791 2224 3865 fingitur
2261 3811 2452 3848 servus
2479 3791 2782 3848 sacerdotis
2813 3789 2892 3844 ali-

1772 3867 1926 3921 cuius
1964 3865 2100 3920 olim
2149 3865 2338 3920 taedio
2375 3863 2620 3919 dulcium
2664 3865 2894 3922 liborum,

1771 3943 1837 3992 ut
1887 3936 2116 3992 tandem
2169 3954 2316 4007 pane
2367 3941 2716 4004 vesceretur,
2763 3931 2890 3989 aufu-

1813 4009 1935 4064 isse.
1989 4039 2053 4048 —
2109 4015 2343 4063 naturae
2374 4005 2769 4075 convenienter]
2805 4005 2892 4058 Cic.

1811 4099 1842 4135 e
1881 4079 1988 4135 off.
2012 4079 2114 4148 111,
2141 4083 2191 4143 3,
2228 4084 2280 4134 7.
2319 4109 2384 4119 —-
2425 4078 2598 4149 domo]
2637 4075 2892 4144 antiquior

1774 4151 1957 4208 forma
1994 4169 2097 4222 pro
2135 4151 2332 4206 domati.
2371 4151 2438 4204 In
2465 4148 2778 4218 insequenti
2802 4147 2874 4201 de-

1773 4225 2077 4293 scriptione
2107 4240 2264 4278 suam
2299 4222 2488 4276 villam
2524 4221 2786 4276 Horatius
2824 4233 2892 4270 re·

1775 4297 2020 4366 spexisse
2071 4295 2311 4350 videtur.
2413 4293 2710 4348 Caniculae
2765 4293 2889 4344 ortua

1775 4372 1898 4422 erat
1923 4385 1974 4422 a.
2004 4368 2058 4422 d.
2083 4365 2232 4421 XIII.
2263 4366 2388 4421 Kal.
2423 4367 2600 4435 Aug.;
2636 4364 2708 4420 de
2739 4363 2890 4418 Leone

1775 4438 1906 4494 vide
1940 4439 2014 4493 ad
2051 4439 2234 4494 Germ.
2259 4437 2359 4505 111,
2383 4437 2472 4498 29,
2515 4437 2598 4490 19.
2639 4435 2718 4490 Cf.
2743 4435 2886 4513 Cerm-

1773 4510 1818 4579 1,
1852 4512 1932 4574 17.
1975 4512 2059 4565 17.
2098 4538 2165 4549 —
2202 4507 2490 4578 momenta]
2531 4507 2602 4563 cf.
2642 4507 2710 4562 ad
2743 4505 2888 4574 Epist-

527 4579 690 4631 statis
744 4580 993 4647 pretium
1046 4581 1253 4635 blanda
1310 4582 1684 4650 appellatione
1769 4581 1814 4650 I,
1866 4584 1916 4648 6,
1966 4585 2016 4637 4.
2069 4609 2142 4620 —
2185 4579 2416 4650 lapillis]
2475 4579 2546 4634 de
2591 4573 2886 4649 pavimenti·
