3092 5059
434 229 559 294 388

1384 221 1883 290 SATIRARUM

537 412 700 488 Nec
753 410 964 510 quod
1017 436 1204 486 avus
1254 409 1400 485 tibi
1445 421 1837 485 maternus
1889 407 2037 482 fuit
2086 421 2319 508 atque
2367 423 2739 509 paternus

539 537 748 614 Olim
805 536 939 636 qui
989 536 1290 632 magnis
1341 534 1777 631 legionibus
1828 534 2383 633 imperitarent,

479 687 505 728 z
541 659 650 735 Ut
697 659 1054 759 plerique
1103 657 1375 756 solent,
1429 683 1618 733 naso
1664 658 2066 758 suspendis
2119 658 2419 734 adunco

540 785 858 881 Ignotos
912 797 998 860 ut
1049 811 1172 860 me
1224 783 1586 860 libertino
1638 793 1861 879 patre
1904 795 2189 858 natum.

545 909 742 986 Cum
792 910 1081 986 referre
1132 935 1392 1006 negas,
1448 907 1657 1007 quali
1710 909 1809 982 sit
1864 908 2193 1007 quisque
2244 923 2564 1008 parente

541 1035 804 1130 NatuS,
861 1034 1042 1110 dum
1097 1035 1514 1133 ingenuus;
1568 1032 1987 1130 persuades
2037 1033 2187 1108 hoe
2236 1035 2381 1110 tibi
2429 1061 2633 1134 vere,

545 1160 748 1235 Ante
796 1172 1249 1261 potestatem
1308 1158 1510 1235 Tulli
1556 1173 1789 1259 atque
1842 1160 2187 1258 ignobile
2240 1185 2566 1258 regnum

462 1321 510 1360 ιο
545 1284 831 1361 Multos
886 1311 1115 1383 saepe
1161 1286 1368 1360 viros
1419 1283 1651 1359 nullis
1698 1285 2115 1360 maioribus
2169 1299 2379 1362 ortos

544 1413 640 1486 Et
689 1411 966 1486 vixisse
1017 1411 1328 1508 probos,
1381 1407 1660 1508 amplis
1712 1423 1791 1485 et
1840 1408 2266 1487 honoribus
2320 1428 2625 1509 auc-tos;

547 1535 839 1614 Contra
890 1534 1333 1629 Laevinum,
1391 1532 1661 1610 Valeri
1710 1559 1974 1631 genus,
2022 1534 2229 1612 unde
2272 1538 2651 1638 superbus

545 1661 1010 1761 Tarquinius
1057 1685 1300 1758 regno
1354 1657 1620 1757 pulsus
1681 1659 1909 1756 fugit,
1963 1659 2188 1736 unius
2241 1663 2428 1736 assis

449 1929 596 1984 enim
643 1929 901 1999 „etiamsi
935 1931 1021 1998 tu,
1065 1929 1268 1998 inquit,
1313 1925 1605 1984 Maecenas

449 2002 700 2056 homines
755 2019 870 2056 non
924 2001 1199 2056 maiorum
1243 2001 1340 2056 sed
1379 2018 1482 2056 sua
1525 2001 1606 2055 di-

529 2075 670 2128 itate
723 2079 874 2129 recte
921 2073 1064 2128 soles
1111 2073 1388 2141 iudicare,
1427 2091 1604 2143 popu-

475 2163 540 2199 us
573 2149 766 2200 tamen
791 2161 966 2218 genus
1003 2150 1062 2200 et
1093 2146 1451 2201 nobilitatem
1489 2163 1606 2201 ma·

451 2219 602 2272 xime
645 2222 888 2286 spectat3
945 2234 1118 2286 quare
1173 2217 1336 2271 stulti
1393 2221 1480 2271 est
1523 2217 1608 2270 ibi

455 2305 572 2344 sese
609 2289 820 2343 inferre
843 2289 942 2342 ubi
973 2291 1359 2358 importunum
1393 2293 1452 2342 et
1474 2289 1606 2342 alie-

451 2377 584 2414 num
624 2361 860 2430 quisque
895 2361 1217 2430 perspiciat.
1271 2359 1609 2429 Exemplum

451 2431 688 2501 praebet
731 2432 932 2486 Tillius
947 2472 960 2499 ‚
1021 2432 1117 2500 qui
1169 2449 1294 2486 cum
1351 2432 1609 2486 omnibus

454 2505 542 2558 sui
588 2503 864 2557 similibus
913 2504 1169 2572 iniquum
1221 2504 1416 2572 populi
1468 2503 1612 2558 iudi-

453 2575 602 2631 cium
647 2576 768 2645 ipse
819 2579 1090 2645 provocat
1135 2591 1314 2642 neque
1371 2575 1609 2629 aliorum

455 2665 514 2702 se
569 2647 826 2716 exemplo
888 2651 1040 2700 recte
1101 2649 1290 2716 potest
1346 2663 1612 2702 excusare

455 2719 531 2788 (v.
568 2718 715 2788 44).“
804 2719 960 2773 Hanc
1013 2719 1332 2788 generalem
1391 2724 1610 2773 senten-

455 2791 596 2844 tiam
635 2791 811 2844 altera
857 2789 1058 2845 deinde
1102 2793 1264 2860 parte
1309 2790 1381 2844 ad
1419 2807 1476 2844 se
1513 2789 1606 2844 ad—

457 2861 630 2916 hibet.
705 2862 992 2916 Immerito
1039 2877 1096 2916 se
1141 2862 1224 2916 ait
1260 2861 1476 2916 invidia
1511 2861 1609 2916 ho·

457 2933 672 2987 minum
733 2934 916 3003 carpi,
975 2950 1124 2988 nunc
1187 2934 1427 2988 maxime
1485 2951 1611 2988 cum

459 3004 770 3058 Maecenati
825 3021 942 3060 sese
983 3021 1097 3058 non
1133 3022 1382 3074 unquam
1419 3006 1614 3060 obtru-

459 3075 610 3130 derit
654 3077 774 3146 ipse
827 3077 924 3132 sed
972 3076 1046 3131 ab
1091 3077 1283 3132 amicis
1335 3093 1611 3132 commen-

461 3147 623 3203 datus
672 3154 906 3217 propter
950 3149 1194 3204 virtutes
1241 3149 1520 3218 placuerit
1556 3153 1615 3204 et

461 3223 689 3273 vocatus
725 3221 946 3274 venerit
977 3223 1049 3288 (v.
1088 3223 1199 3286 64).
1251 3219 1398 3288 Quas
1434 3221 1612 3275 virtu·

460 3294 546 3345 tes
591 3308 716 3345 cum
761 3292 940 3360 patris
999 3292 1241 3361 sapienti
1295 3292 1615 3348 educationi

463 3363 663 3417 debeat
696 3363 774 3432 (v.
797 3365 909 3433 88),
947 3367 1170 3418 tantum
1195 3364 1402 3428 abesse,
1427 3371 1493 3419 ut
1516 3383 1613 3434 pa·

461 3437 682 3488 rentum
721 3451 791 3518 ‘se
837 3435 1064 3505 pudeat,
1107 3442 1173 3488 ut
1219 3454 1291 3491 ne
1333 3436 1613 3491 nobilissi-

458 3522 612 3632 31³5..
639 3507 1617 3650 qisfffiffitssssrssffimsstzs‘zfflffi

462 3665 612 3703 nunc
655 3649 803 3704 effici
847 3651 956 3704 nisi
1003 3652 1288 3706 molestias
1335 3656 1392 3706 et
1435 3667 1615 3720 curas,

463 3736 652 3775 veram
679 3721 1001 3776 libertatem
1025 3740 1138 3776 non
1167 3722 1358 3794 augeri
1381 3723 1478 3777 sed
1515 3724 1615 3776 im·

463 3793 668 3862 minui3
723 3811 874 3848 nunc
927 3811 986 3848 se
1037 3795 1226 3864 parvis
1286 3795 1617 3863 parentibus

467 3869 654 3918 ortum
692 3866 870 3920 multo
906 3866 1098 3920 vivere
1129 3865 1346 3920 felicius
1385 3870 1442 3920 et
1477 3865 1617 3921 libe·

463 3937 581 3990 rius
620 3953 788 4006 quam
839 3936 978 3992 alios
1027 3937 1338 4007 permultos
1389 3937 1618 3991 nobilis-

465 4009 620 4062 simis
645 4009 952 4064 maioribus
986 4009 1268 4064 immerito
1295 4009 1616 4078 superbien-

463 4085 566 4134 tes.
639 4079 860 4150 Scripta
895 4084 980 4134 est
1015 4081 1193 4135 satira
1229 4082 1424 4136 eodem
1471 4099 1617 4136 anno

468 4167 579 4220 quo
645 4153 756 4206 iter
812 4152 1214 4207 Brundisinum
1279 4152 1494 4208 factum
1560 4159 1619 4209 et

469 4223 668 4293 quinta
705 4224 882 4278 satira
919 4225 1232 4293 composita
1273 4229 1374 4279 est.

540 4294 606 4348 V.
648 4297 698 4348 1.
731 4295 1044 4365 Maecenas]
1081 4295 1210 4349 vide
1247 4297 1320 4351 ad
1357 4295 1538 4351 Garm.
1573 4296 1618 4364 1,

473 4369 522 4434 1,
537 4368 584 4419 1.
603 4395 668 4404 —
690 4365 978 4436 Lydorum
1004 4367 1292 4439 quicquid]
1323 4367 1416 4422 Sic
1435 4367 1617 4438 Epod.

469 4440 522 4506 5,
564 4440 606 4490 1.
683 4437 846 4492 Ovid.
882 4438 1016 4493 Met.
1056 4435 1126 4508 X,
1171 4441 1248 4493 18.
1323 4440 1408 4494 De
1443 4439 1619 4508 Lydis

468 4509 598 4564 vide
635 4509 841 4564 Herod.
879 4509 925 4578 Ι,
961 4511 1050 4564 94.
1120 4511 1331 4582 Vergil.
1367 4514 1508 4566 Aen.
1543 4511 1620 4576 11,

469 4577 590 4635 ¹781.
647 4580 798 4642 vm.
845 4582 966 4636 479.
1013 4609 1080 4621 -—
1127 4582 1290 4654 avus]
1340 4583 1619 4639 collectivi

1697 1929 1959 1983 vocabuli
2026 1929 2327 2000 singularis
2408 1945 2677 1984 numerus
2750 1947 2861 2000 pro

1698 2000 1906 2070 plurali
1931 2001 2174 2070 positus3
2209 2001 2299 2054 avi
2316 2001 2466 2055 enim
2486 2001 2715 2056 omnino
2742 2019 2858 2056 ma-

1698 2073 1846 2127 iores
1890 2077 2035 2133 sunt,
2086 2078 2152 2127 ut
2204 2072 2355 2142 apud
2400 2071 2665 2126 Ovidium
2702 2071 2862 2128 Fast.

1699 2142 1771 2208 Π,
1811 2146 1906 2198 8οε
1946 2143 2103 2212 „Hoc
2150 2144 2302 2214 apud
2351 2145 2605 2198 intonsos
2658 2161 2867 2198 nomen

1700 2215 1945 2270 habebat
1970 2216 2153 2270 avos.“
2194 2215 2276 2270 Id.
2302 2216 2438 2270 Met.
2466 2215 2561 2284 IV,
2584 2217 2708 2269 491.
2740 2215 2863 2280 XV,

1700 2289 1825 2341 425.
1838 2289 2132 2357 —maym‘s
2146 2286 2468 2357 leyiomtus]
2480 2287 2613 2341 Sall.
2626 2288 2747 2342 (kt.
2762 2290 2831 2341 58
2850 2309 2865 2341 ε

1703 2358 2150 2429 „Saepenumero
2169 2377 2347 2428 parva
2364 2376 2536 2414 manu
2558 2377 2685 2414 cum
2703 2377 2864 2429 mag-

1702 2432 1789 2484 nis
1826 2431 2140 2501 legionibus
2176 2431 2425 2486 hostium
2450 2429 2867 2486 contendisse.“

1702 2503 1890 2557 Etiam
1914 2503 2062 2572 apud
2082 2501 2311 2557 Livium
2330 2503 2443 2570 x‚5
2465 2503 2701 2572 leqiones
2732 2508 2867 2556 sunt

1702 2575 2092 2641 Etruscorum,
2126 2579 2191 2628 ut
2213 2573 2567 2628 Bruttiorum
2606 2578 2665 2629 et
2686 2573 2864 2628 Luca·

1702 2663 1905 2700 norum
1933 2646 2083 2710 VIII,
2108 2647 2194 2698 24.
2224 2675 2289 2686 —
2328 2643 2731 2715 imperitarent]
2772 2645 2869 2700 Sic

1703 2722 1856 2772 recte
1902 2717 2121 2771 Miiller.
2170 2717 2418 2772 Meinek.
2467 2717 2696 2773 Linker.
2734 2717 2866 2772 Kel-

1704 2789 1831 2857 ler.;
1894 2789 2123 2843 Holder.
2176 2789 2415 2860 Kriiger.
2469 2788 2711 2844 Fritseb.
2766 2789 2869 2842 im·

1702 2861 2020 2931 peritarum,
2048 2861 2333 2915 Eckstein.
2358 2861 2769 2929 imperitarunt.
2799 2891 2863 2899 —

1703 2933 1863 3000 naso]
1900 2931 2015 2987 Sat.
2054 2932 2125 2996 11,
2162 2934 2219 3001 8,
2256 2933 2343 2986 64.
2383 2933 2528 2986 Plin.
2568 2931 2635 2986 N.
2662 2931 2739 2985 H.
2770 2931 2870 3000 XI,

1705 3006 1793 3069 37,
1828 3005 1916 3058 59:
1982 3004 2159 3073 „Novi
2198 3021 2381 3058 mores
2420 3003 2689 3059 subdolae
2736 3004 2865 3058 irri-

1704 3076 1847 3131 sioni
1882 3076 2143 3131 dicavere
2183 3075 2433 3131 nasum.“
2486 3076 2637 3131 Pers.
2680 3079 2729 3141 1,
2771 3078 2867 3129 41:

1709 3147 1930 3216 „Rides,
1977 3147 2077 3215 ait,
2124 3151 2183 3202 et
2216 3147 2385 3202 nimis
2424 3147 2581 3202 uncis
2618 3147 2867 3202 Naribus

1704 3219 2016 3290 indulges.“
2052 3218 2189 3272 ibid.
2216 3221 2341 3273 118:
2385 3235 2651 3288 „excusso
2687 3235 2871 3289 popu-

1707 3292 1823 3345 lum
1860 3291 2196 3360 suspendere
2233 3289 2423 3346 naso.“
2463 3319 2526 3330 -—
2571 3291 2867 3360 ingenuus]

1706 3361 1858 3417 Suet.
1898 3361 2090 3417 Octav.
2132 3363 2225 3417 74:
2272 3361 2567 3432 „Valerius
2602 3361 2871 3417 Messalla

1706 3433 1900 3497 tradit,
1951 3435 2231 3488 neminem
2272 3451 2523 3503 unquam
2572 3433 2871 3489 libertino-

1706 3523 1832 3560 rum
1881 3505 2200 3561 adhibitum
2250 3506 2323 3561 ab
2368 3509 2626 3577 Augusto
2684 3523 2875 3573 cenae,

1708 3582 1939 3648 excepto
1985 3578 2155 3633 Mena
2198 3577 2297 3632 sed
2338 3583 2551 3634 asserto
2604 3578 2663 3631 in
2713 3578 2871 3650 inge—

1706 3650 2033 3704 nuitatem.“
2106 3649 2253 3704 Vide
2288 3667 2459 3720 supra
2492 3667 2547 3720 p.
2580 3651 2605 3702 1
2649 3649 2781 3704 adn.
2818 3652 2875 3702 4.

1712 3751 1778 3761 —-
1820 3721 1983 3790 Mi]
2020 3721 2200 3776 Servii
2236 3720 2428 3786 Tullii,
2478 3721 2548 3775 de
2596 3737 2709 3790 quo
2746 3721 2873 3775 Liv.

1708 3793 1804 3862 IV,
1840 3795 1889 3848 3.
1933 3822 1999 3832 —
2049 3793 2377 3864 Laevinum]
2428 3793 2572 3861 „Hic
2607 3793 2671 3846 P.
2710 3792 2873 3847 Vale·

1708 3867 1827 3919 rius
1882 3863 2163 3920 Laevinus
2214 3864 2353 3918 adeo
2402 3863 2583 3919 foedis
2629 3882 2697 3920 ac
2742 3881 2875 3934 pro-

1710 3937 1869 3992 iectis
1894 3938 1957 3990 in
1990 3953 2208 3991 omnem
2246 3936 2661 4006 turpitudinem
2698 3937 2873 3990 mori·

1708 4008 1813 4063 bus
1860 4008 2023 4076 vixit,
2070 4012 2139 4062 ut
2180 4008 2417 4078 provehi
2466 4025 2581 4062 non
2616 4009 2875 4076 potuerit

1710 4081 1864 4135 ultra
1888 4083 2225 4149 quaesturae
2248 4079 2305 4133 di
2388 4079 2641 4134 itatem.“
2684 4079 2869 4134 Schol.

1712 4181 1780 4192 —
1818 4149 1961 4206 unde
2022 4152 2153 4206 vide
2191 4150 2263 4205 ad
2344 4169 2481 4206 arm.
2506 4151 2693 4220 11.12,
2718 4152 2773 4205 7.
2804 4179 2871 4191 -

1707 4225 1904 4293 pulsus
1980 4224 2121 4294 κρῆ]
2176 4222 2267 4277 Sic
2308 4223 2367 4276 in
2413 4223 2641 4292 optimis
2694 4222 2877 4290 codd„

1710 4297 1772 4349 in
1818 4295 1943 4349 aliis
1986 4295 2114 4362 fuit.
2188 4295 2272 4349 De
2314 4295 2413 4350 illo
2460 4299 2615 4349 recte
2648 4293 2871 4350 Madvi-

1712 4367 1861 4438 gius:
1900 4371 2095 4436 „patet
2110 4365 2413 4421 Horatium
2450 4365 2685 4421 liberius
2712 4383 2873 4435 prae-

1712 4439 1857 4493 senti
1894 4439 2164 4493 histcrico
2205 4439 2311 4502 uti,
2346 4455 2459 4492 non
2498 4437 2559 4491 in
2604 4438 2879 4492 continua

1714 4515 1771 4566 et
1808 4510 2044 4566 incitata
2086 4511 2433 4578 narratione,
2482 4509 2579 4564 sed
2618 4510 2677 4563 in
2712 4509 2879 4566 brevi

1714 4582 1797 4636 rei
1815 4582 2158 4651 praeteritae
2185 4580 2595 4652 significatione
2616 4597 2721 4650 per
2742 4599 2875 4652 pro·
