3092 5059
443 216 566 281 128
642 304 654 311 ·

1419 208 1881 280 CARMINUM

758 431 809 472 ιιι
944 400 1055 477 Te
1111 426 1372 477 rursus
1425 400 1506 475 in
1559 397 1851 474 bellum
1900 398 2306 475 resorbens

1041 525 1270 603 Unda
1324 524 1544 601 fretis
1596 521 1775 599 tulit
1822 522 2219 599 aestuosis.

841 676 1050 773 Ergo
1107 673 1537 773 obligatam
1588 670 1833 749 redde
1880 670 2053 747 Iovi
2104 671 2407 772 dapem,

842 817 1275 916 Longaque
1327 816 1615 893 fessum
1667 812 1943 889 militia
1988 813 2187 889 latus

945 942 1266 1042 Depone
1314 940 1456 1016 sub
1510 939 1735 1016 lauru
1786 963 1958 1015 mea
2012 964 2160 1016 nec

759 1103 812 1143 ιο
1046 1066 1284 1143 Parce
1337 1065 1549 1142 cadis
1592 1065 1734 1140 tibi
1784 1064 2201 1140 destinatis.

845 1214 1250 1293 Oblivioso
1304 1214 1506 1291 levia
1550 1214 1871 1291 Massico

845 1339 1163 1417 Ciboria
1212 1340 1460 1441 exple,
1509 1339 1752 1416 funde
1808 1341 2213 1439 capacibus

944 1465 1362 1565 Unguenta
1413 1464 1513 1541 de
1562 1465 1901 1541 conchis.
1992 1463 2391 1559 Quis-udo

1039 1592 1579 1690 Deproperare
1630 1593 1810 1693 apio
1866 1616 2185 1668 coronas

763 1775 816 1816 ιε
851 1742 1186 1820 Curatve
1236 1754 1486 1840 myrto
1503 1744 1540 1817 ⁴?
1647 1740 1891 1835 Quem
1952 1740 2215 1817 Venus
2274 1740 2649 1816 arbitrum

449 1987 644 2042 ricam.
689 1984 757 2039 Il.
793 1981 894 2051 ΙΙΙ,
932 1983 1053 2036 380.
1093 1980 1159 2049 V,
1199 1981 1284 2034 23.
1323 1981 1444 2035 344.
1479 1978 1603 2044 XX,

449 2060 576 2113 325.
650 2058 716 2111 In
760 2054 1123 2125 sequentibus
1170 2051 1385 2107 duobus
1428 2052 1606 2105 versi-

453 2131 560 2186 bus
614 2129 802 2197 imago
848 2132 932 2180 est
979 2144 1013 2180 a
1061 2122 1357 2195 naufragio
1406 2122 1606 2191 petita,

454 2203 539 2256 ita
562 2205 770 2266 tamen,
797 2202 861 2251 ut
877 2198 1051 2251 tacite
1071 2194 1421 2266 significetur
1441 2193 1604 2248 Pom-

453 2275 647 2343 peium
683 2286 860 2341 prope
897 2268 1138 2321 invitum
1177 2267 1251 2321 ad
1277 2266 1605 2320 continuan-

457 2346 594 2399 dum
617 2342 828 2397 bellum
854 2344 1098 2394 tractum
1125 2339 1313 2392 fuisse.
1333 2366 1396 2377 -
1421 2336 1601 2406 Ergo]

454 2414 743 2471 Sententia
794 2412 875 2467 sic
917 2410 1201 2465 cohaeret:
1252 2409 1340 2464 Ex
1402 2408 1606 2477 quibus

454 2486 716 2541 fluctibus
753 2501 879 2538 cum
915 2488 978 2536 tu
1028 2498 1248 2551 quoque
1291 2498 1442 2535 nnnc
1487 2496 1604 2534 ere-

453 2563 586 2629 ptus
623 2558 716 2625 sis,
756 2555 1002 2624 primum
1039 2552 1147 2607 diis
1181 2553 1396 2624 gratias
1431 2551 1606 2605 redde

455 2630 689 2689 debitas.
726 2626 928 2681 deinde
949 2642 1168 2679 mecum
1195 2625 1346 2679 vitae
1373 2628 1430 2677 et
1468 2622 1605 2676 ami-

456 2702 624 2756 citiae
661 2699 852 2753 fruere
872 2696 1110 2768 gaudiis.
1154 2695 1306 2765 Eryo
1325 2694 1605 2764 particula

456 2772 643 2827 subito
694 2770 938 2839 quodam
993 2773 1050 2822 et
1105 2768 1279 2836 lyrico
1325 2772 1481 2820 motu
1530 2765 1605 2820 ad

457 2844 682 2898 initium
709 2841 972 2895 carminis
1000 2840 1160 2908 quasi
1189 2838 1408 2893 reducit
1440 2835 1606 2891 amici

457 2916 722 2971 animum.
745 2942 818 2953 —
853 2910 1178 2980 obliyatam]
1225 2908 1335 2977 Qui
1381 2927 1450 2963 ex
1487 2926 1603 2961 ma-

459 2987 585 3058 gnis
624 2984 888 3055 periculis
925 2982 1157 3037 deorum
1198 2980 1467 3036 beneficio
1498 2980 1603 3033 eri-

454 3060 630 3129 pitur,
650 3058 698 3111 is
715 3060 948 3126 propter
977 3054 1037 3108 id
1065 3054 1264 3123 ipsum,
1295 3052 1342 3106 si
1379 3050 1606 3121 quidem

455 3136 540 3185 est
647 3134 738 3183 ato
767 3127 970 3193 anim0,
1000 3126 1120 3180 voti
1151 3125 1308 3193 quasi
1340 3141 1466 3178 reus
1497 3128 1603 3184 est,

456 3202 527 3257 cf.
609 3218 747 3256 arm.
783 3198 857 3266 11,
893 3200 946 3265 8,
983 3201 1032 3253 5.
1079 3226 1144 3236 —
1184 3194 1369 3265 lauru]
1406 3195 1607 3248 Altera

455 3272 696 3329 ablativi
733 3270 916 3325 forma
941 3270 1098 3323 lauro
1125 3268 1276 3336 apud
1305 3266 1604 3321 Horatium

453 3350 540 3401 est
566 3346 746 3397 Carm.
779 3340 878 3402 111,
907 3342 992 3405 30,
1020 3342 1102 3394 16.
1143 3340 1225 3393 ibi
1247 3340 1397 3394 enim
1433 3338 1605 3392 arbor

453 3414 820 3487 significatur,
861 3429 972 3466 non
1009 3428 1216 3466 corona
1248 3412 1453 3465 laurea.
1521 3408 1605 3463 Ne

455 3489 563 3542 hoc
607 3484 832 3555 quidem
876 3484 995 3537 sine
1041 3486 1312 3553 εἰρωνείᾳ;
1366 3486 1606 3550 uterque

457 3560 514 3613 in
561 3557 712 3613 bello
760 3557 982 3610 laurum
1027 3554 1064 3609 i.
1111 3572 1157 3608 e.
1207 3553 1448 3624 gloriam
1493 3552 1605 3606 sibi

455 3646 658 3701 parare
695 3628 1004 3693 studuerat,
1043 3625 1139 3679 sed
1161 3624 1388 3679 frustra.
1425 3623 1603 3679 Hora-

457 3703 568 3757 tius
624 3704 810 3754 autem
868 3698 1035 3753 aliam
1083 3698 1144 3751 in
1192 3713 1330 3766 pace
1377 3700 1434 3750 et
1486 3695 1603 3749 otio

458 3774 778 3828 litterarum
815 3769 1014 3825 studiis
1049 3768 1358 3823 invenerat.
1401 3796 1468 3805 —
1505 3782 1604 3821 nec

455 3844 637 3915 parce]
679 3842 809 3897 vide
845 3841 918 3895 ad
959 3840 1139 3895 Carm.
1177 3838 1221 3905 1,
1263 3843 1346 3904 11,
1383 3840 1431 3892 2.

528 3915 593 3968 V.
633 3916 720 3967 21.
759 3911 1054 3980 oblivioso]
1099 3911 1250 3980 quod
1293 3911 1601 3994 aegritudi-

456 4005 594 4042 num
631 4001 893 4041 curarum
944 3984 1218 4037 malorum
1263 3982 1605 4037 oblivionem

457 4058 644 4114 adfert
680 4062 738 4112 et
784 4055 1084 4111 demissum
1121 4056 1367 4110 animum
1417 4054 1603 4125 erigit.

461 4160 528 4171 -—
583 4127 742 4198 levia]
797 4144 911 4181 non
967 4126 1060 4195 „in
1123 4132 1280 4181 tuum
1335 4126 1605 4181 honorem

457 4204 680 4258 detersa
723 4217 790 4255 ac
824 4198 1037 4269 polita“
1085 4216 1216 4253 nam
1259 4199 1420 4253 decet
1465 4216 1606 4252 sem·

457 4292 562 4343 per
605 4272 820 4327 ciboria
871 4286 988 4323 esse
1032 4269 1193 4325 levia.
1244 4298 1309 4308 -
1357 4268 1603 4338 Cffloria]

460 4344 656 4399 Poculi
711 4360 884 4414 genus
938 4341 1094 4395 cuius
1159 4340 1418 4410 superior
1469 4358 1602 4410 pars

459 4417 592 4483 lata,
631 4414 866 4469 inferior
917 4418 1154 4483 angusta
1199 4418 1338 4480 erat,
1384 4414 1444 4465 in
1486 4430 1604 4467 mo-

462 4488 596 4542 dum
633 4486 796 4540 fabae
832 4485 1160 4555 Aegyptiae,
1198 4500 1341 4553 quae
1391 4484 1603 4539 coloca-

461 4560 544 4613 sia
568 4574 610 4612 s.
637 4573 860 4625 cyamus
885 4554 1206 4610 vocabatur.
1247 4554 1382 4608 Fuit
1415 4560 1604 4611 autem

1700 1980 1807 2035 hoc
1841 1998 2017 2051 genus
2054 1980 2336 2051 capacius;
2384 1984 2440 2034 et
2476 1979 2535 2034 in
2575 1980 2682 2034 tali
2722 1998 2856 2037 eon·

1702 2052 1855 2107 vivio
1894 2052 2114 2107 laetitia
2140 2051 2392 2107 cernitur
2417 2051 2475 2105 in
2506 2051 2863 2107 abundantia

1703 2124 2859 2265 lssd'ssuioffcffl‘ssffogssssngg'ssssffiffl'

1704 2267 2033 2334 Asyndeton
2072 2267 2242 2333 exple,
2276 2264 2445 2332 funde
2488 2266 2561 2319 ad
2604 2268 2861 2321 animum

1700 2338 2019 2393 festinantis
2072 2354 2251 2407 neque
2304 2353 2521 2391 moram
2580 2339 2862 2406 patientis

1701 2410 2203 2476 accommodatum3
2252 2407 2385 2462 huic
2418 2409 2502 2463 rei
2540 2426 2859 2480 congruum

1703 2485 1789 2535 est
1824 2481 2165 2549 subsequens
2202 2479 2435 2533 verbum
2476 2479 2861 2551 deproperare.

1704 2551 1954 2622 Simplex
1976 2552 2209 2605 verbum
2230 2550 2423 2605 eadem
2444 2550 2865 2622 significatione

1706 2623 1885 2678 Carm.
1944 2623 2047 2690 111,
2104 2625 2191 2689 24,
2246 2623 2331 2675 62.
2404 2622 2587 2692 Epod.
2640 2626 2727 2693 12,
2766 2628 2862 2680 22.

1706 2696 1888 2764 Epist.
1926 2696 1971 2762 Ι,
2008 2697 2057 2760 3,
2108 2695 2195 2752 28.
2241 2693 2393 2762 quod
2439 2711 2565 2749 cum
2610 2712 2714 2750 sua
2758 2715 2861 2751 na-

1704 2772 1835 2821 tura
1869 2768 2251 2821 accusativum
2288 2764 2496 2820 obiecti
2528 2784 2643 2820 non
2675 2770 2865 2837 patia-

1702 2841 1815 2906 tur,
1840 2843 2031 2893 tamen
2056 2838 2128 2892 ad
2148 2836 2463 2907 exemplum
2484 2838 2672 2908 graeci
2694 2840 2865 2895 verbi

1702 2903 1967 2965 σπεύδειν
2002 2910 2075 2963 ad
2112 2907 2416 2963 festinandi
2454 2910 2743 2965 notionem
2780 2912 2865 2965 al-

1702 2986 1881 3036 teram
1918 2982 2121 3052 agendi
2167 2980 2405 3035 asciscit.
2453 2980 2863 3038 Festinationis

1700 3070 1833 3107 vero
1869 3054 2027 3109 notio
2062 3052 2259 3107 addita
2324 3052 2564 3108 articula
2590 3053 2655 3107 de
2680 3054 2863 3109 etiam

1702 3129 1956 3195 augetur.
2006 3154 2072 3165 ——
2120 3123 2249 3193 udo]
2324 3123 2463 3195 ὀι-ς.
2511 3124 2713 3209 Georg.
2758 3126 2863 3195 IV,

1704 3198 1803 3249 121
1846 3196 2087 3265 „virides
2124 3196 2253 3265 apio
2292 3194 2499 3265 ripae.“
2570 3199 2719 3266 Apio
2758 3215 2861 3267 pa·

1702 3268 1869 3323 lustri
1920 3268 1981 3321 in
2036 3266 2325 3321 nectendis
2381 3268 2599 3323 coronis
2648 3270 2863 3339 saepis·

1705 3340 1843 3394 sime
1880 3339 2202 3394 utebantur.
2238 3338 2309 3393 cf.
2350 3339 2532 3394 Carm.
2570 3340 2616 3406 Ι,
2648 3343 2737 3409 36,
2771 3342 2861 3395 16.

1698 3409 1793 3475 IV,
1826 3414 1911 3479 11,
1938 3414 1989 3465 3.
2028 3409 2166 3464 Inde
2209 3410 2360 3481 apud
2398 3410 2679 3466 Theocrit.
2706 3412 2759 3481 7,
2786 3414 2865 3468 68

1699 3478 2151 3555 „nolvymipaurcp
2206 3500 2264 3536 τε
2332 3483 2581 3553 σελίνῳ.“
2643 3513 2709 3523 -
2766 3500 2863 3539 cu·

1699 3550 1877 3623 ratus]
1923 3553 2245 3610 Particulae
2294 3570 2413 3624 que,
2455 3570 2531 3621 ve,
2579 3570 2647 3609 ne
2690 3571 2863 3625 saepe

1700 3644 1813 3679 non
1870 3627 1923 3680 ei
1976 3625 2251 3681 vocabulo
2309 3625 2615 3681 adhaerere
2662 3626 2863 3681 viden-

1700 3702 1796 3751 tur
1823 3698 1975 3766 quod
2000 3697 2385 3767 superioribus
2412 3697 2657 3751 additur.
2694 3696 2865 3765 Quod

1699 3786 1771 3824 ne
1828 3786 1957 3823 casu
2008 3769 2097 3824 vel
2152 3770 2319 3825 metri
2372 3770 2592 3823 ratione
2642 3768 2863 3824 factum

1698 3841 1908 3909 credas,
1928 3842 2009 3895 sic
2026 3841 2130 3895 tibi
2150 3840 2442 3912 persuade,
2457 3844 2650 3909 poetas
2676 3845 2864 3895 trans·

1698 3912 1885 3981 posita
1916 3914 2195 3983 particula
2227 3916 2285 3968 et
2310 3912 2577 3966 maiorem
2610 3912 2727 3966 vim
2760 3914 2853 3967 vel

1701 3984 1920 4053 pondus
1976 3984 2203 4053 aliquod
2250 3982 2531 4038 addidisse
2586 3983 2637 4038 ei
2692 4000 2863 4039 voca-

1704 4056 1836 4110 bulo
1898 4056 1988 4111 cui
2034 4056 2133 4111 illa
2179 4055 2463 4116 adhaeret,
2518 4060 2575 4110 et
2618 4057 2861 4125 speeiem

1703 4127 1950 4196 aliquam
1986 4126 2231 4183 effecisse
2272 4127 2705 4183 constructionis
2742 4122 2863 4182 ἀπὸ

1707 4198 1911 4265 κοινοῦ,
1934 4198 2201 4253 nimirum
2226 4205 2291 4255 ut
2315 4214 2489 4253 unum
2524 4197 2861 4253 vocabulum

1702 4270 1987 4338 utrimque
2020 4272 2361 4326 traheretur.
2396 4268 2673 4338 Exempla
2700 4276 2863 4325 sunt:

1706 4341 1887 4395 Carm-
1914 4341 1960 4401 1.
1984 4344 2074 4409 30,
2098 4341 2248 4411 6.11,
2290 4344 2375 4407 17,
2419 4342 2497 4393 16.
2536 4340 2609 4408 11,
2652 4343 2735 4410 19,
2772 4344 2863 4397 32.

1707 4413 1821 4468 Sat.
1847 4412 1891 4481 Ι,
1918 4416 1970 4481 4,
2000 4415 2120 4467 115.
2150 4412 2225 4481 11,
2268 4417 2316 4481 1,
2350 4414 2436 4466 68.
2472 4411 2519 4479 1,
2555 4415 2605 4477 6,
2644 4416 2731 4468 43.
2770 4414 2863 4467 44.

1704 4485 1777 4553 11,
1809 4486 1860 4550 3,
1894 4486 2011 4539 182.
2042 4485 2156 4539 Sat.
2182 4484 2228 4553 Ι,
2254 4485 2307 4552 8,
2332 4486 2381 4539 2.
2403 4484 2449 4553 1,
2473 4485 2527 4552 2,
2551 4486 2639 4537 63.
2678 4484 2865 4553 Epod.

1711 4560 1762 4621 2,
1800 4558 1887 4610 50.
1929 4555 2045 4611 Sat.
2084 4554 2157 4625 H,
2194 4558 2248 4623 3,
2289 4554 2405 4610 189.
2453 4554 2567 4610 180.
