3092 5059
411 228 539 295 &M

1424 232 1781 303 EPODON

518 418 768 510 Quam
821 446 1073 520 neque
1121 420 1426 497 finitimi
1482 422 1891 499 valuerunt
1932 422 2263 523 perdere
2312 424 2549 500 Marsi

613 546 937 622 Minacis
991 559 1123 622 aut
1166 547 1490 623 Etrusca
1537 548 1925 625 Porsenae
1974 574 2269 645 manus,

456 699 485 740 s
521 668 854 747 Aemula
904 697 1048 748 nec
1101 674 1342 747 virtus
1397 674 1711 770 Capuae
1766 698 1909 749 nec
1960 669 2366 773 Spartacus
2422 697 2598 749 acer

613 797 1008 897 Novisque
1059 798 1291 874 rebus
1345 796 1681 874 infidelis
1728 796 2137 894 Allobrox,

513 920 674 998 Neo
726 922 892 999 fera
945 922 1300 999 caerulea
1353 922 1653 998 domuit
1700 921 2122 1001 Germania
2172 924 2379 1021 pube

610 1047 1223 1148 Parentibusque
1272 1048 1759 1124 abominatus
1807 1046 2228 1146 Hannibal,

511 1172 764 1274 Impia
812 1172 1228 1270 perdemus
1282 1173 1542 1249 devoti
1588 1174 1991 1277 ¹sanguinis
2022 1186 2273 1271 aetas,

429 1332 480 1371 ιο
613 1298 983 1398 Ferisque
1033 1326 1295 1375 rursus
1343 1298 1845 1395 occupabitur
1897 1297 2171 1375 solum.

509 1424 892 1500 Barbarus
944 1424 1096 1500 heu
1149 1424 1442 1500 cineres
1497 1424 1801 1499 insistet
1853 1424 2095 1500 victor
2147 1437 2223 1501 et
2274 1425 2569 1504 Urbem

607 1549 859 1649 Eques
913 1563 1232 1627 sonante
1283 1549 1726 1625 verberabit
1773 1551 2086 1647 ungula,

513 1673 886 1775 Quaeque
932 1686 1194 1752 carent
1245 1675 1490 1751 ventis
1550 1687 1627 1750 et
1672 1674 1962 1751 solibus
2016 1700 2189 1751 ossa
2242 1674 2568 1774 Quirini,

611 1800 848 1878 Nefas
901 1800 1205 1877 videre!
1253 1798 1663 1900 dissipabit
1711 1801 2071 1878 insolens.

407 2014 580 2065 ment.
620 2010 784 2079 Cruq.
827 2008 1184 2066 consumitur.
1235 2036 1300 2048 -
1353 2009 1473 2063 auis
1509 2014 1563 2064 et

405 2081 552 2152 Ψεα]
589 2082 655 2135 Ιιι
669 2082 940 2166 pedestri
985 2080 1240 2136 orat-ione
1293 2082 1561 2136 scribere-

406 2168 530 2207 mus
589 2154 708 2208 suis
753 2154 935 2223 ipsius
978 2154 1227 2220 virt'bus3
1299 2158 1352 2207 et
1410 2156 1559 2223 part.

406 2226 720 2295 postposita
763 2230 866 2279 est.
947 2224 1017 2279 cf.
1067 2223 1156 2293 Ep
1159 2193 1249 2278 od.
1303 2225 1353 2293 7,
1405 2227 1438 2277 9
1475 2241 1562 2294 sq.

406 2297 707 2367 Augustin.
747 2296 816 2351 de
855 2296 911 2351 C.
947 2296 1016 2350 D.
1059 2298 1143 2364 18,
1181 2298 1279 2349 45.
1344 2296 1561 2365 „Roma

405 2367 520 2422 late
581 2369 708 2423 orbi
747 2374 1040 2451 ‘terrarum
1101 2368 1380 2437 imperans
1435 2372 1558 2422 tan-

407 2455 576 2507 quam
628 2457 688 2495 se
743 2439 922 2509 ipsam
981 2439 1130 2493 ferre
1191 2456 1305 2493 non
1367 2439 1559 2494 valens

405 2527 506 2564 sua
569 2528 627 2567 se
685 2510 1096 2582 quodammodo
1169 2510 1559 2595 magnitudine

405 2581 708 2653 fregeratf‘
781 2582 1054 2637 Similiter
1100 2582 1327 2652 scripsit
1362 2583 1557 2637 Livius

404 2652 644 2719 V1,19=
709 2659 809 2722 ,,ιιι
843 2654 958 2708 suis
1006 2655 1124 2723 ipse
1175 2658 1438 2709 oneratus
1473 2656 1558 2709 vi-

403 2692 560 2779 rib'us
596 2694 780 2780 ruat.“
821 2754 883 2764 -
923 2726 1134 2795 Maras]
1161 2724 1336 2779 Trina
1371 2727 1432 2779 in
1467 2726 1557 2781 his

405 2797 658 2851 versibus
707 2796 1058 2852 diversorum
1101 2798 1348 2851 hostium
1398 2798 1557 2866 quasi

406 2869 678 2938 quaedam
716 2873 900 2923 castra
937 2870 1253 2937 coniuncta,
1291 2867 1556 2923 disticho-

405 2955 533 2993 rum
569 2940 752 3009 spatio
788 2940 938 2995 inter
975 2958 1033 2995 se
1070 2940 1265 2995 divisa.
1339 2939 1406 2994 In
1445 2958 1557 3009 qua

405 3028 468 3065 re
514 3012 664 3081 quod
711 3012 1116 3067 diversissimas
1164 3028 1413 3081 quasque
1459 3030 1557 3066 na·

403 3082 584 3137 tiones
623 3083 916 3139 coniunxit
960 3088 1143 3153 poeta,
1191 3084 1250 3137 id
1301 3084 1555 3139 consulto

403 3152 617 3210 factum
661 3160 826 3225 puto,
883 3156 1152 3210 nimirum
1207 3172 1318 3225 quo
1374 3156 1557 3226 magis

401 3230 625 3295 pateret
677 3196 826 3280 nihil’
879 3244 1124 3311 unquam
1183 3226 1354 3282 fuisse
1404 3227 1555 3297 quod

403 3296 716 3352 Romanam
740 3302 1072 3368 potestatem
1102 3299 1432 3354 imminuere
1458 3316 1553 3369 po-

401 3370 616 3425 tuisset.
688 3368 808 3423 Iam
843 3369 1016 3425 habes
1049 3371 1219 3425 etiam
1257 3388 1356 3426 cur
1393 3390 1482 3426 vv.
1517 3372 1555 3425 6

402 3444 459 3494 et
506 3442 541 3494 8
594 3458 708 3495 non
749 3440 1012 3496 videatur
1065 3444 1438 3497 necessarium
1487 3443 1553 3496 li·

399 3511 632 3566 brorum
688 3514 1025 3581 particulam
1074 3530 1176 3583 que
1219 3514 1280 3569 in
1323 3530 1384 3570 ve
1431 3532 1553 3568 mu-

399 3586 538 3637 tare.
597 3614 662 3622 —
725 3584 769 3639 C
767 3586 964 3655 apum]
1014 3585 1123 3640 Cic.
1171 3586 1240 3641 de
1285 3586 1393 3655 leg.
1431 3604 1552 3657 agr.

399 3654 473 3721 11,
509 3656 606 3709 32.
658 3600 947 3724 ,Maiores
985 3662 1100 3711 tres
1147 3658 1326 3712 solum
1383 3657 1549 3712 urbes

401 3724 461 3779 in
485 3727 654 3780 terris
693 3729 970 3798 omnibus,
995 3727 1420 3801 Karthaginem,
1449 3730 1551 3783 Co-

399 3797 670 3868 rinthum,
724 3800 972 3884 Capuam
1021 3805 1340 3856 statuerunt
1390 3816 1551 3868 posse

399 3869 624 3939 imperii
669 3872 1032 4027 ςιἹὲΞιένθιιι]
1045 3890 1138 3997 ⁸3·
1142 3890 1349 3998 ἓοιιᾶοιι
1386 3872 1549 3926 susti-

399 3942 584 3996 nere.“
635 3972 702 3982 —
939 3960 1012 3999 0oe
1121 3962 1140 3997 1
1181 3960 1250 3998 en
1291 3962 1324 3998 a
1359 3960 1551 3997 neces-

399 4014 548 4067 sario
597 4013 908 4069 coniuratio
956 4016 1286 4070 Catilinaria
1333 4018 1390 4069 et
1435 4014 1547 4069 bel·

397 4084 517 4138 lum
572 4086 721 4155 quod
775 4104 898 4141 eam
953 4091 1206 4141 secutum
1261 4092 1361 4142 est.
1435 4085 1546 4141 Cic.

399 4154 469 4210 de
508 4158 1168 4227 prov-cons.13:„.C
1213 4158 1546 4229 Pomptinus

397 4232 586 4281 ortum
631 4235 862 4300 repente
906 4230 1119 4284 bellum
1174 4230 1549 4313 Allobrogum

398 4302 567 4368 atque
638 4300 745 4357 hac
821 4303 1091 4357 scelerata
1163 4302 1551 4358 coniuratione

397 4370 722 4453 (Catilinae)
781 4374 1085 4428 excitatum
1144 4374 1374 4443 proeliis
1437 4374 1549 4430 fre-

396 4442 486 4512 git
524 4460 726 4512 eosque
761 4443 981 4499 domuit
1015 4444 1112 4514 qui
1135 4446 1547 4501 lacessierant.“

398 4512 732 4583 Allobroges
769 4514 916 4569 Galli
965 4520 1143 4587 erant,
1192 4518 1262 4573 de
1308 4534 1546 4603 quorum

398 4600 672 4639 novarum
727 4604 916 4641 rerum
971 4588 1158 4645 studio
1210 4591 1549 4646 certissimus

1657 2007 1809 2065 locus
1857 2014 1943 2065 est
1993 2010 2144 2065 Caes.
2183 2010 2247 2064 B.
2288 2010 2352 2065 G.
2394 2009 2489 2078 IV,
2527 2011 2577 2063 5.
2653 2008 2809 2065 Cete-

1656 2099 1783 2136 rum
1830 2082 2139 2167 singularis
2184 2081 2453 2137 Allobrox
2504 2098 2619 2137 non
2671 2081 2808 2152 legi-

1654 2157 1750 2207 tm·
1784 2154 1895 2207 nisi
1932 2154 1991 2208 in
2038 2158 2335 2223 poetarum
2371 2152 2549 2207 libris.
2586 2182 2653 2193 -
2690 2168 2807 2207 eae·

1651 2224 1829 2293 malea]
1869 2225 2045 2281 Tacit.
2090 2226 2274 2280 Germ.
2312 2227 2348 2279 4
2394 2225 2467 2279 de
2504 2224 2807 2279 Germano·

1652 2313 1779 2350 rum
1825 2296 2024 2352 habitu
2081 2314 2407 2367 corporum.
2472 2302 2695 2365 „truces
2744 2300 2806 2351 et

1652 2368 1891 2422 caerulei
1924 2369 2081 2435 oculi,
2120 2370 2327 2424 rutilae
2362 2385 2573 2435 comae,
2600 2384 2807 2439 magna

1652 2456 1889 2509 corpora
1926 2447 1985 2495 et
2019 2445 2242 2495 tantum
2286 2440 2359 2495 ad
2394 2440 2668 2510 impetum
2712 2456 2804 2494 va·

1650 2510 1819 2566 lida.“
1856 2542 1929 2553 —
1955 2511 2307 2582 parentibus]
2352 2511 2661 2566 maioribus
2708 2528 2808 2565 no·

1650 2584 1801 2637 stris.
1878 2583 2112 2651 Qualem
2150 2583 2391 2639 Romani
2427 2582 2805 2638 Hannibalem

1650 2656 2041 2737 cogitaverint,
2079 2674 2148 2710 ex
2174 2656 2281 2711 hoo
2318 2655 2441 2710 loco
2468 2654 2709 2710 Senecae
2732 2655 2805 2709 de

1648 2726 1737 2781 ira
1790 2726 1861 2791 11,
1920 2730 1955 2781 5
2007 2727 2331 2798 intellegas.
2395 2726 2803 2795 „Hannibalem

1650 2798 1811 2851 aiunt
1845 2798 2073 2863 dixisse,
2110 2816 2238 2854 cum
2283 2798 2491 2853 fossam
2532 2798 2805 2869 sanguine

1649 2868 1891 2925 humano
1932 2871 2157 2940 plenam
2200 2870 2459 2925 vidisset.
2510 2888 2545 2925 o
2594 2869 2803 2925 formo·

1648 2944 2186 3081 ffifflffffi‘ssffigff
2199 2941 2803 3097 '..Q¹1²12¹¹.¹{2„¹’¹;¹1‘}¹.32¹3.3

1646 3082 1941 3169 lacumque
1958 3087 2306 3154 complesset.
2335 3084 2483 3153 Quid
2506 3085 2729 3153 mirum,
2754 3102 2805 3139 ιιι

1648 3154 1755 3211 hoc
1788 3158 2031 3211 maxime
2059 3157 2379 3226 spectaculo
2404 3156 2619 3226 caperis
2644 3156 2802 3210 inna-

1646 3231 1738 3280 tus
1768 3229 2027 3299 sanguini
2064 3233 2123 3282 et
2166 3227 2237 3282 ab
2282 3228 2503 3283 infante
2538 3227 2803 3312 caedibus

1647 3297 1980 3355 admotus?“
2002 3328 2067 3339 —
2088 3298 2459 3368 abominatus]
2484 3299 2701 3369 passive
2734 3303 2805 3353 ut

1646 3369 1770 3426 Liv
1818 3371 2020 3439 XXXI,
2078 3373 2159 3437 12,
2208 3372 2260 3425 8.
2322 3400 2390 3411 -
2446 3370 2626 3426 devoti
2670 3386 2803 3426 aaa·

1644 3443 1832 3511 quinis
1892 3410 2066 3498 exit'io
2104 3442 2417 3498 destinatae
2456 3442 2710 3513 originis,
2732 3446 2801 3495 ut

1647 3512 1786 3568 Stat.
1869 3515 1965 3570 ilv.
2000 3514 2069 3584 V,
2108 3517 2159 3581 3,
2198 3516 2329 3568 116:
2368 3531 2517 3583 „non
2553 3514 2661 3568 tibi
2704 3513 2799 3568 de·

1646 3584 1851 3640 formes
1888 3586 2100 3641 obsum-i
2126 3554 2423 3655 sanqwm’is
2470 3585 2678 3640 ortus.“
2722 3584 2796 3641 cf.

1646 3656 1782 3711 Hor.
1826 3656 2146 3727 Carm.111,
2184 3658 2396 3725 ηαδ.
2458 3686 2521 3697 —
2578 3654 2797 3727 mrem]

1645 3734 1711 3781 ut
1746 3734 1879 3785 ante
1926 3730 2125 3785 urbem
2172 3729 2475 3785 conditam.
2532 3758 2600 3769 -
2654 3729 2797 3783 cine·

1643 3815 1729 3855 res
1788 3800 2026 3869 insistet]
2088 3800 2365 3871 Apposite
2422 3800 2497 3855 ad
2554 3800 2796 3869 primam

1642 3871 1801 3926 verbi
1846 3872 2309 3943 significationem
2354 3873 2539 3927 oritur
2568 3872 2655 3927 vis
2688 3870 2795 3927 cal-

1643 3943 1811 3998 candi
1877 3950 1935 3999 et
1994 3944 2310 3999 insultandi
2380 3960 2507 3998 cum
2566 3943 2797 3998 notione

1642 4017 2015 4072 contumeliae
2062 4022 2121 4071 et
2154 4015 2586 4086 contemptionis
2623 4015 2799 4070 etiam

1642 4088 1703 4141 in
1756 4089 1930 4143 verbo
1984 4088 2285 4144 verberabit
2338 4088 2652 4158 conspicua,
2698 4102 2793 4141 ne-

1643 4176 1751 4228 que
1810 4160 1893 4214 ita
1956 4176 2119 4214 rarus
2166 4164 2252 4215 est
2296 4160 2649 4214 accusativus
2696 4158 2795 4213 ob·

1642 4230 1775 4286 iecti
1809 4236 2044 4301 propter
2088 4235 2355 4302 cognatas
2400 4230 2660 4298 adeundi,
2708 4231 2793 4284 in·

1642 4303 1829 4368 eundi,
1874 4302 2226 4373 ingrediendi
2276 4304 2545 4357 notiones.
2628 4301 2794 4372 Verg.

1641 4376 1779 4429 Aen.
1804 4374 1899 4443 VI,
1926 4376 2046 4429 563.
2089 4374 2312 4430 Terent
2348 4374 2491 4429 Eun.
2529 4374 2602 4441 11,
2639 4375 2693 4442 3,
2730 4376 2791 4427 8:

1641 4463 1846 4515 „quam
1884 4415 2147 4501 ’insistam
2192 4446 2418 4502 viam?“
2468 4474 2533 4486 —
2582 4444 2791 4513 carent]

1640 4517 1695 4571 h.
1715 4536 1760 4572 e.
1778 4534 1929 4573 nunc
1952 4517 2348 4586 defenduntur,
2366 4518 2501 4587 quia
2522 4516 2796 4571 Romanis

1640 4606 1801 4645 sacra
1846 4596 1995 4645 sunt.
2078 4588 2207 4660 „Sic
2262 4589 2421 4660 dicit,
2476 4588 2637 4659 quasi
2682 4586 2793 4643 Ro-
