3092 5059
1020 254 1137 320 DE
1181 251 1411 320 ARTE
1456 250 1852 318 POETICA.

345 441 503 518 Aut
550 443 921 540 prodesse
972 443 1239 518 volunt
1292 455 1423 517 aut
1475 442 1859 519 delectare
1909 455 2210 539 poetae,

342 566 503 642 Aut
546 566 777 642 simul
829 579 903 643 et
952 566 1289 642 iucunda
1338 581 1417 642 et
1468 566 1754 642 idonea
1799 566 2056 642 dicere
2105 566 2334 640 vitae.

245 723 318 763 3³5
344 691 733 791 Quicquid
784 693 1229 792 praecipies,
1286 704 1446 767 esto
1500 691 1780 786 brevic,
1835 702 1921 765 ut
1971 690 2120 764 cito
2167 689 2375 764 dieta

341 815 786 916 Percipiant
836 817 1075 891 animi
1129 815 1419 891 dociles
1471 829 1933 914 teneantque
1982 814 2286 890 fideles:

344 939 596 1020 Omne
646 965 1207 1040 supervacuum
1262 941 1495 1042 pleno
1549 941 1649 1018 de
1701 953 2014 1041 pectore
2059 952 2341 1016 manat.

345 1063 561 1142 Ficta
614 1065 1034 1167 voluptatis
1086 1091 1315 1141 causa
1364 1066 1518 1140 sint
1567 1066 1923 1166 proxima
1972 1065 2194 1160 veris,

341 1190 503 1266 Nec
560 1193 1107 1292 quodcumque
1160 1191 1391 1285 volet,
1442 1204 1715 1288 poscat
1761 1191 1910 1266 sibi
1953 1190 2222 1268 fabula
2275 1190 2512 1288 credi,

245 1345 321 1387 κιο
346 1313 517 1392 Neu
566 1341 895 1416 pransae
940 1315 1257 1392 Lamiae
1306 1315 1570 1392 vivum
1623 1341 1952 1413 puerum
2005 1315 2350 1392 extrahat
2397 1315 2598 1391 alvo.

345 1438 759 1518 Centuriae
810 1442 1199 1518 seniorum
1252 1443 1550 1538 agitant
1598 1443 1938 1541 expertia
1987 1443 2264 1539 frugis,

346 1561 559 1642 Celsi
607 1577 1095 1663 praetereunt
1145 1578 1451 1640 austera
1500 1578 1860 1662 poemata.
1909 1567 2278 1644 Ramnes:

349 1691 601 1768 Omne
648 1691 829 1766 tulit
875 1703 1271 1791 punctum,
1324 1691 1462 1788 qui
1508 1691 1812 1766 miscuit
1863 1690 2051 1767 utile
2103 1692 2316 1768 dulci

344 1817 755 1893 Lectorem
806 1815 1265 1892 delectando
1320 1817 1766 1914 pariterque
1817 1816 2223 1892 menende.

247 1974 323 2014 us
344 1942 503 2018 Hic
552 1956 799 2019 meret
847 1967 1027 2018 aera
1074 1943 1275 2018 liber
1327 1941 1588 2038 Sosiis,
1641 1941 1766 2017 hic
1821 1954 1896 2018 et
1944 1967 2158 2018 mare
2211 1944 2504 2038 transit,

342 2069 440 2143 Et
489 2067 811 2168 longum
860 2081 1047 2144 noto
1099 2069 1457 2168 scriptori
1508 2079 1894 2166 prorogat·
1929 2093 2230 2145 aevum.

344 2195 539 2272 Sunt
590 2193 873 2271 delicta
924 2207 1207 2289 tamen,
1255 2193 1535 2292 quibus
1589 2195 1976 2292 ignovisse
2029 2193 2396 2269 velimus:

245 2457 419 2528 ceptis
473 2475 611 2529 quae
662 2461 1073 2530 propositurum
1137 2476 1193 2513 se
1242 2473 1399 2513 versu

246 2533 357 2584 307
396 2546 475 2600 sq.
528 2529 819 2599 indicavit,
877 2531 976 2586 hoc
1020 2537 1124 2586 est:
1178 2536 1399 2599 poetam

244 2602 341 2668 qui
376 2603 627 2656 omnibus
668 2603 795 2657 volit
842 2603 1065 2672 probari
1110 2603 1397 2656 doceres·-

244 2673 361 2726 mul
394 2672 577 2728 dobere
613 2677 666 2728 et
698 2673 959 2728 delectare
1003 2675 1251 2744 leyentes,
1300 2672 1397 2726 mi-

245 2743 497 2798 scendam
560 2759 670 2800 esse
737 2745 1033 2800 utilitatem
1098 2745 1396 2800 caminum

246 2830 369 2868 eum
406 2815 695 2871 dulcedine.
746 2847 811 2858 -
862 2823 969 2872 esto
1010 2816 1206 2886 brevis]
1244 2815 1399 2870 Sum-

248 2903 341 2940 ma
397 2886 535 2942 haec
586 2888 767 2942 virtus
822 2906 1015 2944 eorum
1069 2889 1395 2952 carminum,

248 2957 454 3026 quibus
511 2960 773 3028 prodesse
822 2962 1020 3015 volunt
1060 2965 1274 3030 poetae.
1330 2987 1397 2998 —

244 3029 381 3098 cito]
436 3031 641 3085 coniun
680 3048 712 3085 e
770 3049 898 3086 cum
944 3032 1272 3102 percipiant.
1330 3059 1397 3070 -

244 3115 641 3170 supervacuum
683 3103 1071 3172 quodcumque
1094 3105 1259 3157 nimis
1279 3121 1392 3157 am-

246 3172 407 3240 plum
463 3190 527 3228 ac
570 3175 745 3227 latum
791 3179 891 3239 est,
936 3176 1121 3228 animo
1166 3191 1278 3228 non
1314 3191 1397 3228 re-

246 3244 475 3313 cipitur,
526 3245 623 3298 sed
670 3244 931 3298 elabitur.
1006 3245 1262 3300 Ceterum
1308 3245 1401 3298 hic

247 3332 443 3369 versus
498 3315 771 3374 BentleiO.
829 3316 1217 3384 Peerlkampio
1272 3316 1400 3370 aliis

246 3391 535 3456 suspectus
584 3394 693 3442 est:
753 3387 1043 3455 „solebant
1096 3388 1231 3440 olim
1280 3404 1398 3442 sen·

246 3458 495 3512 tentiosa
534 3458 852 3514 huiusmodi
890 3461 949 3512 in
988 3459 1241 3529 margine
1279 3459 1398 3512 alli-

247 3547 401 3594 nere‚
442 3547 584 3598 quae
627 3535 823 3600 postea
867 3531 926 3584 in
962 3536 1288 3586 contextum
1325 3530 1397 3583 ir-

246 3604 596 3671 rest‘pserunt
672 3603 1013 3672 Compar-ant
1068 3601 1397 3657 Sammonic.

248 3689 295 3728 c.
314 3673 387 3726 65
423 3674 493 3728 de
528 3674 1033 3746 Ιιαοιιιοηίιαςίαη
1038 3673 1113 3742 ,Si
1151 3673 1401 3728 modicus

246 3745 417 3869 §leno
478 3751 669 3801 manet
726 3746 797 3801 de
860 3763 1095 3815 corpore
1161 3745 1399 3816 sanguis,

289 3817 550 3871 ubvenit:
608 3825 669 3873 at
710 3819 915 3873 nimius
953 3834 1081 3873 cum
1118 3818 1239 3872 vita
1274 3815 1398 3870 fun-

247 3887 407 3942 ditur
451 3889 623 3958 ipsa.“
690 3920 756 3929 —
812 3890 967 3961 fieta]
1032 3889 1184 3944 Haec
1236 3889 1401 3943 alteri

247 3963 547 4028 poetarum
584 3961 736 4031 parti
772 3961 1051 4027 dicuntur,
1106 3961 1204 4032 qui
1254 3961 1399 4014 dele-

250 4035 407 4085 ctare
464 4033 680 4086 volnnt.
740 4061 807 4073 --
864 4051 963 4089 nec
1012 4005 1399 4103 duodeumque]

250 4101 345 4156 Sic
390 4102 665 4172 Gruquius
710 4122 779 4158 ex
824 4105 937 4159 suis
988 4105 1287 4170 codicibus,
1336 4108 1402 4157 ut

250 4173 479 4228 videtur
534 4179 591 4229 et
646 4192 771 4231 cum
820 4175 1011 4230 Serv-io
1070 4177 1141 4231 ad
1191 4176 1400 4245 Vergil.

250 4246 391 4299 Aen.
431 4245 557 4314 XII,
592 4247 687 4299 83:
728 4247 843 4314 „ait
879 4247 1147 4301 Horatius
1182 4249 1243 4300 in
1281 4251 1402 4301 arte

784 4333 989 4388 cunque
1012 4320 1153 4373 cet.“
1192 4318 1398 4372 Keller.

250 4389 311 4441 in
350 4389 482 4442 edit.
508 4390 635 4442 mai.
663 4405 775 4453 nec,
810 4389 869 4442 in
888 4389 1199 4460 Epilegom.
1218 4407 1273 4458 p.
1296 4391 1399 4443 763

250 4475 337 4522 ne,
392 4465 457 4513 ut
510 4461 767 4532 Kriiger„
824 4460 1046 4527 Rittor„
1100 4461 1406 4526 Eckstein.,

252 4529 501 4601 Miillerq
538 4533 635 4586 sed
659 4531 976 4587 Doederlin.
998 4549 1109 4588 nec.
1148 4561 1213 4572 —
1230 4547 1403 4600 prone

248 4317 473 4398 poetica
508 4334 605 4372 nec
641 4317 783 4387 quod

1490 2475 1727 2527 superne
1793 2458 2004 2512 habens
2071 2458 2312 2526 speciem
2372 2456 2640 2524 mulieris,

1490 2530 1708 2584 inferne
1743 2547 1874 2584 vero
1919 2529 2126 2584 desinit
2167 2529 2227 2582 in
2266 2527 2436 2598 pedes
2477 2529 2641 2582 asini-

1489 2603 1644 2655 nos.“
1681 2601 1890 2656 Comm.
1930 2601 2095 2669 Cruq.
2154 2599 2500 2654 Dicebantur
2537 2599 2642 2654 hae

1489 2689 1693 2742 pueros
1731 2673 2018 2734 devorare,
2056 2672 2148 2728 vel
2191 2689 2383 2726 eorum
2421 2672 2644 2743 sangui-

1491 2761 1620 2798 nem
1675 2761 1958 2814 exsugere.
2009 2743 2364 2813 ——aqitantJ
2425 2744 2644 2812 propel-

1489 2816 1633 2884 lunt,
1673 2820 1960 2885 spernunt.
2037 2815 2106 2870 cf.
2151 2833 2202 2870 v.
2243 2817 2365 2869 456.
2417 2843 2482 2854 —
2529 2813 2642 2868 Ra-

1490 2888 1662 2955 mnes]
1707 2887 1946 2970 „Sensus
1995 2891 2104 2956 est3
2153 2903 2309 2941 senes
2359 2877 2646 2956 gravitate

1492 2960 1754 3013 carminis
1800 2963 1859 3013 et
1894 2958 2154 3012 dictionis
2201 2956 2448 3026 pondere
2495 2956 2643 3010 dele-

1493 3037 1716 3085 ctantur
1773 3031 2000 3084 iuvenes
2055 3034 2281 3083 austera
2337 3032 2394 3083 et
2445 3029 2644 3098 gravia

1490 3118 1604 3156 non
1638 3103 1882 3156 amant.“
1920 3103 2084 3155 Acro.
2122 3099 2264 3154 Oet-si
2283 3099 2524 3154 Ramnes
2563 3099 2646 3154 iu-

1492 3175 1678 3228 niores
1715 3178 1847 3227 sunt
1883 3173 2121 3242 equites,
2153 3171 2396 3241 superbi,
2443 3170 2645 3226 nobili-

1490 3248 1610 3298 tate
1634 3245 1852 3316 generis
1877 3244 2030 3308 elati,
2057 3242 2347 3298 fastidiosi.
2395 3242 2495 3298 cfr.
2520 3243 2643 3298 Liv.

1493 3316 1614 3375 vll,
1639 3317 1702 3369 6:
1742 3317 1906 3384 „celsi
1941 3319 2000 3370 et
2033 3332 2132 3384 spe
2167 3315 2320 3370 haud
2355 3314 2528 3369 dubia
2563 3314 2646 3368 fe·

1491 3405 1646 3441 roees
1686 3387 1746 3440 in
1781 3387 2058 3456 proelium
2094 3387 2322 3442 vadunt.
2327 3387 2361 3416 ‘⁶
2427 3385 2536 3441 cio.
2576 3386 2646 3440 de

1496 3457 1654 3513 Orat.
1691 3458 1857 3528 1,40‚
1899 3460 2032 3512 184:
2078 3459 2240 3526 „iura
2276 3475 2409 3512 suae
2446 3457 2640 3513 civita-

1491 3529 1566 3584 tis
1619 3531 1975 3601 ignorantem
2036 3535 2282 3584 erectum
2335 3535 2392 3583 et
2447 3529 2646 3584 celsum

1496 3601 1669 3656 alacri
1715 3606 1772 3656 et
1819 3605 2082 3671 prompto
2129 3617 2228 3654 ore
2273 3605 2444 3669 atque
2481 3600 2642 3654 vultu

1494 3672 1604 3729 huc
1661 3678 1829 3742 atque
1884 3673 2019 3728 illuc
2079 3673 2390 3726 intuentem
2448 3671 2644 3741 vagari

1535 3749 1694 3799 .toto
1731 3745 1891 3799 foro.
1914 3760 2135 3798 ‚nonne
2171 3743 2447 3813 imprimis
2485 3741 2641 3825 flagi·

1493 3817 1701 3870 tionum
1723 3785 2034 3886 putandum
2062 3815 2194 3869 estf‘
2224 3815 2498 3884 Compara.
2523 3813 2642 3868 Liv.

1494 3889 1771 3952 1,13.-
1811 3888 2056 3956 austera]
2102 3903 2243 3956 quae
2281 3887 2458 3940 solam
2493 3885 2646 3938 utili-

1492 3965 1672 4015 tatem
1709 3963 1981 4029 spectant,
2017 3977 2132 4013 non
2157 3959 2320 4012 simul
2347 3957 2644 4012 delectant.

1496 4032 1869 4101 -punctumJ
1909 4031 2040 4087 vide
2067 4030 2140 4086 ad
2168 4029 2348 4099 Epist.
2368 4029 2440 4099 11,
2475 4031 2526 4090 2,
2559 4029 2645 4082 99.

1500 4134 1562 4142 -
1589 4102 1782 4171 Sosiis]
1819 4103 1891 4157 cf.
1929 4103 2110 4172 Epist.
2139 4101 2182 4171 Ι,
2214 4104 2298 4162 20,
2325 4103 2377 4155 2.
2405 4131 2470 4141 -
2498 4115 2647 4154 mare

1491 4173 1720 4243 transit]
1769 4173 1898 4228 vide
1941 4175 2012 4229 ad
2058 4174 2238 4243 Epist.
2283 4173 2327 4236 1,
2369 4173 2455 4239 20,
2501 4172 2584 4225 13.

1567 4245 1632 4300 V.
1683 4247 1803 4300 347.
1876 4246 1950 4300 In
2009 4247 2116 4300 tali
2173 4243 2349 4314 ἐρίων
2407 4243 2648 4299 carmine

1485 4319 1686 4387 parvis
1729 4319 1885 4372 vitiis
1919 4317 2082 4372 venia
2120 4315 2310 4371 danda
2353 4321 2446 4378 est,
2494 4314 2644 4368 dum·

1497 4389 1648 4444 ηιοάο
1699 4394 1865 4458 poeta
1908 4393 2100 4443 caveat
2153 4406 2191 4442 a
2245 4387 2424 4441 nimia
2467 4401 2647 4440 eorum

1494 4458 1822 4530 frequentia.
1883 4459 2187 4515 Medioffla
2221 4475 2362 4513 emm
2397 4457 2645 4513 carmina

1497 4547 1612 4587 non
1656 4530 1929 4598 feruntur,
1985 4532 2120 4600 quia
2172 4531 2483 4585 necessaria
2536 4543 2649 4584 non

252 4617 349 4656 sas
386 4573 639 4675 Lakine]
695 4603 930 4674 „Lamia
974 4609 1061 4659 est
1094 4607 1407 4658 monstrum
1498 4608 1631 4658 sunt
1665 4602 2006 4672 hominesque
2039 4617 2132 4657 aas
2168 4617 2271 4671 res,
2309 4601 2500 4671 quibus
2529 4601 2649 4654 eim
