3092 5059
488 1313 522 1366 7
527 1313 612 1367 21.

495 2284 618 2339 722.

497 2637 622 2690 ⁷23.

502 3164 623 3219 724.

505 4584 538 4635 7
539 4584 626 4639 25.

747 1308 836 1365 32.

751 2284 842 2338 33.

753 2638 841 2691 34.

756 3166 844 3221 36.

761 4584 850 4641 36.

1117 552 1393 608 Consules.
1613 551 1760 619 Quid
1796 550 1883 605 his
1923 549 2084 604 annis
2118 552 2343 619 gestum
2382 548 2475 616 sit,
2514 546 2823 603 indicatur.

987 784 1310 839 Scribonius
1391 780 1551 835 Libo.

987 871 1218 927 Suffeoti
1229 870 1276 924 L
1283 914 1290 921 .
1297 872 1553 941 Sempro-

989 961 1116 1015 nius
1161 958 1224 1014 P.
1280 960 1554 1014 Aemilius

1679 797 1809 852 gem
1868 779 1927 833 in
1994 776 2223 831 vincula
2282 776 2425 831 coici
2499 777 2657 832 iubet
2734 794 2821 831 re-

1682 882 1968 937 gnumque
1985 866 2288 921 Armeniae
2304 863 2423 920 filio
2448 882 2549 920 suo
2570 881 2639 920 ex
2662 864 2819 919 Cleo-

1683 958 1850 1025 patra
1883 958 2020 1009 nato
2060 953 2257 1009 tradit.

989 1048 1235 1118 Lepidus
1283 1047 1342 1101 C.
1383 1047 1555 1102 Mem-

989 1137 1136 1191 mius
1148 1135 1347 1190 Picens
1359 1134 1433 1187 M.
1447 1135 1556 1189 He·

989 1224 1236 1279 rennius.

958 1313 1110 1369 Caes.
1131 1311 1467 1367 Octavianus
1487 1311 1557 1366 11.
1614 1311 1765 1363 Ante
1801 1308 1953 1361 hunc
1980 1324 2189 1361 annum
2210 1306 2479 1363 Horatius
2506 1308 2705 1363 villam
2724 1308 2823 1363 Sa-

993 1398 1559 1457 L.VolcatiusTullus.
1685 1395 1877 1449 binam
1930 1394 2079 1449 dono
2140 1396 2358 1465 accepit
2410 1415 2445 1451 a
2480 1396 2825 1453 Maecenate.

994 1490 1130 1545 Suff.
1155 1490 1218 1543 P.
1243 1488 1559 1545 Autronius
1684 1484 1761 1537 M.
1784 1482 2084 1554 Vipsanius
2102 1485 2359 1555 Agrippa
2395 1485 2503 1540 hoc
2544 1503 2689 1540 anno
2729 1503 2822 1540 ae-

993 1578 1200 1633 Paetus
1233 1577 1302 1631 L.
1328 1576 1560 1631 Flavius
1688 1573 1818 1626 dilis
1861 1572 2060 1627 ductus
2108 1573 2340 1644 Appiae,
2375 1574 2629 1643 Anienis,
2670 1572 2825 1629 Mar·

995 1668 1054 1723 C.
1063 1667 1331 1722 Fonteius
1345 1664 1560 1735 Capito.
1692 1662 1811 1717 oiae
1836 1678 2015 1731 paene
2049 1662 2293 1732 dilapsos
2330 1662 2583 1717 restituit
2619 1665 2679 1717 et
2710 1663 2826 1717 sin-

994 1756 1069 1811 M.
1109 1756 1323 1811 Acilius
1355 1752 1562 1809 Aviola
1686 1751 1875 1823 gulari
1910 1768 2045 1805 cura
2071 1751 2453 1820 compluribus
2490 1750 2825 1805 salientibus

995 1846 1058 1899 L.
1080 1843 1330 1899 Vinicius
1358 1842 1422 1897 L.
1456 1841 1562 1896 La·
1688 1840 1848 1907 aquis
1878 1839 2148 1894 instruxit
2166 1838 2391 1907 urbem;
2428 1839 2579 1893 idem
2606 1840 2827 1894 mathe-

996 1932 1206 1988 ronius.
1686 1928 1924 1982 maticos
1980 1944 2283 1998 magosque
2320 1926 2501 1982 Roma
2546 1926 2686 1983 urbe
2730 1945 2825 1983 ex·

1686 2016 1851 2085 pulit.
1910 2014 1967 2069 C.
2010 2014 2267 2069 Melissus
2300 2016 2701 2085 grammaticus
2737 2016 2827 2071 bi-

1688 2104 2001 2160 bliothecae
2036 2103 2293 2172 publicae
2320 2102 2379 2156 in
2399 2102 2669 2159 Octaviae
2692 2122 2827 2173 por-

1690 2194 1807 2248 ticu
1841 2192 2148 2247 collocatae
2176 2192 2547 2261 praepositus.

965 2281 1062 2335 Cn.
1097 2281 1378 2336 Domitius
1413 2280 1565 2335 Ahe-
1620 2281 1905 2336 Munatius
1936 2280 2175 2335 Plancus
2213 2280 2286 2334 ab
2307 2282 2557 2336 Antonio
2596 2278 2667 2335 ad
2693 2280 2829 2335 Cae-

996 2369 1280 2436 nobarbus
1291 2369 1350 2423 C.
1359 2368 1566 2423 Sosius.
1690 2387 1873 2425 sarem
1938 2370 2162 2426 transit.
2253 2369 2449 2441 Mag-ni
2516 2374 2826 2440 apparatus

1000 2456 1136 2513 Suff.
1174 2456 1236 2510 L.
1275 2457 1565 2512 Cornelius
1690 2459 1845 2514 belli.

999 2545 1078 2600 M.
1116 2544 1390 2600 Valerius.

966 2634 1565 2691 Caes.0ctavianus111.
1624 2636 1892 2691 Horatius
1928 2634 2242 2690 Maecenati
2294 2634 2368 2688 ad
2411 2633 2625 2689 bellum
2668 2634 2825 2690 ituro

999 2724 1077 2778 M.
1117 2723 1373 2778 Valerius
1419 2722 1565 2777 Mes·
1696 2725 1955 2779 comitem
2006 2742 2065 2779 se
2120 2728 2381 2794 paratum
2435 2724 2519 2778 ait
2558 2722 2741 2793 Epod.
2781 2723 2826 2777 1.

999 2811 1156 2867 salla.
1197 2810 1332 2867 Suff.
1359 2812 1436 2867 M.
1472 2812 1564 2867 Ti·
1696 2814 1986 2868 Maecenas
2027 2812 2182 2867 urbis
2220 2816 2279 2867 et
2313 2811 2514 2867 Italiae
2556 2812 2825 2869 custodiis

1001 2900 1114 2955 tius
1135 2900 1232 2955 Cn.
1251 2900 1565 2971 Pompeius.
1695 2903 1902 2957 iterum
1936 2902 2322 2971 praeponitur.
2358 2899 2557 2971 Pugna
2593 2901 2829 2977 Actiaca

1697 3008 1747 3045 a.
1796 2990 1851 3045 d.
1906 2989 1999 3045 IV.
2048 2989 2191 3045 Non.
2240 2988 2549 3059 Septembr.
2604 2988 2711 3058 Ep.
2772 2990 2824 3043 9.

1700 3079 1879 3134 Carm.
1916 3077 1962 3147 1,
1998 3080 2083 3132 37.

971 3164 1464 3221 Gae8.00tavianus
1473 3166 1567 3221 IV.
1628 3168 1966 3224 Octavianus
1982 3168 2235 3239 reginam
2255 3165 2675 3234 Antoniumque
2692 3166 2827 3221 Ale-

1003 3254 1080 3309 M.
1117 3255 1369 3311 Licinius
1412 3256 1569 3311 Cras·
1698 3257 2001 3312 xandream
2029 3253 2411 3326 persequitur3
2436 3253 2670 3308 Kalend.
2692 3254 2825 3310 Sex-

1005 3361 1114 3398 sus.
1135 3342 1366 3399 Suffecti
1383 3344 1568 3399 C.An-
1698 3346 1785 3399 til.
1823 3345 2060 3399 Antonii
2108 3343 2298 3400 classis
2342 3341 2416 3396 ad
2452 3342 2827 3397 Octavianum

1004 3432 1194 3487 tistius
1251 3432 1430 3501 ,Vetus
1491 3433 1569 3486 M.
1702 3432 1921 3495 transit,
1958 3433 2078 3501 ipse
2114 3431 2266 3487 ferro
2303 3449 2361 3486 se
2388 3431 2664 3486 interimit
2682 3432 2827 3487 eius·

1007 3519 1224 3576 Tullius
1274 3521 1464 3577 Cicero
1502 3523 1569 3577 L.
1701 3537 1809 3591 que
1854 3521 2170 3590 exemplum
2212 3519 2512 3590 Cleopatra
2554 3520 2827 3588 sequitur.

1008 3608 1226 3665 Caelius
1261 3608 1551 3665 Balbinus.
1700 3612 1773 3666 M.
1816 3611 2041 3668 Crassus
2078 3612 2245 3666 Dacis
2291 3612 2350 3665 et
2384 3608 2675 3663 Bastarnis
2712 3609 2831 3665 bel-

1701 3702 1819 3755 lum
1854 3699 2043 3753 infert.
2079 3701 2371 3770 Aegyptus
2406 3698 2466 3751 in
2501 3698 2828 3767 provinciae

1697 3787 1937 3842 formam
1973 3785 2271 3857 red-igitur.
2295 3814 2361 3825 —
2386 3784 2653 3841 Horatius
2686 3787 2825 3842 alte-

1698 3894 1825 3931 rum
1860 3874 2175 3929 Satirarum
2219 3873 2431 3928 librum
2468 3874 2707 3930 edidisse
2744 3876 2823 3929 vi-

1698 3964 1890 4031 detur;
1926 3963 2123 4018 eodem
2142 3980 2289 4017 anuo
2309 3962 2637 4031 Epodorum
2669 3962 2825 4017 libel-

1698 4054 1833 4107 lum.
1869 4052 2150 4122 Vergilius
2178 4051 2431 4123 Georgia.
2472 4051 2601 4107 libr.
2631 4051 2710 4106 IV
2730 4051 2825 4107 ab·

1697 4142 1884 4196 solvit.
1926 4140 2217 4195 Occiditur
2250 4142 2401 4195 iussu
2422 4140 2671 4195 Caesaris
2692 4141 2817 4196 Cas-

1698 4232 1811 4284 sius
1861 4228 2193 4296 Parmensis,
2248 4229 2479 4283 ultimus
2531 4246 2601 4284 ex
2654 4230 2827 4285 inter-

1700 4317 2001 4373 fectoribus
2056 4317 2320 4375 Caesaris.
2411 4318 2468 4373 C.
2540 4318 2828 4373 Cornelius

1699 4406 1908 4476 Gallus,
1926 4411 2114 4476 poeta,
2132 4408 2347 4478 primus
2357 4410 2675 4479 Aegyptum
2696 4425 2825 4477 pro·

1701 4495 1947 4551 vinciam
1982 4496 2217 4551 obtinet.

959 4584 1570 4641 CaesarOctavianusV.
1628 4584 1749 4639 Iani
1762 4583 2345 4653 templumolauditur‚
2354 4588 2654 4655 postquam
2664 4580 2827 4638 Octa·
