3092 5059
976 200 1139 267 LIB.
1184 199 1233 265 I.
1274 198 1529 267 CARM.
1575 198 1719 263 XV.
1765 197 1942 263 XVI.
2229 266 2236 271 ,
2577 194 2653 259 71

457 418 513 461 ss
548 387 743 462 Post
784 398 1027 463 certas
1080 386 1373 462 hiemes
1424 396 1596 461 uret
1653 382 2038 460 Achaicus

750 512 967 611 Ignis
1018 511 1293 589 Iliacas
1346 510 1640 586 domos.

1356 714 1552 721 --ὴ-

1120 832 1499 920 ΟΑΒΜΕΝ
1565 834 1778 921 XVI.

656 1000 723 1078 Ο
780 1014 1025 1077 matre
1074 1000 1399 1101 pulchra
1448 1000 1612 1077 filia
1662 1000 2085 1098 pulchrior,

660 1126 910 1220 Quem
962 1126 1392 1203 criminosis
1445 1151 1776 1225 cumque
1829 1124 2040 1200 voles
2087 1124 2402 1201 modum

755 1250 1005 1325 Pones
1055 1250 1353 1347 iambis,
1409 1251 1573 1326 sive
1625 1251 1936 1327 flamma

855 1374 1034 1453 Sive
1086 1376 1283 1451 mari
1331 1374 1528 1451 libet
1577 1375 2004 1451 Hadriano.

588 1558 617 1599 ⁵
662 1524 835 1602 Non
885 1525 1395 1627 Dindymene,
1449 1550 1607 1599 non
1658 1524 1904 1623 adytis
1961 1525 2211 1624 quatit

656 1649 996 1726 Mentem
1052 1647 1537 1726 sacerdotum
1594 1648 1852 1724 incola
1905 1648 2246 1748 Pythius,

249 1840 347 1895 sed
382 1857 453 1895 ex
490 1842 683 1910 primo
714 1842 1019 1899 obsidionis
1056 1848 1115 1899 et
1150 1843 1409 1898 certami-

246 1912 333 1966 nis
368 1912 557 1967 initio.
602 1942 671 1953 —
712 1914 1103 1984 matronisque]
1144 1913 1277 1969 Toti
1312 1933 1405 1985 ge·

247 1984 369 2037 neri
404 2001 475 2039 ea
512 1984 729 2054 species
767 1985 1015 2053 additur,
1072 2004 1216 2055 quae
1266 1986 1406 2041 cala·

248 2054 475 2110 mitates
539 2055 787 2113 maxime
855 2058 1045 2113 sensit.
1117 2086 1189 2097 -
1261 2056 1407 2112 Ilia-

248 2127 367 2196 cas]
398 2126 681 2183 munerun
718 2134 776 2183 et
808 2128 1069 2185 Keller-us
1108 2146 1235 2185 cum
1264 2130 1406 2184 mul·

248 2197 321 2251 tis
356 2198 489 2253 aliis
528 2217 603 2254 ex
637 2200 831 2271 paucis
862 2201 1021 2257 codd.
1048 2201 1406 2272 Pergamena

250 2268 613 2325 Eoksteinius
696 2276 755 2327 et
826 2272 1118 2327 Schiitzius
1192 2272 1409 2329 Iliacas

252 2347 401 2397 recte
440 2348 766 2409 servarunt,
810 2360 945 2399 nam
982 2342 1251 2399 Horatius
1302 2344 1409 2401 boc

253 2429 363 2467 uno
398 2412 527 2469 loeo
569 2432 638 2470 ex
915 2416 1315 2473 consuetudine
1350 2422 1409 2471 et

248 2490 379 2539 ante
404 2502 681 2556 graecum
699 2488 1035 2543 vocabulum
1064 2487 1407 2545 trochaicam

250 2554 425 2611 basim
462 2558 713 2614 admisit.

609 2670 889 2727 Carmen
924 2670 1070 2727 xv1.

318 2765 563 2823 Inscribi
600 2769 745 2823 solet
773 2768 909 2825 huic
930 2769 1168 2826 carmini
1203 2770 1407 2825 titulus

244 2836 543 2905 palinodia
588 2840 627 2894 i.
674 2857 722 2895 e.
766 2858 1009 2907 carmen,
1071 2860 1183 2912 quo
1238 2860 1406 2911 quem

252 2913 381 2965 ante
414 2910 683 2967 laesimus
708 2912 1075 2969 reconciliare
1099 2913 1405 2969 studemus.

254 2976 342 3035 Sic
376 2980 651 3038 Horatius
696 2988 929 3040 revocat
974 2985 1405 3041 contumeliosos

254 3050 481 3135 iambos,
540 3072 681 3124 quos
734 3056 795 3111 in
846 3057 1095 3126 puellam
1154 3056 1405 3129 aliquam

255 3122 385 3179 olim
430 3127 678 3196 scripsit.
752 3126 929 3183 Recte
972 3134 1161 3183 autem
1208 3134 1274 3183 ut
1320 3130 1403 3183 in-

253 3194 555 3267 tellegatur
592 3198 857 3253 carminis
894 3200 1061 3268 ratio,
1098 3200 1401 3257 tenendum

253 3270 334 3319 est
366 3285 481 3323 non
516 3287 651 3325 raro
694 3270 779 3325 ita
812 3270 953 3334 fieri,
992 3276 1059 3326 ut
1106 3290 1140 3325 a
1177 3273 1402 3342 speciali

256 3338 489 3404 quadam
536 3358 601 3395 re
643 3340 979 3397 innobentur
1024 3344 1291 3411 carmina,
1346 3362 1403 3399 a·

254 3410 520 3467 scendant
568 3413 641 3469 ad
681 3415 1001 3483 generalem
1048 3416 1403 3483 sententiam,

257 3488 453 3537 exeant
509 3483 571 3539 in
615 3484 849 3541 eandem
892 3504 1015 3542 rem
1060 3506 1095 3541 a
1132 3504 1244 3556 qua
1288 3487 1405 3542 sint

254 3552 521 3619 profecta.
556 3554 789 3611 Summa
823 3558 1091 3613 carminis
1128 3558 1267 3615 haee
1290 3563 1401 3614 est:

262 3625 565 3697 „malignos
630 3646 825 3683 versus
890 3634 956 3683 ut
1012 3629 1197 3685 deleas
1250 3636 1403 3701 opto,

262 3710 365 3763 qua
414 3698 527 3781 tibi
578 3716 818 3769 cumque
860 3702 1081 3757 ratione
1139 3702 1401 3771 placebit,

260 3782 381 3822 nam
418 3787 508 3825 ira
541 3788 801 3826 aecensus
838 3790 931 3827 eos
979 3774 1286 3843 composui,
1334 3779 1403 3829 nt

260 3853 401 3895 nunc
430 3858 561 3896 cum
596 3843 827 3898 mitiore
861 3845 1049 3900 animo
1072 3847 1181 3901 sim
1208 3863 1401 3901 eorum

263 3926 347 3965 me
378 3914 713 3981 paeniteat-‘⁸
760 3914 1012 3971 Medium
1048 3934 1274 3973 carmen
1308 3935 1401 3973 ex-

262 3984 596 4040 cusationem
630 3984 827 4055 habet3
867 3988 1057 4059 agitur
1091 3989 1237 4044 enim
1258 3994 1401 4043 stro·

265 4050 381 4137 phin
414 4058 449 4109 2
484 4062 543 4112 et
578 4059 611 4110 3
648 4058 719 4113 de
752 4058 1109 4115 vehementis
1136 4061 1269 4129 irae,
1290 4079 1401 4130 qua

265 4128 427 4181 smmi
484 4128 773 4185 hominum
898 4132 1248 4187 rturbantur.
1332 4132 1400 4187 In

266 4211 367 4263 quo
406 4200 527 4255 loeo
558 4200 667 4257 hoe
698 4203 809 4257 art·
852 4204 1065 4259 ciosum
1108 4210 1209 4274 est,
1249 4203 1401 4274 quod

265 4270 339 4351 ut·
357 4269 414 4324 iu
448 4272 627 4327 altera
662 4274 895 4343 stropha
927 4280 1196 4345 quattuor
1216 4294 1398 4331 exem-

268 4337 367 4404 phu
384 4344 726 4423 'ostendituxn
762 4345 851 4401 ira
876 4346 1160 4403 ardentius
1184 4346 1398 4401 inflam-

268 4424 408 4495 mat-1·
430 4413 719 4473 bominum
750 4418 965 4474 animos
1002 4434 1169 4487 quam
1206 4418 1399 4473 divino

270 4496 481 4563 numme
514 4504 583 4543 ac
614 4486 807 4545 furore
842 4518 911 4530 —
949 4507 1059 4559 quo
1095 4494 1285 4546 tamen
1318 4491 1399 4545 ni·

272 4549 346 4607 lul
364 4558 539 4628 magis
554 4559 781 4616 videtur
812 4579 1037 4619 movere
1061 4580 1225 4632 posse
1250 4580 1397 4617 mor-

1512 1842 1653 1896 tales
1698 1870 1765 1879 —
1813 1841 1896 1895 ita
1942 1840 2002 1894 in
2047 1840 2218 1895 tertia
2269 1844 2538 1909 quattuor
2572 1857 2665 1895 ex-

1514 1918 1710 1967 ternae
1727 1912 2026 1981 potestatis
2047 1912 2292 1967 rationes
2315 1910 2662 1979 adferuntur,

1515 2000 1659 2053 quae
1696 1984 1893 2039 itidem
1916 1984 2034 2037 irae
2069 1983 2274 2039 ardore
2309 1986 2664 2052 superantur.

1512 2057 1602 2110 Its
1638 2054 1848 2110 factum
1878 2060 1965 2110 est
1983 2060 2048 2109 ut
2076 2059 2274 2125 quater
2310 2055 2502 2109 illatae
2539 2071 2666 2123 par·

1510 2127 1718 2182 ticulae
1789 2142 1907 2181 non
1977 2127 2314 2196 respondere
2379 2126 2664 2181 videamus

1512 2204 1712 2268 quater
1757 2199 2004 2267 positum
2062 2199 2304 2254 alterum
2356 2213 2472 2252 nec.
2545 2197 2664 2251 Iam

1513 2274 1714 2340 quarta
1749 2276 1808 2324 et
1842 2269 2027 2325 media
2062 2270 2294 2339 stropha
2327 2268 2666 2339 proponitur

1513 2344 1610 2411 qui
1648 2342 1860 2397 factum
1897 2343 1988 2408 sit,
2025 2346 2092 2396 ut
2118 2342 2208 2395 ira
2233 2344 2530 2410 tantopere
2565 2338 2661 2395 ho-

1511 2415 1690 2469 mines
1747 2418 2109 2481 moveantur3
2183 2412 2396 2468 scilicet
2457 2416 2544 2466 est
2599 2428 2666 2466 ea

1511 2486 1738 2555 penitus
1773 2490 1832 2540 et
1870 2504 1905 2540 a
1941 2486 2126 2555 prima
2171 2484 2394 2555 generis
2445 2501 2478 2537 o
2517 2484 2527 2495 “
2578 2483 2589 2496 “
2633 2502 2665 2539 e

1512 2557 1686 2613 insita
1723 2558 1968 2613 humano
2005 2557 2239 2627 pectori.
2299 2556 2400 2611 Cui
2438 2556 2534 2624 qui
2575 2572 2663 2610 em

1510 2630 1596 2684 rei
1614 2630 1868 2699 apposite
1883 2628 2271 2699 adiunguntur
2289 2644 2494 2697 magna
2519 2645 2662 2697 quae

1432 2738 1435 2743 -
1510 2701 1669 2755 illam
1714 2701 2082 2770 cupiditatem
2131 2703 2443 2769 sequuntur
2488 2700 2662 2767 mala3

1510 2774 1714 2842 quibus
1735 2772 1996 2827 indicatis
2017 2772 2172 2827 ultro
2209 2771 2370 2840 quasi
2389 2770 2666 2826 relabitur

1506 2843 1779 2899 Horatius
1797 2843 1870 2898 ad
1896 2860 2052 2899 suam
2089 2844 2234 2898 iram
2253 2848 2422 2911 atque
2443 2843 2516 2897 ad
2539 2860 2662 2898 eam

1510 2932 1680 2985 quam
1723 2916 1889 2969 huius
1937 2916 2200 2971 carminis
2245 2914 2528 2969 scribendi
2564 2915 2662 2969 ha·

1509 2988 1636 3042 buit
1670 2989 2030 3042 occasionem.
2069 2986 2162 3042 Sic
2181 3004 2286 3055 per
2312 2986 2506 3041 orbem
2543 3003 2661 3041 ear·

1509 3077 1640 3115 men
1675 3059 1834 3127 qussi
1867 3058 2118 3113 decurrit
2151 3075 2334 3127 neque
2361 3058 2662 3127 quicquam

1510 3136 1598 3185 est
1632 3131 1780 3200 quod
1820 3136 1919 3185 aut
1941 3130 2132 3185 deesse
2154 3130 2333 3198 possit
2359 3134 2458 3184 aut
2476 3130 2660 3185 locum

1510 3206 1745 3257 mutare.
1785 3202 1908 3257 Hoc
1941 3207 2132 3257 temen
2161 3202 2259 3255 vix
2285 3206 2372 3256 est
2405 3202 2556 3270 quod
2579 3200 2666 3254 di·

1508 3291 1646 3341 cam,
1682 3275 1850 3344 plena
1887 3290 2004 3328 esse
2040 3273 2230 3327 omnia
2275 3274 2507 3341 ironiae,
2542 3288 2658 3327 ma-

1505 3346 1657 3401 xime
1694 3346 2022 3415 conspicuae
2059 3346 2120 3398 in
2152 3344 2328 3399 nimia
2363 3345 2482 3398 irae
2517 3344 2656 3399 eius-

1507 3435 1616 3486 que
1652 3416 1946 3486 potestatis
1983 3416 2378 3485 descriptione.
2415 3415 2656 3486 Tempus

1492 3489 1782 3544 incertum
1809 3493 1921 3558 est;
1958 3505 2278 3558 quanquam
2311 3486 2658 3557 probabilius

1504 3565 1592 3615 est
1635 3577 1844 3615 annum
1889 3576 2098 3629 ponere
2155 3578 2207 3614 u.
2260 3577 2306 3614 c.
2364 3560 2488 3614 717.
2536 3559 2658 3628 718,

1505 3648 1674 3700 quam
1711 3634 1818 3685 725
1869 3632 1958 3686 vel
1995 3632 2120 3699 727,
2171 3648 2284 3699 qua
2325 3636 2510 3687 aetate
2545 3630 2658 3685 Ho-

1504 3704 1639 3758 ratii
1692 3704 1908 3758 animus
1945 3703 2058 3757 iam
2115 3702 2353 3757 alienior
2412 3707 2536 3758 erat
2587 3703 2661 3757 ab

1504 3774 1703 3830 iambis
1740 3780 1800 3829 et
1832 3774 2188 3831 mordacibus
2225 3775 2584 3830 canninibus.

1577 3847 1644 3901 V.
1680 3848 1731 3899 2.
1783 3846 2094 3902 crintimsis
2129 3846 2350 3914 iambis]
2403 3846 2524 3913 Quo
2563 3862 2656 3917 ge-

1504 3936 1638 3973 nere
1673 3917 2044 3973 Archilochus
2083 3922 2254 3987 poeta
2291 3918 2363 3971 sd
2397 3918 2537 3972 alios
2571 3934 2658 3972 cs-

1504 3990 1792 4061 stigandos
1828 3990 2044 4059 primus
2083 4006 2212 4043 usus
2259 4006 2376 4043 esse
2423 3989 2656 4057 dicitur3

1504 4061 1636 4117 vide
1669 4063 1740 4116 A.
1776 4060 1840 4115 P.
1881 4062 1966 4115 79.
2001 4090 2068 4101 -
2093 4060 2310 4115 modum
2339 4061 2534 4129 pones]
2572 4060 2652 4115 Si·

1504 4134 1718 4187 militer
1755 4133 1932 4187 Osi-m.
1974 4132 2076 4199 111,
2117 4133 2202 4215 15,
2241 4133 2292 4187 2.
2328 4130 2373 4198 1,
2401 4134 2488 4198 24,
2517 4134 2563 4185 1.
2589 4160 2654 4171 -

1503 4204 1869 4275 Dindymene]
1939 4204 2116 4259 Δινδυ
2163 4220 2280 4269 nvn,
2347 4202 2554 4269 Cybele
2627 4220 2658 4257 a

1504 4276 1818 4343 Dindymis,
1847 4274 2100 4330 monteP
2208 4274 2352 4344 giae,
2386 4274 2466 4330 sic
2485 4274 2658 4342 dieta,

1504 4362 1539 4401 a
1558 4346 1828 4401 Romanis
1864 4363 2068 4418 magna
2103 4350 2286 4402 mater
2319 4345 2504 4413 deum,
2539 4364 2652 4401 ma-

1502 4422 1592 4473 ter
1633 4418 1804 4473 Idaea
1845 4419 2143 4487 appellata.
2215 4417 2300 4472 De
2350 4418 2532 4486 adytis
2581 4418 2652 4473 cf.

1504 4488 1654 4545 Caes.
1703 4490 1758 4543 b.
1808 4506 1852 4544 c.
1899 4490 1999 4553 m,
2037 4491 2154 4543 105.
2199 4518 2272 4529 —
2319 4488 2654 4544 sacerdotum

1502 4561 1690 4617 incola
1709 4560 1962 4631 I'yths'us]
1985 4560 2286 4617 Genetivus
2318 4560 2656 4617 sacerdotum
