3092 5059
827 250 990 318 LIB.
1031 249 1084 315 Ι.
1135 251 1384 318 ΟΑΒΜ.
1429 250 1738 317 XXXIV.
1783 250 2055 316 XXXV.

2538 248 2661 315 103

659 436 837 535 Igni
891 463 1210 514 corusco
1263 438 1526 513 nubila
1588 436 1939 513 dividens

761 562 1248 663 Plerumque,
1301 588 1444 664 per
1491 588 1777 662 purum
1826 576 2173 639 tonantes

857 689 1038 787 Egit
1087 712 1328 787 equos
1369 688 1919 787 volucremque
1973 715 2304 784 currum,

669 840 842 932 Quo
895 838 1122 914 bruta
1171 837 1398 913 tellus
1453 850 1526 913 et
1575 860 1781 936 vaga
1831 838 2168 934 flumina,

585 1000 637 1039 ιο
673 962 842 1057 Quo
889 962 1072 1061 Styx
1127 975 1204 1037 et
1253 962 1484 1037 invisi
1533 961 1853 1037 horrida
1905 962 2232 1038 Taenari

767 1086 1004 1164 Sedes
1055 1086 1618 1185 Atlanteusque
1661 1086 1835 1161 finis

867 1208 1344 1287 concutitur.

1449 1210 1680 1293 Valet
1736 1212 1893 1286 ima
1944 1211 2259 1286 summis

667 1363 968 1438 Mutare
1021 1374 1099 1437 et
1143 1360 1529 1459 insignem
1580 1374 1923 1438 attenuat
1976 1361 2163 1437 deus
2268 1441 2274 1449 ,

673 1486 1020 1565 Obscura
1067 1512 1467 1588 promens3
1518 1486 1702 1562 hine
1754 1488 2055 1588 apicem
2108 1513 2348 1585 rapax

586 1645 636 1685 ιε
773 1611 1111 1687 Fortuna
1159 1636 1334 1703 oum
1385 1611 1715 1686 stridore
1768 1624 1989 1687 acuto
2050 1706 2058 1712 υ

875 1736 1220 1833 Sustulit,
1275 1736 1404 1813 hie
1453 1737 1801 1836 posuisse
1852 1736 2159 1835 gaudet.

1089 2060 1470 2145 GARMEN
1530 2060 1863 2147 XXXV.

677 2226 746 2303 O
805 2225 1006 2319 diva,
1063 2239 1366 2322 gratum
1420 2250 1623 2323 quae
1674 2226 1881 2325 regis
1933 2225 2276 2322 Antium,

262 2390 336 2442 66
375 2384 602 2441 nuella
643 2381 983 2451 „Antiquius
1019 2380 1170 2435 Iovia
1196 2398 1427 2435 nomen:

263 2476 406 2513 narn
435 2456 578 2511 olim
599 2453 818 2510 Diiovis
842 2458 901 2508 et
922 2452 1208 2522 Diespiter
1232 2452 1430 2523 dictus,

263 2530 328 2584 id
366 2533 458 2584 eet
493 2528 616 2583 dieo
652 2525 852 2597 (genit-
891 2524 1086 2593 antiq.)
1120 2524 1335 2594 pater.“
1361 2552 1428 2563 -—

259 2617 404 2727 εἴ..
421 2615 632 2731 aaz·
661 2595 1430 2751 mmmmm

265 2746 622 2814 iunguntur3
659 2756 833 2809 quare
867 2743 1018 2793 inter
1041 2738 1304 2808 prodiga
1336 2739 1430 2794 ha-

263 2816 532 2871 bebatur.
572 2812 645 2867 ef.
686 2812 854 2882 Vei-g.
893 2809 1099 2880 Geor-g.
1135 2808 1180 2873 Ι,
1218 2812 1321 2865 487
1351 2827 1432 2879 sq.

267 2890 418 2942 Aen.
457 2884 614 2951 VIII,
651 2884 756 2938 527
793 2899 914 2951 sqq.
967 2881 1176 2937 Lucan.
1213 2882 1258 2950 Ι,
1295 2884 1430 2936 533:

269 2958 554 3029 „tacitum
575 2956 698 3010 eine
720 2954 964 3009 nubibus
990 2954 1118 3007 ullis
1142 2952 1432 3008 Fulmen.“

267 3031 466 3085 Seneo.
505 3027 740 3096 ThJeet.
777 3027 910 3079 263:
961 3028 1161 3091 „tonat
1198 3025 1318 3079 dies
1353 3042 1434 3079 ee-

269 3100 501 3158 renue.“
537 3128 609 3139 —
655 3097 1022 3165 volucremque
1065 3096 1310 3166 cuo-rum]
1349 3113 1435 3151 oe-

269 3175 470 3240 lerem,
526 3174 593 3225 ut
637 3170 806 3239 Vei-g.
853 3169 994 3221 Aen.
1039 3165 1109 3236 X,
1157 3168 1279 3221 440.
1351 3168 1436 3223 De

269 3260 447 3299 ωιτη
495 3242 644 3296 Iovis
690 3239 764 3295 of.
807 3239 990 3293 Garm-
1036 3238 1081 3303 Ι,
1122 3240 1207 3307 12,
1243 3240 1328 3293 58.
1370 3266 1435 3278 -

269 3318 438 3371 bruta
485 3310 674 3381 tellus]
729 3311 880 3365 Iovis
930 3327 1138 3379 magna
1189 3314 1438 3380 potestas

272 3384 494 3457 triplici
525 3384 747 3439 ratione
773 3381 1108 3449 ostenditur,
1145 3382 1298 3450 quod
1322 3399 1437 3436 mo-

271 3464 369 3513 vet
405 3458 462 3525 a)
501 3456 872 3510 inanimatam
908 3456 1168 3507 naturam
1203 3472 1255 3507 v.
1277 3454 1344 3521 93
1380 3453 1440 3519 b)

272 3529 490 3585 inferos
547 3530 608 3581 et
651 3527 794 3581 imas
841 3524 1100 3595 regiones
1135 3542 1188 3579 v.
1230 3527 1326 3593 103
1384 3524 1440 3594 e)

277 3606 538 3656 ati-ema
575 3598 700 3653 loca
729 3614 783 3651 v.
825 3596 910 3651 11.
945 3596 1218 3665 Epitheta
1250 3599 1440 3651 autem

278 3674 466 3738 bruta,
497 3684 646 3739 vaga
685 3686 752 3724 eo
787 3667 1020 3723 oonsilio
1069 3667 1257 3737 posita
1291 3672 1440 3732 sunt,

281 3748 348 3799 ut
383 3742 669 3797 diversam
704 3740 906 3795 harum
954 3756 1142 3793 rerum
1179 3743 1437 3793 naturam

282 3816 601 3880 illustr-enm
635 3812 810 3866 sentit
843 3810 961 3865 vim
978 3810 1126 3865 Iovis
1159 3816 1314 3865 terra
1337 3811 1438 3865 im·

282 3885 530 3951 mobilis,
565 3883 818 3939 sentiunt
853 3881 1023 3937 etiam
1053 3881 1284 3937 flumina
1313 3898 1438 3951 per-

283 3962 458 4028 petuo
493 3960 650 4010 motu
691 3954 922 4025 agitata.
952 3982 1009 3993 -
1053 3952 1290 4009 Taenari
1341 3953 1438 4008 ubi

282 4034 513 4084 antrum
559 4029 702 4093 erat,
747 4042 848 4095 per
883 4023 1034 4093 quod
1071 4024 1272 4081 descen
1311 4025 1332 4077 i
1371 4023 1442 4078 ad

285 4100 496 4155 Orcum
528 4114 694 4168 posse
729 4097 963 4165 antiqua
985 4095 1138 4152 fama
1161 4096 1438 4151 tradebat.

285 4172 353 4226 ef.
393 4170 441 4224 V
547 4210 563 4223 .
603 4168 804 4239 θύοι-3.
851 4166 944 4235 IV,
982 4168 1103 4221 467.
1153 4196 1218 4207 -
1273 4168 1443 4223 invisi

285 4242 520 4299 hon-ida
561 4240 991 4295 Adiectivorum
1013 4238 1120 4293 hac
1143 4238 1442 4293 collatione

287 4314 438 4370 eirea
471 4328 782 4379 caesuram,
817 4328 930 4380 qua
953 4309 1248 4379 utriusque
1275 4326 1442 4364 sonus

289 4390 344 4440 et
379 4386 468 4441 vis
503 4388 764 4454 augetur,
801 4382 1003 4436 horror
1045 4380 1177 4437 Oroi
1215 4381 1288 4436 ad
1323 4381 1442 4435 ani-

289 4474 408 4511 mos
427 4455 737 4526 legentium
759 4458 818 4508 et
834 4453 1182 4509 audientium
1211 4453 1442 4523 propius

293 4526 521 4583 aceedit.
569 4556 640 4567 —-
691 4524 858 4594 valet]
903 4524 958 4579 h.
996 4543 1050 4578 v.
1088 4542 1215 4579 cum
1261 4522 1444 4579 infini-

295 4602 414 4655 tivo
447 4598 812 4656 ooniunotum
847 4614 884 4651 a
917 4594 1100 4666 postis
1123 4596 1354 4651 transiit
1387 4596 1448 4650 in

1529 2398 1757 2453 prosam
1780 2381 2091 2437 orationem
2088 2386 2245 2507 ¹Ipost
2260 2382 2505 2453 Augusti
2531 2386 2682 2438 aeta·

1531 2458 1662 2509 tem.
1702 2454 1962 2509 Ceterum
1986 2454 2058 2509 ef.
2136 2455 2265 2509 aoit.
2292 2454 2438 2509 Hist.
2467 2454 2563 2523 IV,
2584 2456 2681 2509 47:

1534 2526 1904 2594 „documenta
1920 2525 2213 2581 mutabilia
2234 2526 2519 2581 Fortunae
2539 2542 2683 2581 sum·

1533 2614 1737 2667 maque
1756 2603 1814 2651 et
1835 2597 1951 2651 ima
1970 2598 2307 2652 miscentis.“
2334 2597 2407 2652 of.
2420 2597 2637 2653 Archil.
2653 2600 2679 2650 1

1537 2668 1823 2737 (Mehlh.):
1870 2674 2039 2737 „Tot'c
2068 2675 2223 2729 θεοῖς
2266 2674 2405 2723 τίθει
2446 2666 2513 2722 τὰ
2549 2664 2686 2724 πάν-

1534 2756 1629 2794 τα·
1682 2735 1947 2798 πολλάκις
1982 2740 2094 2811 μὲν
2139 2741 2201 2794 ἐκ
2245 2741 2429 2794 κακῶν
2460 2735 2688 2811 §ivoque

1535 2808 1804 2881 ὀρθοῦσιν
1835 2814 2067 2884 μελαίνῃ
2098 2816 2385 2899 κειμένους
2420 2813 2515 2867 ἐπὶ
2547 2819 2687 2883 χθο-

1537 2890 1619 2939 νί·
1690 2878 1963 2943 Πολλάκις
2034 2884 2085 2936 δ’
2158 2888 2527 2952 πνοι-τρέπουσι
2595 2887 2685 2937 καὶ

1537 2949 1669 3027 μάλ’
1713 2946 1773 3009 εὖ
1806 2948 2107 3022 βεβηκότας
2137 2952 2391 3015 ’Ῡπτίους
2431 2956 2687 3021 κλίνουθ,

1539 3028 1729 3081 ἔπειτα
1764 3024 1941 3081 πολλὰ
1974 3030 2223 3096 γίγνει-αι
2257 3021 2455 3080 κακά’*
2524 3027 2686 3083 Hom.

1543 3097 1645 3152 od.
1690 3098 1762 3166 ΙΙ,
1809 3098 1931 3152 211.
1983 3126 2047 3137 ·--
2094 3098 2329 3169 apicem]
2382 3099 2453 3153 of.
2505 3100 2686 3154 Garm.

1540 3169 1643 3237 ΠΙ,
1680 3172 1767 3235 21,
1804 3172 1890 3225 20.
1947 3198 2015 3211 --
2073 3186 2193 3224 cum
2228 3170 2467 3225 stridore
2501 3169 2719 3239 acuto]-

1541 3242 1798 3295 Fortuna
1833 3242 1983 3305 enim
2020 3241 2173 3295 alata
2217 3246 2314 3295 est.
2388 3240 2461 3295 of.
2504 3240 2689 3295 Carm.

1541 3312 1643 3375 111,
1680 3314 1769 3380 29,
1810 3314 1895 3367 53.
1970 3313 2197 3368 Semota
2238 3312 2485 3383 imagine
2518 3312 2689 3381 perti-

1542 3388 1680 3439 nent
1732 3384 1871 3438 haee
1914 3384 1988 3439 ad
2045 3388 2322 3439 terrorem
2378 3387 2437 3438 et
2482 3383 2689 3438 tumul·

1542 3461 1687 3524 tum,
1724 3473 1889 3525 quem
1924 3457 2089 3511 edere
2129 3456 2311 3511 solent
2352 3455 2571 3510 subitae
2604 3472 2690 3510 re·

1543 3544 1669 3581 rum
1728 3528 2082 3583 mutationes.
2170 3528 2291 3582 Iam
2348 3527 2396 3581 si
2456 3543 2691 3596 quaeras

1545 3616 1655 3667 qua
1710 3600 1939 3654 tandem
1984 3600 2134 3653 inter
2186 3616 2245 3653 se
2295 3599 2515 3654 ratione
2564 3615 2692 3653 eon-

1545 3672 1723 3725 iunoti
1760 3672 1875 3725 eint
1893 3670 2193 3741 Diespiter,
2232 3669 2383 3739 deus,
2410 3671 2691 3726 Fortuna:

1543 3741 1829 3812 Diespiter
1890 3746 1977 3796 est
2034 3758 2242 3796 numen
2296 3742 2551 3797 divinum
2608 3759 2691 3797 re-

1545 3831 1673 3868 rum
1726 3818 1989 3868 naturam
2041 3813 2437 3869 administrans
2483 3831 2553 3869 ex
2605 3832 2693 3869 ea·

1545 3902 1653 3954 que
1696 3884 2173 3957 intellegendnm;
2219 3884 2354 3939 deus
2400 3902 2451 3938 v.
2496 3887 2561 3939 18
2598 3902 2691 3955 ge·

1543 3957 1751 4011 nei-alis
1790 3962 1849 4011 et
1884 3955 2177 4012 individua
2199 3957 2393 4011 divina
2426 3961 2691 4027 potestas,

1546 4046 1690 4098 quae
1740 4028 1800 4082 in
1854 4028 2111 4083 Fortuna
2161 4028 2299 4097 quid
2360 4028 2501 4083 velit
2560 4028 2698 4098 quid

1546 4100 1691 4155 nolit
1734 4100 2001 4154 declarat.
2050 4128 2115 4139 -—
2170 4099 2419 4171 sustulit]
2456 4100 2587 4155 vide
2623 4100 2696 4155 ad

1547 4172 1729 4227 Carm.
1766 4172 1812 4240 Ι,
1843 4174 1891 4238 1,
1920 4172 1971 4223 4.
2009 4198 2078 4211 -—
2110 4170 2336 4241 gaudet]
2380 4172 2514 4241 quia
2550 4171 2695 4227 arbi-

1543 4242 1657 4297 trio
1692 4259 1791 4297 suo
1828 4242 1909 4296 sio
1956 4243 2229 4313 indulget.
2290 4272 2358 4281 -
2414 4241 2526 4313 hie]
2568 4242 2699 4299 vide

1543 4314 1619 4369 ad
1652 4313 1831 4384 Epod.
1866 4314 1921 4383 2,
1956 4316 2044 4368 31.

1849 4426 2131 4481 Carmen
2167 4424 2398 4479 XXXV.

1621 4522 1689 4576 In
1727 4521 2093 4592 eoncipienda
2129 4522 2359 4577 notione
2396 4538 2461 4577 ao
2495 4522 2700 4578 deseri-

1550 4594 1733 4649 benda
1783 4598 2063 4663 potestate
2118 4593 2351 4649 deorum
2405 4610 2518 4649 non
2576 4597 2699 4648 tota
