3092 5059
1027 227 1143 294 DE
1194 229 1419 296 ARTE
1462 227 1857 336 POETIGA.

2539 233 2656 300 631

364 415 617 490 Multa
666 441 927 492 senem
984 417 1593 493 circumveniunt
1641 419 2152 517 incommoda,
2208 422 2332 497 vel
2387 423 2596 522 quod

254 575 336 614 nn
365 539 689 631 Quaerit
740 553 817 616 et
859 541 1191 617 inventis
1244 541 1473 617 miser
1522 543 1852 618 abstinet
1900 527 2002 620 ac'
2039 546 2256 622 timet
2307 548 2438 642 uti,

362 663 509 740 Vel
565 664 773 763 quod
824 691 947 741 res
1001 691 1265 742 omnes
1318 665 1586 742 timide
1639 667 2054 768 gelideque
2105 671 2513 769 ministrat,

360 788 687 885 Dilator‚
740 816 876 889 spe
926 790 1227 887 long-ue,
1282 791 1508 884 iners,
1565 791 1992 891 avidusque
2043 793 2299 891 futuri,

361 914 745 1008 Difficilis,
801 915 1188 1014 querulae,
1240 915 1599 992 laudator
1649 918 2015 1014 temporis
2064 919 2214 994 acti

362 1040 467 1116 Se
520 1065 781 1139 puero,
836 1043 1251 1139 castigator
1302 1067 1728 1141 censorque
1779 1043 2190 1118 minorum.

252 1197 334 1238 m
362 1165 611 1241 Multa
661 1171 924 1240 ferunt
974 1167 1156 1241 anni
1208 1168 1596 1244 venientes
1653 1168 2060 1244 commoda
2111 1196 2391 1266 secum,

360 1290 611 1366 Multa
663 1290 1107 1406 recedentes
1152 1290 1524 1367 adimunt.

1631 1291 1746 1368 Ne
1799 1295 2000 1370 forte
2052 1286 2332 1370 seniles

364 1415 836 1492 Mandentur
885 1415 1145 1490 iuveni
1198 1430 1453 1514 partes
1505 1441 1904 1516 pueroque
1949 1417 2240 1510 viriles3

365 1547 689 1642 Semper
737 1547 818 1620 in
872 1543 1247 1621 adiunctis
1302 1571 1654 1646 aevoque
1707 1545 2181 1621 morabimur
2231 1546 2453 1644 aptis.

363 1670 526 1745 Aut
576 1670 833 1767 agitur
886 1695 1008 1745 res
1058 1671 1138 1744 in
1192 1671 1488 1747 scaenis
1541 1685 1673 1746 aut
1721 1686 1890 1748 acta
1940 1670 2292 1745 refertur.

260 1831 339 1870 180
363 1795 692 1893 Segnius
744 1796 1050 1871 irritant
1092 1798 1393 1872 animos
1447 1797 1779 1873 demissa
1827 1825 1970 1900 per
2014 1824 2301 1894 aurem,

365 1921 617 2014 Quam.
674 1947 872 2020 quae
918 1934 1095 1995 sunt
1148 1922 1385 1997 oculis
1439 1923 1785 1998 subiecta
1833 1923 2194 2000 fidelibus
2250 1937 2324 1998 et
2376 1921 2573 2022 quae

362 2047 541 2145 Ipse
588 2046 737 2122 sibi
788 2047 1024 2122 tradit
1076 2060 1494 2143 spectator:
1546 2073 1704 2124 non
1754 2061 2012 2125 tamen
2061 2051 2262 2124 intus

358 2171 615 2269 Digna
669 2173 840 2269 geri
892 2198 1201 2268 promes
1254 2173 1335 2246 in
1388 2198 1742 2249 scaenam
1795 2172 2191 2273 multaque
2236 2172 2462 2249 tolles

258 2423 543 2516 ,,Σφόδρα
570 2428 683 2500 μὲν
719 2430 1073 2514 ἐπιθυμοῦσι,
1105 2433 1317 2515 ταχέως
1352 2431 1417 2483 δὲ

258 2517 546 2556 παυονται.
606 2533 669 2540 -
727 2501 1083 2572 commisisse]
1134 2497 1417 2570 ἀορίστως.

259 2573 639 2642 cf.pEist.1,
682 2575 765 2642 17,
805 2575 866 2641 53
906 2591 1173 2643 suprav.
1215 2575 1301 2628 98.
1354 2601 1409 2611 -

256 2643 457 2728 ydide]
496 2614 1414 2716 Αιήεὶοι.1.1..,,Κατεψυγμένοι

256 2713 367 2785 γάρ
402 2719 545 2770 εἰσιν
572 2717 649 2784 (οἱ
674 2687 1070 2786 πρεσβύτεροι),
1112 2719 1164 2769 οἱ
1201 2717 1264 2770 δὲ
1303 2721 1414 2770 νέοι

258 2792 461 2858 θερμοὶ
516 2781 654 2840 ὥστε
691 2788 1110 2872 προωδοποίηκε
1146 2785 1208 2842 τὸ
1245 2789 1419 2856 γῆρας

258 2860 322 2933 τῇ
354 2861 556 2928 δειλίᾳ·
593 2862 683 2911 καὶ
709 2858 819 2929 γὰρ
846 2858 877 2914 ὁ
914 2855 1093 2930 φόβος
1118 2862 1418 2928 καταψυξίς

258 2949 339 2990 τις
382 2931 587 2984 ‘arrad‘
619 2960 692 2970 —
728 2947 822 3000 spe
867 2932 1081 3002 longus]
1129 2932 1323 2986 tardus
1361 2936 1418 2986 et

259 3001 510 3057 difficilis
557 3002 629 3056 ad
666 3003 1026 3086 sperandum.
1101 3003 1338 3057 Aristot.
1376 3003 1415 3056 l.

257 3074 319 3127 1.·
348 3076 439 3140 „ol
470 3067 821 3143 πρεσβύτεροι
855 3075 1169 3134 δυςέλπιδες
1206 3073 1299 3127 διὰ
1320 3071 1421 3140 τὴν

259 3146 286 3199 ἐ
286 3146 609 3215 μηειρίανέ·
633 3174 697 3183 -
722 3145 923 3199 avidus
946 3147 1155 3226 futura]
1179 3146 1418 3199 Aristot.

260 3217 295 3270 l.
337 3217 401 3270 1..
454 3219 597 3286 „Koa
628 3211 882 3304 φιιλόζωοι
922 3221 1011 3268 καὶ
1046 3211 1286 3304 μάλιστα
1324 3217 1417 3269 ἐπὶ

257 3288 323 3361 τῇ
360 3291 635 3357 τελευταίᾳ
669 3285 865 3358 ἡμέρᾳ,
904 3287 996 3340 διὰ
1026 3285 1089 3341 τὸ
1126 3288 1221 3340 τοῦ
1246 3283 1417 3342 ἀπόν-

261 3379 355 3418 τος
390 3359 521 3413 εῖναι
564 3359 901 3443 ἐπιθυμίαν·
938 3363 1030 3412 καὶ
1067 3378 1131 3411 ου
1165 3360 1229 3412 δὲ
1270 3359 1419 3412 ἔνδε-

262 3437 359 3499 εἴς,
386 3425 577 3484 τούτου
598 3423 839 3502 μάλιστα
877 3431 1232 3500 ἐπιθυμοῦσι.
1236 3431 1269 3460 “
1321 3430 1416 3485 So-

261 3502 447 3587 phocl.
492 3502 563 3556 fr.
616 3503 701 3556 64.
750 3501 943 3556 Dina:
1000 3503 1128 3572 ,,τοῦ
1171 3501 1263 3569 ζῆν
1308 3499 1417 3586 γὰρ

263 3568 444 3632 ουδεὶς
482 3571 553 3633 ὥς
656 3567 952 3643 γηράσκων
988 3575 1101 3644 ἐρᾷ.
1104 3574 1137 3603 “
1196 3573 1417 3628 Bentlei

262 3645 601 3730 coniectura,
651 3663 683 3698 a
717 3645 1109 3716 Peerlkampio
1150 3650 1208 3700 et
1242 3645 1417 3700 Lehr·

261 3717 346 3770 sio
384 3722 625 3786 recepta,
659 3717 904 3786 pavidus
948 3717 1113 3771 facile
1150 3733 1416 3772 caremus.

263 3819 331 3828 —-
384 3787 647 3842 laudator
692 3794 849 3858 temp
896 3789 1033 3874 acta]
1069 3789 1138 3843 cf.
1177 3789 1415 3843 Aristot.

261 3861 299 3913 1.
348 3859 413 3912 l.:
469 3859 807 3946 „ammom
860 3857 967 3944 γὰρ
1023 3857 1087 3914 τὰ
1140 3855 1420 3946 γενόμενα

261 3899 530 4000 λέγοντεὲ,
550 3927 1101 4014 ἀναμιμνησκόμενοι
1125 3929 1234 4002 γὰρ
1259 3930 1419 3998 ἥδον-

261 4003 401 4055 maef‘
435 4032 501 4041 —
528 4003 669 4055 anni
703 4003 1038 4074 venientesJ,
1044 4005 1212 4071 ,Anni
1236 4003 1419 4060 venire

147 4078 153 4085 '
264 4073 531 4128 dicuntur
568 4073 639 4127 ad
674 4073 1163 4160 quadragesimum
1198 4083 1417 4131 sextum

264 4163 440 4214 usque
476 4161 702 4212 annum,
751 4145 882 4200 inde
929 4147 1081 4201 abire
1116 4149 1229 4202 iam
1266 4165 1417 4202 acce-

265 4216 432 4271 dente
465 4219 768 4270 senectute.
772 4217 804 4245 “
892 4217 1101 4272 Comm.
1142 4218 1291 4288 Gruq
1255 4238 1306 4288 q.
1345 4219 1415 4273 cf.

266 4287 447 4358 Epist.
486 4287 558 4355 11,
593 4289 647 4356 2,
687 4289 772 4342 55.
824 4317 889 4327 —
935 4289 1145 4359 seniles]
1186 4291 1270 4344 De
1317 4290 1414 4344 ho-

266 4361 637 4414 moeoteleuto
685 4357 892 4422 seniles,
930 4361 1117 4414 viriles
1153 4378 1417 4431 compara

264 4429 521 4486 Eustath.
581 4431 652 4485 ad
708 4429 871 4485 Hom.
932 4431 997 4484 11.
1048 4431 1226 4496 XXII,
1279 4435 1411 4486 383·

267 4503 415 4572 ,,ἓχει
482 4502 546 4555 δὲ
612 4496 805 4561 κάλλος
870 4506 961 4555 καὶ
1025 4499 1089 4556 τὰ
1154 4503 1216 4557 ἐν
1278 4507 1417 4560 τέλει

270 4579 477 4645 στίχων
518 4568 619 4627 δύο
667 4568 901 4644 πάρισα,
947 4571 1018 4628 τὸ
1062 4575 1268 4628 τοῦδε
1314 4593 1416 4628 πε-

1514 2426 1757 2532 advr‘oc
1792 2433 1884 2484 καὶ
1923 2425 2237 2500 Ἕκτορος
2271 2423 2486 2485 ουκέτ’
2525 2425 2662 2484 ἐόν·

1509 2504 1677 2562 τος.“
1737 2533 1802 2542 -
1859 2503 2210 2572 morabimur]
2257 2503 2400 2558 Boni
2449 2502 2664 2557 codices

1512 2579 1570 2629 ct
1637 2575 1844 2630 Comm.
1908 2575 2073 2643 Oruq.
2137 2576 2282 2628 male
2341 2575 2664 2629 morabitur.

1512 2646 1699 2715 „Ordo
1737 2651 1844 2700 est.
1907 2664 2123 2716 semper
2173 2646 2231 2699 in
2280 2645 2558 2700 adiunctis
2607 2649 2666 2699 et

1511 2717 2662 2872 :3323252132225326{32233233mf23‘3

1510 2879 1628 2924 vor,
1673 2860 1791 2914 seni
1827 2862 2160 2916 maturitas!
2147 2862 2182 2890 “
2247 2861 2455 2914 Comm.
2496 2860 2664 2928 Oruq.

1510 2932 1595 2987 De
1630 2937 1776 3002 part.
1816 2949 1916 3001 que
1951 2933 2080 2987 vide
2117 2933 2190 2987 ad
2227 2931 2512 2998 Sat.11,3,
2547 2933 2661 2985 130.

1581 3003 1648 3056 V.
1691 3003 1809 3056 179.
1879 3001 2090 3072 Verum,
2143 3004 2344 3072 inquit,
2389 3019 2502 3056 non
2549 3003 2664 3069 suf-

1506 3075 1628 3143 ficit
1682 3089 1851 3128 mores
1905 3080 1954 3129 et
2010 3080 2216 3129 aetates
2267 3079 2407 3129 recte
2466 3073 2664 3128 descri-

1502 3147 1712 3215 μήπω
1775 3145 1990 3200 accedat
2036 3151 2249 3216 oportet
2295 3150 2445 3199 recta
2490 3145 2664 3199 scien-

1510 3217 1596 3272 tia
1653 3232 1838 3271 earum
1893 3233 2091 3285 rerum,
2148 3233 2285 3287 quas
2334 3217 2556 3283 fabulae
2599 3217 2664 3269 in

1510 3304 1711 3343 scaena
1748 3288 1892 3342 actio
1925 3289 2189 3358 postulat,
2222 3305 2289 3342 ne
2313 3287 2444 3357 qaid
2479 3304 2665 3341 coram

1504 3359 1709 3428 populo
1759 3365 1965 3428 agatur
2013 3359 2161 3428 qnod
2201 3361 2402 3414 rectius
2461 3375 2664 3413 amove-

1510 3437 1606 3485 tur
1642 3431 1711 3485 ab
1763 3431 1936 3485 oculis
1981 3432 2259 3486 hominum
2301 3432 2668 3500 (v.188)‚ne

1510 3504 1658 3556 iusto
1705 3502 1880 3556 maior
1930 3503 2164 3557 minorve
2217 3502 2291 3556 sit
2336 3503 2530 3568 fabula
2591 3501 2663 3570 (v.

1516 3573 1658 3642 190),
1701 3590 1768 3628 ne
1803 3589 1890 3628 res
1927 3575 2081 3644 ipsae
2116 3575 2255 3627 male
2291 3574 2437 3627 inter
2473 3589 2528 3627 se
2563 3574 2663 3626 im-

1503 3645 1774 3714 plicentur
1819 3651 1870 3700 et
1924 3645 2261 3714 explicentur
2305 3661 2431 3698 neve
2479 3659 2664 3712 perso·

1510 3734 1615 3771 nae
1659 3717 1948 3771 addantur
1987 3716 2068 3771 vel
2111 3731 2541 3784 supervacaneae
2585 3716 2666 3770 vel

1512 3789 1676 3844 etiam
1731 3793 2093 3858 spectatorum
2149 3787 2360 3841 animos
2421 3787 2664 3842 dividen-

1512 3866 1593 3914 tes
1637 3860 1712 3928 (v.
1763 3861 1902 3927 192),
1953 3875 2020 3913 ne
2065 3859 2258 3914 chorus
2295 3875 2466 3928 prave
2507 3858 2662 3912 adhi-

1510 3932 1703 3986 beatwr
1738 3931 1810 4000 (v.
1833 3931 1976 3999 201),
2001 3930 2232 3998 deniqne
2267 3946 2335 3984 ne
2360 3929 2492 3998 quid
2525 3931 2663 3984 male

1512 4003 1578 4056 cle
1611 4018 1670 4056 re
1706 4001 1914 4056 musica
1944 4002 2230 4057 sentiatur.
2253 4019 2343 4055 vv.
2367 4000 2664 4054 179-219,

1513 4105 1580 4114 -
1629 4072 1871 4159 segnius]
1919 4073 1987 4128 cf.
2037 4073 2242 4128 Herod.
2293 4072 2336 4135 1,
2373 4074 2439 4126 8·
2517 4113 2548 4141 ,,
2535 4063 2662 4157 ,ὦτα

1510 4142 1619 4230 γὰο
1654 4140 1911 4232 τυγχάνει
1955 4139 2304 4214 ἆν9ρωποισι
2343 4139 2503 4198 ἐόντα
2540 4139 2663 4196 ἀπε-

1512 4234 1741 4284 morsa«
1777 4213 2130 4288 ὀφθαλμῶνέ
2115 4215 2148 4244 “
2187 4215 2372 4270 Seneo.
2401 4215 2583 4284 Epist.
2612 4218 2664 4284 6,

1510 4291 1570 4342 4:
1647 4287 1933 4356 „homines
1984 4287 2223 4358 amplius
2272 4288 2446 4342 oculis
2496 4305 2664 4356 quam

1510 4327 1740 4416 aurib’us
1779 4359 2065 4414 creduntfl
2096 4388 2159 4398 -
2185 4359 2337 4413 intus
2370 4359 2542 4430 diyna
2576 4375 2663 4430 ye-

1508 4433 1588 4557 rss]
1639 4430 2552 4556 elimenegunffiirossznnicificfoe‘th
2605 4435 2664 4486 et

1510 4519 2096 4644 aaraquazmnia
2117 4520 2484 4642 inoegdibillilslsl,
2521 4521 2664 4644 {infe
