3092 5059
459 217 539 281 76
568 172 577 179 ’
1420 218 1878 285 oARMmUM

558 403 961 479 Mordaces
1012 405 1237 483 aliter
1289 405 1706 503 diffugiunt
1755 406 2337 482 sollicitudines.

501 562 527 600 ι
566 528 753 621 Quis
782 544 959 631 post
980 532 1159 607 vina
1179 556 1497 630 gravem
1526 532 1880 607 militiam
1906 544 2039 607 aut
2061 532 2514 629 pauperiem
2539 532 2862 627 crepat?

558 654 750 748 Quis
776 680 931 731 non
960 668 1035 731 te
1056 658 1330 756 potius,
1354 656 1656 733 Bacche
1679 670 1924 753 pater,
1951 671 2204 755 teque,
2233 657 2512 733 decens
2541 656 2862 731 Venus?

553 780 661 855 At
710 807 808 857 ne
852 783 1022 880 quis
1076 781 1363 857 modici
1410 780 1787 858 transiliat
1837 808 2158 858 munera
2199 780 2489 877 Liberi,

559 904 990 983 Centaurea
1038 921 1302 983 monet
1354 932 1527 983 cum
1578 907 1932 1005 Lapithis
1986 909 2153 985 rixa
2205 932 2436 1007 super
2481 930 2697 981 mero

555 1029 977 1120 Debellata‚
1032 1044 1295 1107 monet
1346 1030 1720 1109 Sithoniis
1772 1057 1928 1108 non
1973 1032 2168 1108 levis
2219 1032 2532 1127 Euhius,

476 1190 525 1229 ιο
562 1156 755 1233 Cum
804 1155 923 1231 fas
965 1170 1197 1255 atque
1248 1158 1467 1235 nefas
1519 1158 1798 1254 exiguo
1851 1156 2004 1233 fine
2047 1156 2461 1233 libidinum

551 1280 867 1356 Discern
877 1295 1011 1356 unt
1059 1282 1286 1357 avidi.

1391 1282 1566 1358 Non
1621 1308 1766 1382 ego
1820 1297 1917 1378 te,
1975 1282 2302 1359 candide
2351 1283 2752 1378 Bassareu,

555 1406 891 1482 Invitum
944 1408 1285 1507 quatiam
1334 1434 1475 1485 nec
1518 1410 1752 1485 variis
1805 1409 2054 1485 obsita
2107 1407 2516 1484 frondibus

556 1530 713 1608 Sub
770 1532 1031 1608 divum
1086 1535 1411 1631 rapiam.·
1506 1534 1756 1611 Saeva
1799 1547 1974 1611 tene
2030 1561 2206 1610 cum
2258 1534 2714 1633 Berecyntio

454 1771 557 1843 ter]
596 1770 721 1827 Non
762 1776 916 1827 recte
960 1772 1171 1827 faceret
1206 1774 1303 1843 qui
1340 1790 1457 1829 voe.
1498 1774 1602 1829 ali-

454 1847 535 1897 ter
591 1842 661 1897 ad
720 1844 975 1913 proxime
1018 1844 1410 1914 praecedentia
1458 1844 1600 1900 refe-

452 1930 580 1969 rens
617 1914 974 1987 intellegeret
1004 1916 1121 1969 nisi
1156 1916 1421 1971 siccitate.
1457 1917 1602 1971 Nam

454 2003 596 2055 quae
631 1986 819 2041 latet
802 2006 862 2041 m
886 2004 1005 2041 voc.
1041 1987 1202 2041 aliter
1238 1988 1511 2050 condici0,
1534 2007 1601 2043 ea

452 2057 621 2112 altius
686 2058 990 2126 repetenda
1048 2062 1155 2111 est·
1220 2058 1415 2128 quodsi
1466 2061 1602 2115 vites

452 2146 566 2184 non
595 2129 839 2198 plantas,
876 2131 929 2183 si
962 2128 1088 2185 vino
1126 2145 1239 2184 mm
1273 2132 1460 2186 uteris.
1517 2130 1599 2184 Si-

451 2200 717 2255 millimus
756 2205 842 2255 est
878 2202 1030 2256 locus
1071 2200 1181 2256 Cic.
1221 2201 1292 2256 de
1328 2203 1489 2257 amic.
1529 2204 1602 2257 20

450 2274 613 2328 aliter
650 2272 929 2327 amicitiae
960 2276 1069 2326 cet.
1139 2273 1227 2326 Ad
1264 2274 1600 2329 sententiam

450 2344 522 2399 cf.
546 2342 743 2426 Eurip.
763 2342 963 2399 Bacch.
990 2342 1097 2398 278
1085 2362 1268 2431 s'qxqa
1308 2344 1376 2413 ,,ὁ
1413 2350 1600 2432 Σεμέ-

451 2418 543 2483 λης
578 2410 745 2483 γόνος
779 2410 1021 2483 Βότρυος
1070 2412 1247 2503 ὑγρον
1288 2417 1443 2501 πῶμ’
1480 2434 1600 2507 supe

450 2490 842 2571 κείσηνέγκατο
887 2490 1128 2555 Θνητοῖς,
1182 2483 1213 2541 ὃ
1269 2504 1431 2542 navet
1477 2508 1602 2548 τους

449 2553 846 2645 ταλαιπώρους
890 2556 1117 2627 βροτοὺς
1183 2554 1315 2613 Δύπ
1288 2579 1396 2647 ης,
1466 2556 1602 2615 ὅταν

450 2629 782 2713 πλησθῶσιν
814 2624 1070 2698 ἀμπέλου
1119 2630 1262 2700 ῥοῆς,
1288 2626 1507 2685 ’Υπνου
1540 2650 1598 2685 τε

449 2696 625 2767 λήθην
668 2701 779 2755 τῶν
824 2702 953 2753 καθ’
994 2700 1241 2788 ᾖμέραν
1262 2704 1448 2757 κακῶν
1496 2710 1599 2758 At-

452 2775 642 2841 δαισιν,
680 2768 797 2826 οὐδ’
835 2772 944 2826 ἔστ’
988 2776 1119 2826 αλλο
1158 2790 1463 2845 φαρμακον
1496 2770 1602 2829 πό·

450 2848 597 2900 νωνέ
658 2872 722 2883 -
762 2844 967 2913 crepat]
1009 2846 1069 2899 in
1092 2862 1189 2900 ore
1221 2846 1409 2913 habet,
1436 2847 1598 2902 dicti-

450 2922 553 2972 tat.
626 2916 697 2969 cf.
744 2914 858 2969 Sat.
902 2915 972 2981 ΙΙ,
1013 2918 1064 2983 3,
1102 2920 1187 2971 33.
1260 2917 1443 2986 Epist.
1481 2918 1526 2987 Ι,
1566 2920 1599 2971 7

450 2988 537 3043 84.
576 2988 640 3040 A.
668 2986 731 3041 P.
753 2988 875 3040 247.
916 3016 971 3025 -—
1016 2988 1203 3043 decens
1237 2988 1435 3057 Venus]
1474 2990 1599 3059 ipsa

448 3060 649 3114 decens
687 3064 789 3125 est,
826 3076 952 3113 cum
988 3062 1218 3115 comites
1254 3060 1369 3114 sint
1402 3061 1597 3115 decen·

448 3137 535 3185 tes
571 3130 815 3185 Gratiae.
856 3130 1037 3185 Carm.
1062 3132 1107 3199 I,
1132 3133 1185 3199 4,
1212 3134 1262 3185 6.
1286 3160 1355 3171 -
1394 3132 1473 3185 At
1507 3132 1596 3201 ne]

450 3203 545 3257 Sic
579 3202 871 3269 Cruquius.
942 3204 1029 3257 Ac
1059 3218 1127 3257 m
1160 3220 1229 3258 ex
1265 3204 1427 3257 bonis
1466 3221 1598 3259 sane

447 3274 609 3329 libris
646 3272 931 3327 Bentleius
966 3275 1263 3343 praetulit;
1298 3292 1411 3328 non
1438 3276 1596 3343 bene,

450 3361 771 3415 quanquam
800 3347 973 3399 secuti
996 3350 1127 3399 sunt
1144 3346 1441 3416 Hauptius,
1456 3347 1596 3401 Mei-

448 3416 663 3482 nekius,
682 3416 1272 3486 Kellerus,Mulle1-us;
1308 3436 1420 3473 non
1450 3418 1596 3473 Eck-

446 3488 695 3544 steinius.
788 3486 1078 3542 Sententia
1132 3488 1255 3557 ipsa
1318 3489 1597 3561 efflagitat

450 3559 859 3615 adversativam
894 3560 1247 3628 particulam.
1280 3589 1346 3600 —-
1384 3560 1594 3631 Liberi]

449 3632 729 3699 Quattuor
766 3630 821 3683 in
862 3630 969 3685 hoc
1000 3649 1113 3686 uno
1136 3634 1382 3687 carmine
1416 3633 1594 3688 nomi-

448 3722 522 3757 na
566 3706 697 3755 sunt
740 3701 907 3755 unius
954 3702 1063 3771 dei,
1100 3702 1368 3771 Bacchus,
1404 3704 1593 3770 Liber,

446 3772 681 3831 Euhius.
717 3771 1045 3828 Bassareus:
1097 3792 1335 3843 quorum
1371 3776 1480 3830 duo
1531 3776 1592 3828 in

448 3845 735 3914 superiore
770 3848 947 3913 parte,
976 3862 1121 3915 quae
1146 3853 1231 3903 est
1255 3846 1325 3903 de
1352 3862 1592 3901 commo-

447 3918 535 3971 dis
570 3916 708 3981 vini,
744 3916 881 3970 mite
919 3922 977 3972 et
1021 3917 1325 3989 benignum
1368 3934 1592 3985 numen,

445 3988 557 4042 duo
594 3988 653 4041 in
690 3986 973 4057 inferiore,
1012 4004 1151 4058 quae
1176 3994 1262 4044 est
1286 3989 1357 4043 de
1384 3992 1592 4043 incom-

445 4058 625 4114 modis
664 4059 802 4125 vini,
847 4059 1027 4114 ferum
1073 4060 1381 4144 respiciunt
1418 4064 1474 4113 et
1510 4060 1592 4113 in·

446 4130 736 4184 domitum.
774 4130 1000 4185 Euhius
1035 4132 1183 4186 enim
1206 4135 1263 4185 et
1281 4132 1595 4184 Bassareus

444 4202 673 4255 nomina
708 4206 838 4255 sunt
874 4204 1055 4273 petita
1080 4220 1147 4257 ex
1171 4203 1346 4273 orgiis
1382 4205 1441 4255 et
1477 4219 1596 4269 my·

444 4273 632 4327 steriis
664 4272 931 4363 Thraciis,
1007 4274 1223 4328 Euhius
1269 4291 1303 4327 a
1350 4272 1592 4327 clamore

444 4344 837 4400 bacchantium
875 4340 1521 4429 ehoc'‚e1'nin,Bassareus
1559 4362 1594 4399 a

444 4433 583 4471 voce
626 4416 866 4473 Thracia
910 4384 1198 4485 Βασσάραι,
1254 4414 1291 4467 i.
1328 4431 1373 4467 e.
1428 4415 1592 4484 pellis

444 4488 693 4557 vulpina,
766 4506 876 4558 qua
950 4488 1252 4542 utebantur
1324 4485 1592 4542 Bacchae.

445 4558 586 4615 Stat.
622 4559 755 4614 silv.
792 4560 864 4627 11,
902 4562 955 4629 7,
995 4560 1050 4611 7.
1092 4556 1207 4626 „Et
1240 4561 1305 4611 tu
1344 4554 1591 4611 Bassari-

1705 1774 1840 1829 dum
1887 1777 2107 1829 rotator
2142 1773 2398 1831 Euhan.“
2472 1774 2736 1829 Ceterum
2787 1774 2862 1829 dc

1705 1844 1912 1973 {3Vacchi
1964 1846 2281 1901 nominibus
2328 1848 2452 1917 lege
2504 1845 2666 1901 ovid.
2715 1846 2858 1901 Met-

1785 1957 1799 1983 ,
1847 1920 2068 1971 11-17,

1773 1988 1837 2042 V.
1873 1992 1922 2046 8.
1969 1988 2294 2059 Centaurea]
2345 1989 2476 2042 vide
2511 1988 2680 2043 Ovid.
2717 1988 2861 2044 Met.

1704 2060 1830 2121 XII.
1858 2062 1964 2114 219
1977 2078 2096 2129 sqq.
2135 2060 2298 2115 Hom.
2321 2059 2588 2127 od.XXI,
2611 2061 2717 2114 295
2732 2078 2862 2130 sqq.

1705 2160 1771 2171 ——
1809 2148 1974 2202 super
2017 2132 2181 2203 nem]
2233 2132 2532 2189 Ablativus
2577 2149 2708 2186 cum
2751 2132 2864 2187 hac

1702 2203 2118 2273 praepositione
2155 2221 2278 2258 cum
2325 2221 2439 2257 ιιοιι
2476 2204 2862 2275 coniungatur

1701 2276 1810 2329 nisi
1855 2276 1952 2339 ita,
1991 2280 2055 2329 ut
2091 2280 2190 2329 aut
2245 2276 2401 2330 locus
2443 2275 2648 2344 aliquis
2683 2276 2864 2330 altior

1703 2346 1793 2400 vel
1829 2346 2147 2415 superficies
2173 2346 2468 2415 quaedam.
2491 2347 2551 2400 in
2577 2364 2692 2416 qua
2717 2348 2860 2417 quid

1701 2419 1946 2487 positum
1983 2418 2058 2472 sit
2093 2418 2374 2473 indicetur
2409 2418 2620 2487 (Carm.
2652 2418 2697 2483 Ι,
2721 2422 2772 2481 9,
2805 2422 2858 2473 5.

1701 2490 1800 2554 111,
1847 2489 1891 2552 Ι,
1945 2490 2046 2554 17),
2108 2495 2208 2544 aut
2268 2490 2414 2544 ratio
2477 2490 2714 2545 alicuius
2771 2491 2860 2544 rei

1702 2560 1977 2615 habeatur
2001 2562 2204 2627 (Carm.
2235 2560 2336 2631 111,
2361 2564 2412 2629 8,
2444 2562 2523 2614 17.
2563 2560 2660 2629 1v,
2687 2563 2740 2627 2,
2765 2563 2859 2617 42.

1705 2632 1761 2685 C.
1789 2632 1844 2685 S.
1868 2634 1972 2701 18),
1999 2631 2430 2702 Oudendorpius
2455 2632 2860 2703 corrigendum

1702 2704 1926 2773 putavit
1961 2720 2126 2773 super
2160 2720 2380 2760 mmm.
2443 2707 2718 2759 Attamen
2753 2704 2858 2758 du-

1701 2775 2034 2829 bitationem
2077 2776 2238 2830 inicit
2283 2792 2428 2829 unus
2475 2781 2629 2830 certe
2679 2781 2740 2830 et
2783 2776 2860 2829 si-

1700 2846 1966 2900 millimus
2003 2847 2156 2901 locus
2192 2846 2432 2917 Vergilii
2469 2848 2610 2901 Aen.
2649 2846 2751 2914 IX,
2785 2850 2858 2903 61

1701 2923 1890 2985 „nocte
1907 2934 2072 2988 super
2089 2918 2322 2973 media.“
2357 2918 2482 2973 Non
2502 2922 2658 2973 recte
2668 2917 2860 2973 Peerl-

1700 2988 1885 3059 kamp.
1909 2995 1966 3043 et
1984 2988 2182 3043 Orell.:
2205 2988 2276 3043 de
2294 3007 2468 3057 mero,
2485 2994 2725 3059 propter
2742 3007 2859 3044 me·

1701 3078 1843 3128 rum,
1869 3061 1962 3115 cui
1995 3078 2230 3127 merum,
2267 3062 2328 3115 in
2362 3078 2554 3115 mensa
2587 3062 2862 3131 positum,

1701 3133 1910 3201 praeda
1921 3132 2159 3187 cederet.
2177 3162 2242 3171 —
2265 3131 2560 3203 Sithoniis]
2576 3132 2860 3187 Thraciae

1701 3204 1910 3273 populo
1948 3204 2020 3259 ad
2041 3202 2425 3271 Salmydesum
2450 3202 2660 3258 flumen
2697 3204 2864 3259 habi-

1700 3277 1864 3343 tanti,
1903 3275 2102 3344 quibus
2141 3293 2240 3329 cur
2277 3274 2492 3329 Euhius
2529 3274 2707 3329 fuerit
2743 3292 2860 3331 non

1699 3347 1830 3400 levis
1863 3346 2153 3415 intelleges
2191 3364 2258 3400 ex
2297 3346 2480 3401 Carm.
2515 3346 2561 3413 Ι,
2593 3348 2744 3415 27,1
2775 3365 2858 3415 sq.

1703 3448 1768 3457 —
1793 3418 1991 3487 exiguo
2009 3418 2118 3483 fine
2144 3416 2438 3471 libidinum
2497 3418 2706 3488 exig-uo
2747 3418 2860 3472 dis-

1699 3488 1958 3552 crimine,
2021 3487 2172 3557 quod
2227 3489 2376 3543 inter
2476 3495 2736 3543 onestum
2802 3496 2863 3545 et

1699 3564 1866 3630 turpe
1899 3560 2226 3628 relinquunt
2261 3560 2302 3612 ii
2325 3560 2423 3627 qui
2461 3560 2703 3616 libidine
2737 3580 2858 3616 mo-

1697 3638 1916 3685 ventur.
1989 3631 2118 3685 Noli
2169 3631 2506 3701 coniungere
2561 3630 2862 3687 libidinum

1697 3702 1875 3771 αυὶώ’;
1919 3720 2051 3756 nam
2099 3701 2252 3756 avidi
2287 3702 2543 3756 absolute
2585 3704 2859 3773 positum,

1689 3775 1760 3828 ‘ut
1791 3774 1962 3841 Ι,28,
2004 3772 2311 3839 18.111‚4,
2351 3774 2546 3827 58.--
2591 3774 2858 3847 candide]

1695 3846 1951 3912 formose,
2006 3844 2080 3898 ob
2125 3848 2457 3913 perpetuam
2501 3844 2714 3900 Bacchi
2775 3848 2860 3901 iu·

1695 3921 2000 3971 ventutem.
2039 3916 2128 3985 Ep
2129 3916 2219 3969 od.
2243 3917 2294 3977 3.
2323 3917 2371 3968 9.
2411 3916 2596 3970 Carm-
2621 3918 2665 3977 Ι.
2689 3919 2746 3987 2,
2771 3920 2859 3972 31.

1695 3986 1858 4043 ovid.
1883 3986 2032 4041 Fast.
2049 3986 2147 4055 ΙΙΙ,
2169 3988 2300 4039 772·
2332 3987 2606 4053 „candide
2627 3988 2859 4045 Bacche

1741 4060 1898 4159 ‚ipse
1931 4075 2071 4127 puer
2095 4074 2312 4127 semper
2345 4058 2677 4127 iuvenisque
2702 4062 2860 4116 vide·

1694 4131 1806 4184 ris.‘
1877 4158 1945 4169 -
1993 4129 2228 4185 invitum
2273 4130 2546 4201 quatiam]
2587 4130 2764 4187 Sacra
2803 4138 2862 4187 et

1693 4202 1958 4269 mysteria
2017 4198 2219 4254 Bacchi
2279 4201 2660 4255 occultissima
2727 4204 2860 4258 reli·

1696 4273 1864 4343 gione
1925 4271 2381 4339 continebantur;
2456 4272 2652 4341 itaque
2715 4274 2860 4328 dicit

1695 4348 1880 4413 poeta,
1917 4360 1974 4397 se
1995 4342 2199 4397 Bacchi
2225 4342 2386 4397 donis
2411 4360 2523 4397 ιιοιι
2551 4345 2704 4399 male
2729 4364 2858 4399 usu-

1697 4431 1840 4538 ripn,
1877 4431 2056 4539 nleque
2093 4432 2258 4539 (1ηέοεί
2267 4414 2402 4538 degn
2439 4414 2652 4541 celarfi²
2665 4418 2857 4472 volue-

1696 4502 1745 4539 ri
1815 4502 1874 4538 ιιι
1933 4502 2092 4540 ucem
2113 4502 2152 4553 p
2257 4502 2329 4539 uc
2355 4502 2519 4539 urum
2677 4506 2712 4543 ο
2831 4506 2858 4542 s

1692 4557 1920 4626 proprie
1954 4556 2132 4625 thyrsi
2173 4555 2516 4626 quatiuntur.
2559 4588 2628 4599 ·-
2667 4506 2856 4630 mgr-{na}
