3092 5059
1106 225 1263 296 LIB.
1309 227 1358 293 Ι.
1407 223 1682 294 EPIST.
1727 226 1871 296 VII.

2557 235 2683 300 525

381 409 557 487 Non
613 439 766 512 quo
823 440 1042 491 more
1095 415 1286 515 piris
1339 416 1542 490 vesci
1596 413 1928 494 Calaber
1976 417 2193 494 iubet
2244 418 2548 518 hospes,

279 566 330 605 η
381 535 494 610 Tu
552 564 678 614 me
729 540 982 616 fecisti
1033 539 1523 641 locupletem.
1624 541 1985 636 „Vescere
2037 543 2327 620 sodes.“

319 748 328 758 ⁸
380 661 584 756 „Iam
615 663 796 740 satis
831 663 1006 740 est.“
1059 665 1205 760 „At
1259 679 1338 740 tu
1381 680 1749 765 quantum
1784 667 1897 742 vis
1930 666 2179 744 tolle.“
2232 668 2680 768 „Benigne.“

381 787 591 880 „Non
635 789 882 864 invisa
935 791 1133 866 feres
1185 791 1442 891 pueris
1499 791 1953 868 munuscula
2004 791 2325 892 parvis.“

313 960 324 976 .
382 912 610 1006 „Tam
657 927 927 990 teneor
979 914 1188 990 dono
1243 941 1474 1015 quam
1527 915 1591 990 si
1648 914 1993 992 dimittar
2040 916 2412 992 onustus.“

385 1037 530 1132 „Ut
577 1039 801 1116 libet:
858 1040 1049 1117 haec
1098 1043 1356 1139 porcis
1411 1040 1647 1118 hodie
1702 1041 2180 1118 comedenda
2232 1043 2681 1146 1·elinques.“

279 1195 333 1235 ιο
387 1165 765 1264 Prodigus
819 1178 896 1240 et
945 1165 1216 1242 stultus
1271 1166 1511 1242 donat
1563 1191 1763 1266 quae
1815 1167 2111 1266 spernit
2160 1181 2236 1242 et
2286 1169 2485 1246 odit:

337 1347 344 1352 ·
381 1291 597 1366 Haec
646 1315 862 1388 seges
915 1292 1256 1389 ingratos
1309 1291 1486 1366 tulit
1539 1304 1616 1366 et
1664 1291 1864 1366 feret
1916 1291 2273 1367 omnibus
2322 1293 2561 1368 annis.

381 1416 526 1492 Vir
576 1417 824 1492 bonus
877 1429 952 1491 et
1003 1417 1306 1515 sapiens
1360 1415 1615 1514 dignis
1670 1418 1778 1491 ait
1830 1441 1993 1492 esse
2048 1428 2381 1515 paratus,

381 1541 546 1618 Nec
597 1554 851 1618 tamen
907 1540 1216 1638 ignorat
1270 1539 1454 1640 quid
1511 1540 1797 1616 distent
1840 1567 2023 1620 aera
2071 1539 2381 1638 lupinis.

381 1667 720 1765 Dignum
770 1667 1179 1765 praestabo
1235 1693 1360 1744 me
1413 1667 1645 1742 etiam
1698 1691 1841 1764 pro
1892 1666 2127 1744 laude
2176 1666 2565 1742 merentis.

285 1939 398 1991 quo
445 1917 716 1978 scriberet
760 1923 906 1980 hane
951 1925 1265 1994 epistulam,
1313 1942 1444 1982 rure

280 1995 358 2061 (v.
401 1993 456 2064 1)
493 1993 528 2048 i.
566 2011 613 2049 e.
650 1995 710 2048 in
745 1996 882 2049 villa
915 2013 1014 2050 sua
1049 2015 1226 2068 prope
1265 1997 1446 2053 Tibur

283 2066 396 2119 sita
422 2065 635 2122 diutius
658 2071 996 2135 moraretur,
1015 2070 1166 2124 ultro
1193 2071 1352 2139 quasi
1377 2069 1438 2124 in

283 2135 594 2192 Tarentum
615 2139 938 2206 incidimus3
964 2155 1092 2194 cum
1113 2159 1226 2210 qua
1241 2160 1304 2197 re
1323 2159 1436 2196 non

282 2213 496 2264 temere
514 2210 820 2280 coniungas
839 2210 1140 2266 Calabrum
1158 2213 1436 2283 hospitem

283 2298 339 2334 v.
384 2283 468 2349 14,
508 2298 674 2350 quem
711 2299 810 2336 cur
851 2282 1042 2352 potius
1078 2284 1440 2355 descripserit

284 2369 454 2420 quam
473 2353 646 2408 alium
665 2353 808 2408 alius
831 2355 1078 2424 regionis
1099 2373 1212 2410 non
1227 2357 1439 2424 videas,

284 2423 397 2476 nisi
432 2429 492 2479 et
527 2426 746 2494 saepius
783 2425 896 2482 iam
925 2426 1223 2482 Horatium
1249 2429 1308 2482 in
1338 2428 1438 2482 Ca-

284 2494 470 2550 labria
492 2496 664 2551 fuisse
689 2501 748 2552 et
764 2502 900 2554 tunc
917 2496 1222 2554 Tarentum
1285 2504 1440 2554 etere

282 2567 528 2622 voluisse
563 2568 862 2624 existimes.
905 2569 1207 2628 Praeterea
1278 2589 1438 2626 aren·

283 2638 410 2692 tina
455 2639 584 2707 pira
631 2641 767 2695 satis
813 2640 1040 2696 laudata
1084 2648 1260 2698 erant.
1369 2643 1438 2697 cf.

286 2709 431 2764 Plin.
481 2709 548 2764 N.
601 2710 672 2766 H.
709 2712 832 2781 XV,
874 2715 954 2766 15.
995 2743 1059 2753 -—
1103 2713 1439 2784 contractus]

282 2787 549 2866 remotus·
591 2799 628 2836 a
685 2785 925 2854 strepitu
940 2856 972 2869 ..
989 2803 1230 2856 mag-nae
1283 2787 1440 2841 urbis

283 2853 1292 2998 2512?523‡‚2‘.:2{22·.⁸.ffl¹25335.32
1316 2857 1438 2984 233:

283 3001 472 3052 tracto
521 3001 580 3052 et
618 3000 866 3054 remisso.
943 2999 1054 3056 Cic.
1091 3002 1162 3056 de
1199 3000 1354 3057 Orat.
1392 3001 1438 3062 Ι,

286 3069 378 3136 59,
425 3069 558 3124 251:
613 3071 986 3139 „industriam
1042 3074 1330 3144 (oratoris)
1379 3073 1438 3128 in

283 3140 453 3210 plura
489 3140 678 3196 studia
727 3143 1038 3198 distrahere
1081 3144 1306 3198 nolim.“
1380 3143 1440 3197 id

283 3211 358 3266 de
391 3211 528 3282 Leg.
568 3211 641 3278 11,
685 3216 768 3276 15,
807 3217 902 3268 38:
960 3217 1282 3284 ,‚(sonorum
1329 3215 1442 3284 vis)

283 3287 411 3338 tum
446 3285 692 3339 remittit
716 3285 930 3340 animos
957 3291 1077 3341 tum
1101 3286 1439 3342 contrahit.“

284 3354 358 3409 cf.
405 3355 588 3424 Epist.
622 3356 666 3420 1,
708 3359 791 3425 18,
827 3357 915 3411 90.
955 3386 1020 3397 —-
1061 3357 1310 3428 benique]
1357 3363 1442 3412 est

283 3425 540 3482 modeste
576 3429 898 3483 recusantis.
939 3428 1010 3483 cf.
1047 3447 1099 3484 v.
1138 3431 1222 3483 62.
1261 3459 1328 3470 --
1367 3435 1439 3484 te·

285 3514 418 3554 neor
451 3497 619 3570 dono]
657 3497 826 3554 Vetat
862 3517 1091 3556 caesura
1125 3518 1336 3569 versus,
1372 3519 1444 3556 no

289 3569 414 3638 quis
455 3570 598 3626 dono
633 3587 668 3624 a
715 3570 888 3626 verbo
925 3577 1108 3626 teneor
1152 3573 1444 3644 seiungere

289 3648 349 3696 et
385 3658 511 3697 eum
561 3642 680 3696 solo
726 3644 1002 3698 adiectivo
1047 3649 1278 3700 onustus
1317 3661 1444 3700 con-

287 3712 523 3839 ¹{augea-e
559 3714 725 3783 velit5
741 3715 848 3842 dag
881 3721 1324 3857 Jtmmgueffm
1357 3733 1444 3770 re-

313 3801 450 3839 cten
489 3803 603 3840 um.
638 3815 710 3826 --
849 3804 882 3842 o
993 3804 1068 3841 uo
1153 3805 1186 3842 o
1231 3804 1334 3841 ers.
1375 3815 1440 3826 —

284 3855 577 3938 relinques]
615 3856 790 3912 Recte
837 3860 920 3914 sic
956 3804 1161 3929 t<iptimi
1211 3859 1442 3914 codices.

291 3925 387 3982 Sic
421 3928 594 3982 etiam
630 3928 928 3985 Duentzer.
962 3930 1216 3986 Mueller.
1252 3930 1448 3985 Lehrs.

285 3997 498 4054 Keller.
536 4000 857 4057 Doederlin.
910 4003 1196 4057 Eckstein.
1238 4002 1446 4057 Ritter.

287 4069 532 4140 Kriiger.
585 4072 654 4126 cf.
695 4091 748 4127 v.
786 4075 874 4127 43.
921 4073 1190 4128 Praesens
1226 4079 1447 4144 tempus

285 4141 556 4212 relinqu}
593 4161 719 4198 cum
759 4144 1002 4200 Gesnero
1039 4148 1098 4200 et
1133 4145 1248 4201 Fea
1284 4163 1446 4216 prae-

283 4213 542 4272 tulerunt
603 4215 808 4285 Haupt.
879 4216 1124 4271 Meinek.
1198 4217 1445 4284 Linker.‚

283 4285 556 4340 nimirum
597 4291 660 4341 ut
697 4286 876 4357 magis
913 4305 1118 4357 urgere
1153 4289 1442 4344 videretur

291 4358 470 4412 bonus
509 4357 748 4413 Calaber
782 4358 1058 4429 hospitem
1095 4376 1272 4414 suum.

361 4428 426 4483 V.
455 4431 544 4484 20.
577 4430 868 4500 prodique]
907 4431 1008 4498 Ea,
1058 4447 1170 4499 qua
1207 4431 1441 4486 Calaber

283 4500 488 4570 hospes
513 4501 794 4570 utebatur,
827 4502 974 4558 ratio
1002 4501 1250 4556 donandi
1285 4507 1439 4558 reeta

282 4589 401 4632 non
436 4575 536 4641 est,
561 4573 659 4628 sed
677 4574 1042 4646 prodigorum
1067 4573 1356 4630 hominum
1380 4579 1440 4630 et

1536 1926 1867 1995 stultorum3
1904 1923 2181 1995 sapientes
2216 1925 2367 1980 enim
2403 1943 2469 1980 ea
2504 1925 2686 1982 solent

1535 1998 1673 2052 dare
1709 2015 1852 2067 quae
1896 1997 2005 2067 ipsi
2052 1997 2243 2067 mag-ni
2284 1997 2583 2052 aestimant
2626 2002 2685 2053 et

1535 2069 1605 2124 iis
1630 2069 1949 2124 hominibus
1984 2085 2125 2138 quos
2149 2069 2265 2122 suis
2300 2068 2461 2123 donis
2486 2070 2685 2140 dignos

1531 2141 1759 2196 habent.
1808 2139 1993 2208 Quare
2029 2158 2098 2195 ex
2135 2141 2475 2210 sapientium
2511 2141 2687 2196 homi·

1529 2231 1668 2268 num
1702 2212 1866 2267 donis
1968 2212 2087 2266 atia
2116 2211 2267 2268 redit
2306 2229 2419 2266 non
2444 2228 2513 2267 ex
2548 2213 2687 2268 stul·

1531 2291 1737 2340 torum.
1758 2313 1825 2324 --
1926 2284 1974 2338 it
2000 2289 2053 2338 et
2072 2284 2233 2352 feret]
2257 2282 2388 2338 vide
2404 2282 2479 2338 ad
2499 2283 2681 2338 Carm.

1530 2356 1603 2418 11.
1629 2359 1711 2418 13,
1736 2358 1823 2411 20.
1845 2384 1911 2395 -
1930 2354 2198 2426 paratus]
2220 2371 2423 2425 graeca
2448 2363 2535 2410 est
2553 2371 2686 2410 con-

1532 2427 1782 2483 structio.
1814 2435 1881 2482 ut
1904 2426 2083 2482 Carm.
2108 2425 2207 2492 111,
2232 2428 2321 2492 27,
2348 2429 2435 2480 73.
2464 2456 2530 2467 —
2552 2443 2685 2482 aera

1532 2499 1761 2570 lupinis]
1780 2497 2017 2568 Lupinis
2042 2498 2201 2568 quasi
2218 2497 2430 2554 ficticia
2450 2499 2687 2567 pecunia

1531 2571 1837 2625 utebantur
1873 2575 1933 2626 et
1977 2570 2253 2626 aleatores
2290 2573 2349 2624 et
2384 2569 2685 2625 histriones

1533 2643 1595 2696 in
1632 2659 1858 2711 scaena3
1912 2642 2043 2697 inde
2078 2641 2443 2712 proverbium
2476 2647 2683 2696 ortum.

1534 2743 1601 2754 -—
1622 2729 1729 2783 pro
1766 2714 1929 2769 laude
1946 2713 2221 2782 merentis]
2261 2713 2537 2781 Compara
2572 2713 2683 2768 Lu-

1533 2791 1669 2840 cret.
1706 2785 1772 2848 V,
1812 2787 1873 2839 2:
1937 2784 2113 2853 „Quis
2148 2786 2299 2854 potis
2336 2791 2421 2840 est
2454 2785 2685 2854 diffisum

1530 2857 1769 2928 pollenti
1801 2861 2031 2925 pectore
2064 2873 2287 2911 carmen
2314 2855 2565 2912 Condere
2580 2871 2687 2925 pro

1531 2947 1719 2984 rerum
1788 2929 2081 2982 maiestate
2091 2928 2154 2980 ‘?“
2246 2928 2359 2983 Cic.
2421 2927 2549 2983 Div.
2622 2928 2683 2982 in

1533 3001 1688 3056 Caec.
1714 3003 1797 3062 13,
1818 3003 1909 3052 42:
1954 2998 2267 3067 „Quidnam
2302 3015 2405 3068 pro
2428 2999 2683 3054 offensio-

1531 3090 1603 3127 ne
1620 3072 1909 3138 hominum
1928 3077 1987 3126 et
1999 3071 2416 3140 exspectatione
2432 3073 2687 3126 omnium

1533 3143 1757 3213 dignum
1780 3142 1966 3211 eloqui
2002 3143 2285 3212 possimY‘
2323 3142 2403 3196 Et
2432 3144 2688 3198 morantis

1534 3220 1621 3268 est
1650 3232 1754 3284 pro
1790 3216 1919 3270 bene
1947 3215 2220 3280 merentis,
2260 3219 2327 3268 ut
2352 3213 2520 3285 Verg.
2545 3216 2685 3269 Aen.

1534 3285 1629 3354 vl,
1650 3288 1773 3340 664.
1835 3284 2091 3355 Propert.
2114 3285 2211 3354 IV,
2236 3288 2317 3350 11,
2346 3288 2473 3339 101:
2532 3286 2687 3354 „Sim

1534 3357 1593 3411 di
1674 3375 1709 3411 a
1734 3357 2033 3412 meo-endo.“
2070 3357 2190 3412 Hoc
2224 3357 2413 3412 dicere
2436 3357 2685 3413 videtur:

1535 3468 1571 3499 ‚‚
1622 3447 1675 3491 u.
1710 3429 2021 3492 Maecenas,
2056 3445 2181 3482 cum
2220 3429 2371 3513 dicas
2408 3434 2467 3484 te
2502 3429 2687 3500 dignis

1535 3508 2326 3641 Zssffssgnffissiapssssssssffifiss?
2348 3505 2691 3627 ..ῗὲζὲἛέ

1534 3643 1741 3698 habeas
1763 3661 1855 3700 me
1890 3643 2123 3714 dignum
2150 3644 2262 3697 tuis
2286 3643 2466 3698 donis.
2504 3642 2689 3711 Quare

1539 3717 1709 3771 etiam
1754 3715 2053 3784 praestabo
2097 3732 2187 3769 me
2230 3713 2465 3786 dignum
2513 3720 2571 3770 et
2604 3715 2689 3768 ita

1537 3787 1780 3856 quidem,
1834 3792 1900 3841 ut
1946 3804 2013 3840 ex
2054 3785 2339 3840 beneficiis
2370 3787 2484 3840 tuis
2526 3787 2585 3840 in
2630 3791 2691 3840 te

1539 3875 1760 3927 quoque
1781 3857 2061 3912 redundet
2078 3859 2269 3928 aliqua
2282 3858 2427 3926 laus;
2441 3875 2552 3927 qua
2569 3858 2690 3927 ipsa

1539 3947 1601 3984 re
1636 3929 1908 3984 beneficia
1944 3930 2246 3984 stultorum
2270 3935 2328 3983 et
2353 3930 2691 3998 sapientium

1541 4001 1689 4056 inter
1728 4019 1787 4056 se
1825 4001 2128 4070 differunt3
2166 4001 2237 4055 ad
2274 4001 2401 4055 illos
2438 4000 2585 4056 enim
2621 4017 2691 4054 ex

1539 4073 1701 4128 donis
1738 4073 1852 4127 suis
1888 4074 2031 4128 nihil
2074 4072 2293 4127 revenit
2332 4073 2555 4144 gratiae
2590 4077 2691 4128 aut

1538 4144 1737 4200 laudis.
1813 4143 1996 4211 Quare
2037 4144 2215 4198 libere
2256 4143 2539 4198 beneficiis
2574 4143 2691 4198 tuis

1538 4221 1685 4286 utar,
1728 4233 1872 4286 quae
1910 4221 1992 4284 tu,
2019 4233 2146 4271 cum
2170 4215 2348 4270 dares.
2386 4231 2501 4268 non
2534 4215 2693 4269 volu-

1535 4289 1634 4343 isti
1672 4288 2003 4344 imminuere
2050 4286 2485 4342 adhaerentibus
2520 4287 2687 4341 mole-

1535 4361 1659 4414 stiis
1698 4367 1755 4416 et
1780 4359 2162 4414 incommodis.
2202 4358 2350 4412 Olim
2385 4375 2507 4412 cum
2536 4359 2687 4412 iuve-

1535 4431 1623 4486 nis
1649 4449 1839 4498 essem,
1869 4447 2087 4500 semper
2111 4430 2262 4500 apud
2284 4435 2344 4484 te
2360 4447 2515 4484 eram
2538 4428 2689 4484 dele·

1535 4504 1841 4573 ctabarque
1878 4502 2097 4558 urbana
2133 4503 2281 4571 vita;
2316 4502 2399 4556 ita
2434 4517 2524 4556 me
2558 4519 2687 4572 gra·

1535 4578 1657 4629 tum
1693 4578 1985 4645 praestare
2022 4591 2185 4650 nunc,
2223 4591 2351 4631 cum
2386 4590 2687 4642 senescam,
