3092 5059
444 210 564 286 186

1405 210 1863 280 CARMINUM

755 433 804 470 ιο
837 395 1010 472 Non
1061 397 1491 492 auspicatos
1550 396 1897 472 contudit
1946 398 2275 500 impetus

933 519 1255 595 Nostros
1307 531 1382 595 et
1431 520 1804 598 adiecisse
1854 522 2224 622 praedam

1030 645 1470 744 Torquibus
1515 647 1812 742 exiguis
1863 647 2183 724 renidet.

841 795 1095 869 Paene
1148 807 1601 894 occupatam
1654 795 2158 874 seditionibus

838 917 1144 994 Delevit
1193 921 1466 998 urbem
1517 922 1769 998 Dacus
1822 936 1899 998 et
1948 922 2351 1020 Aethiops,

759 1075 808 1117 ιε
941 1041 1094 1120 Η10
1147 1045 1389 1122 classe
1442 1046 1924 1145 formidatus,
1979 1048 2113 1125 ille

1040 1169 1462 1248 Missilibus
1511 1171 1791 1248 melior
1839 1173 2161 1271 sagittis.

839 1320 1205 1398 Fecunda
1250 1321 1520 1423 culpae
1568 1322 1878 1400 saecula
1926 1325 2228 1424 nuptias

838 1446 1189 1522 Primum
1231 1447 1735 1546 inquinavere
1786 1461 1863 1523 et
1914 1473 2155 1544 genus
2208 1461 2283 1524 et
2327 1448 2634 1544 domos3

942 1572 1118 1648 Hoc
1161 1574 1378 1649 fonte
1431 1572 1775 1648 derivata
1822 1573 2079 1650 clades

753 1729 806 1771 ιο
1038 1696 1132 1772 In
1183 1698 1512 1797 patriam
1564 1698 2097 1799 populumque
2144 1699 2379 1775 fluxit.

841 1849 1097 1925 Motus
1150 1848 1415 1925 doceri
1465 1848 1755 1946 gaudet
1796 1849 2103 1926 Ionicos

445 2064 524 2119 M.
565 2064 746 2120 Crassi
784 2070 842 2120 et
891 2065 1060 2120 semel
1096 2064 1358 2134 Pacorus,
1396 2064 1599 2120 Orodis

443 2135 593 2191 filius
629 2137 689 2191 ’a.
727 2139 836 2191 714
871 2136 1028 2191 Didii
1072 2153 1114 2190 s.
1154 2137 1374 2192 Decidii
1421 2137 1601 2192 Saxae

449 2209 758 2263 exercitum
800 2209 957 2263 vicit.
997 2209 1158 2276 Quod
1183 2209 1385 2263 deinde
1419 2226 1473 2263 0.
1493 2211 1599 2262 718

447 2280 568 2348 ipse
615 2280 896 2335 Antonius
949 2297 984 2334 a
1028 2278 1254 2334 Parthis
1303 2285 1597 2349 superatus

447 2355 549 2419 est,
595 2351 655 2406 id
699 2352 884 2406 nescio
935 2369 1046 2420 qua
1081 2352 1419 2406 verecundia
1465 2369 1598 2421 pro-

448 2421 662 2477 hibitus
698 2441 812 2478 non
847 2423 1323 2477 commemoravit.
1388 2424 1597 2478 Amici-

445 2494 527 2549 tia
565 2493 694 2548 Iulii
732 2495 970 2550 Antonii
1007 2493 1211 2561 (Carm.
1231 2493 1326 2562 IV,
1352 2496 1409 2565 2)
1448 2499 1599 2550 certe

447 2583 573 2620 eum
619 2582 730 2620 non
773 2566 1084 2636 prohibuit,
1122 2567 1220 2634 qui
1261 2584 1315 2620 v.
1356 2569 1424 2619 14
1460 2568 1598 2621 satis

444 2637 736 2706 perspicue
780 2637 1095 2691 Antonium
1145 2641 1387 2692 notaret.
1459 2637 1597 2692 For-

446 2713 593 2762 tasse
629 2725 700 2762 ue
741 2709 892 2764 idem
928 2709 1094 2763 homo
1135 2709 1196 2762 in
1231 2709 1451 2764 duobus
1483 2727 1597 2763 ma-

446 2779 515 2834 lis
553 2779 792 2848 publicis
829 2779 1248 2850 conspiceretur
1289 2781 1470 2835 voluit
1507 2797 1597 2836 oa-

444 2867 592 2905 vere.
666 2851 926 2906 Ceterum
981 2853 1258 2906 incertum
1305 2857 1407 2920 est,
1473 2853 1597 2920 quis

446 2921 622 2976 fuerit
635 2921 937 2979 Monaeses.
973 2924 1338 2992 Suspicantur
1359 2924 1599 2978 eundem

451 3011 568 3048 esse
605 3011 733 3048 cum
773 2995 986 3050 Surena
1031 2995 1149 3062 illo,
1201 2995 1298 3063 qui
1336 2995 1597 3050 Crassum

447 3065 609 3130 vicit;
648 3066 946 3121 Monaesen
983 3067 1142 3120 illum
1179 3065 1392 3121 dictum
1429 3066 1598 3121 fuisse

446 3137 679 3206 proprio
715 3139 958 3206 nomine,
999 3138 1268 3193 Surenam
1305 3155 1374 3192 ex
1400 3136 1597 3193 Orien-

447 3209 522 3262 tis
561 3226 716 3263 more
763 3210 1058 3279 dignitatis
1105 3209 1597 3280 vel·magistratus

445 3296 648 3335 nomen
693 3280 878 3335 fuisse.
951 3282 1006 3334 ls
1054 3285 1240 3335 autem
1291 3281 1597 3349 Monaeses,

447 3352 544 3440 qui
583 3351 734 3421 apud
771 3352 1138 3407 Plutarchum
1174 3354 1597 3407 Αιι1οιι.0.37.

445 3441 584 3492 amm
609 3421 886 3494 ἐπιφανὴς
907 3427 1000 3476 καὶ
1025 3421 1311 3482 duratura
1351 3424 1599 3493 pellatur

447 3499 505 3548 et
542 3495 614 3549 ad
633 3496 944 3549 Antonium
969 3495 1136 3566 fugit,
1173 3495 1304 3549 dein
1345 3513 1376 3549 e
1413 3495 1597 3549 aPra-

445 3565 577 3620 hate
614 3571 906 3620 revocatus
931 3571 1032 3624 est.
1067 3584 1186 3621 esse
1210 3567 1428 3636 nequit:
1465 3583 1599 3621 nam

449 3636 660 3691 Surena
696 3638 765 3692 ab
786 3638 988 3706 Orode,
1006 3638 1266 3692 Prahatis
1300 3643 1476 3706 patre.
1515 3640 1597 3691 1ιι-

447 3707 716 3762 terfectus
752 3715 852 3763 est.
879 3740 946 3750 -
983 3726 1097 3764 non
1127 3709 1468 3778 auspicatos]
1511 3709 1599 3764 De

450 3778 646 3834 Crasso
670 3780 809 3835 Vell.
829 3781 954 3835 Pat.
974 3781 1048 3848 H,
1067 3783 1166 3835 46:
1207 3781 1406 3848 „Hunc
1427 3779 1597 3850 profi·

448 3851 746 3906 ciscentem
789 3853 848 3905 in
879 3852 1094 3920 Syriam
1124 3852 1262 3906 diris
1297 3869 1426 3906 cum
1459 3852 1597 3906 omi-

448 3922 612 3977 nibus
643 3923 857 3977 tribuni
889 3923 1067 3994 plebis
1105 3924 1320 3978 frustra
1353 3924 1598 3978 retinere

447 3995 650 4048 conati.
726 3994 972 4062 Quorum
1012 3995 1416 4050 exsecrationes
1454 3995 1500 4048 si
1535 3995 1597 4048 in

447 4066 632 4134 ipsum
665 4066 1052 4122 tantummodo
1091 4067 1416 4133 valuissent,
1455 4067 1599 4120 utile

445 4138 801 4206 imperatoris
851 4139 1115 4192 damnum
1152 4138 1305 4192 salvo
1347 4138 1597 4191 exercitu

447 4209 645 4264 fuisset
696 4211 778 4264 rei
826 4210 1140 4279 publicaef‘
1198 4237 1264 4247 —
1319 4208 1595 4278 contudit]

447 4279 711 4350 Magnam
780 4282 833 4334 h.
895 4300 948 4334 v.
1016 4281 1106 4349 sig
1107 4278 1300 4332 nificat
1357 4279 1599 4347 cladem·
1688 4297 1731 4350 p

449 4369 712 4422 compara
774 4354 890 4406 eius
951 4368 1112 4404 usum
1173 4350 1353 4418 Epod.
1407 4353 1458 4412 5,
1511 4352 1599 4404 98.

449 4389 1599 4503 ΕΡίε1η1111οψῙὸὅ.801.1Ι,7,

453 4493 536 4546 16.
574 4495 752 4548 Garm.
779 4494 874 4560 IV,
905 4498 953 4559 3,
980 4495 1028 4545 8.
1066 4521 1132 4530 --
1161 4491 1394 4561 renidet]
1431 4493 1599 4561 ridet,

455 4564 682 4634 gaudet.
746 4534 906 4620 Ovic’l.
937 4533 1078 4618 'Met
1117 4562 1270 4632 VIII,
1314 4565 1429 4617 197.
1501 4564 1599 4619 Ca-

1690 2067 2041 2128 tu11.39‚1:
2102 2064 2416 2135 „Egnatius
2456 2063 2608 2132 quod
2652 2065 2847 2125 eandi-

1690 2138 1791 2193 dos
1847 2109 2019 2192 habet
2072 2137 2285 2204 dentes,
2345 2135 2585 2191 Renidet
2642 2153 2845 2205 usque-

1692 2211 1949 2278 quaque.‘
1952 2209 2090 2264 ‘De
2124 2207 2519 2262 coniunctione
2556 2207 2631 2262 cf.
2656 2209 2847 2262 Carm.

1690 2280 1859 2348 1,34,
1901 2281 1968 2334 16
2000 2285 2059 2334 01
2092 2279 2223 2334 infr.
2262 2297 2315 2334 v.
2355 2280 2441 2333 21.
2502 2277 2847 2334 Parthorum

1690 2352 1898 2407 milites
1970 2351 2231 2406 tenuibus
2290 2349 2589 2418 torquibus
2658 2351 2847 2404 aureis

1690 2424 1877 2478 ornati
1914 2428 2091 2478 erant.
2123 2453 2191 2463 —
2221 2422 2435 2491 Dacus]
2470 2421 2543 2476 Hi
2582 2421 2654 2476 ab
2676 2420 2847 2477 Octa-

1692 2496 1858 2550 viano
1895 2495 2071 2564 spreti
2108 2494 2179 2548 ad
2196 2494 2505 2548 Antonium
2542 2493 2849 2549 inclinave-

1690 2571 1839 2622 rant.
1879 2565 2045 2636 Verg.
2081 2568 2223 2621 Aen.
2260 2565 2412 2633 VIII,
2450 2565 2572 2618 704.

1765 2637 1829 2692 V.
1855 2639 1937 2691 17.
1962 2637 2223 2708 fecunda]
2249 2637 2335 2691 De
2352 2640 2536 2707 genet.
2561 2635 2635 2690 cf.
2659 2636 2847 2692 Carm-

1691 2707 1785 2776 IV,
1820 2712 1880 2772 4,
1920 2711 2006 2762 58.
2092 2708 2157 2762 In
2210 2708 2443 2777 reliquis
2498 2708 2635 2762 locis
2692 2709 2850 2778 apud

1692 2749 1991 2835 Horatium
2026 2781 2319 2850 genetivus
2343 2797 2457 2832 non
2480 2785 2568 2834 est
2598 2779 2849 2848 additus,

1692 2853 1789 2906 sed
1841 2851 2007 2907 facile
2057 2852 2435 2922 intellegitur3
2494 2851 2567 2906 cf.
2612 2849 2731 2906 Sat.
2772 2852 2848 2920 11,

1692 2925 1867 2984 5,.81
1928 2923 2214 2990 ΙΙ,4..44
2273 2923 2588 2990 Π,3,.287
2652 2923 2849 2977 carm.

1690 2994 1791 3060 111,
1828 2996 1915 3064 28,
1954 2997 2005 3049 6.
2041 2995 2222 3064 Epist.
2256 2994 2303 3062 1,
2341 2995 2516 3062 5,19.
2545 3021 2611 3034 --
2647 2995 2845 3064 oms]

1691 3066 1915 3121 liberos.
1944 3095 2010 3106 —-
2048 3065 2252 3135 domos]
2288 3034 2541 3120 rat’iones
2578 3065 2849 3120 domesti-

1693 3155 1800 3192 cas.
1874 3138 1959 3192 De
2012 3155 2077 3191 re
2121 3153 2385 3206 compara
2430 3136 2691 3206 Propert.
2742 3137 2848 3206 111,

1692 3211 1745 3276 6,
1770 3209 1865 3262 252
1905 3210 2153 3278 „templa
2188 3207 2504 3263 Pudicitiae
2541 3207 2677 3277 quid
2702 3224 2850 3278 opus

1692 3280 1953 3335 statuisse
2004 3280 2225 3349 puellis,
2280 3279 2339 3334 Si
2394 3280 2572 3334 cuivis
2630 3285 2849 3348 nuptae

1694 3351 1926 3407 cuilibet
1962 3369 2079 3406 esse
2114 3351 2300 3405 lieet.“
2371 3350 2454 3405 Id.
2491 3350 2587 3418 IV,
2626 3352 2713 3418 12,
2756 3353 2825 3404 17
2835 3372 2849 3405 z

1694 3423 1865 3492 „quid
1930 3423 2099 3477 faciet
2158 3422 2315 3476 nullo
2380 3423 2599 3476 munita
2657 3423 2853 3491 puella

1694 3463 1915 3562 timore,
1952 3494 2089 3548 Cum
2124 3494 2201 3548 sit
2232 3493 2491 3549 luxuriae
2516 3493 2695 3548 Roma
2730 3512 2850 3548 ma-

1692 3566 1872 3635 gistra
1916 3565 2120 3620 suae‘?“
2182 3565 2346 3620 Ovid.
2392 3567 2521 3620 Am.
2567 3565 2612 3627 1,
2660 3564 2711 3631 8,
2752 3567 2849 3618 421

1696 3637 1920 3704 „Venus
1954 3639 2177 3691 Aeneae
2219 3641 2421 3707 regnat
2456 3637 2517 3690 in
2552 3637 2695 3690 urbe
2746 3637 2851 3690 sui.

1692 3676 1924 3763 Ludunt
1968 3708 2271 3777 formosae3
2328 3713 2485 3762 casta
2538 3712 2624 3762 est
2678 3724 2849 3776 quam

1693 3797 1857 3834 nemo
1882 3781 2136 3863 rogavit3
2173 3782 2309 3847 Aut,
2338 3780 2385 3833 si
2422 3779 2711 3833 rusticitas
2736 3797 2851 3834 non

1692 3856 1866 3919 vetat,
1906 3853 2027 3922 ipsa
2060 3851 2277 3922 rogat.“
2355 3850 2492 3904 ibid.
2528 3849 2627 3916 111,
2664 3854 2714 3915 4,
2754 3851 2849 3904 3⁷:

1696 3923 1973 3991 „rusticus
2020 3927 2107 3977 est
2149 3923 2402 3987 nimium,
2452 3939 2619 3990 quem
2672 3922 2851 3977 laedit

1694 3995 1951 4049 adultera
2006 3995 2283 4048 coniunx.‘
2360 4023 2425 4032 -
2483 3995 2549 4047 in
2594 3994 2850 4061 patriam

1686 4065 2079 4136 populumque]
2105 4065 2411 4132 Bentleius,
2433 4081 2505 4118 ne
2523 4063 2707 4120 otiosa
2728 4083 2850 4132 syn-

1692 4153 1895 4204 onyma
1932 4137 2187 4208 ingerere
2232 4137 2521 4190 videretur
2560 4135 2852 4204 Horatius,

1694 4225 1840 4262 corn
1882 4209 2087 4262 endum
2151 4208 2379 4278 putavit
2430 4208 2599 4275 inque
2662 4213 2855 4276 patres

1864 4296 2075 4348 umque,
2114 4285 2179 4332 ut
2210 4279 2379 4350 Verg.
2414 4281 2555 4332 Aen.
2594 4277 2695 4344 IV,
2732 4281 2853 4333 682.

1693 4350 1789 4418 IX,
1829 4351 1933 4404 192
1970 4351 2038 4404 al.
2114 4350 2224 4405 Sed
2270 4368 2383 4405 non
2433 4355 2519 4403 est
2566 4353 2667 4404 tan
2786 4351 2855 4404 da

1696 4423 1929 4490 antiqua
1988 4423 2255 4476 formula·
2320 4421 2389 4476 cf.
2450 4421 2577 4475 Liv.
2767 4424 2854 4475 41.

1696 4493 1827 4547 Sall.
1867 4493 1986 4548 Cat.
2024 4495 2108 4547 52.
2182 4493 2344 4548 ovid.
2382 4492 2519 4547 Met.
2563 4491 2689 4555 XV,
2728 4494 2855 4548 572.

1694 4562 1913 4620 Deinde
1960 4564 2111 4634 apud
2146 4564 2445 4620 Horatium
2482 4579 2583 4634 que
2614 4580 2851 4635 praepo·
