3092 5059
907 219 1070 285 LIB.
1107 219 1222 285 111.
1265 219 1518 286 GARM.
1560 219 1711 285 XX.
1757 219 1940 285 XXI.

2502 221 2625 284 215

627 405 902 482 Fertur
951 419 1029 482 et
1077 405 1235 482 leni
1286 430 1637 482 recreare
1688 417 1920 479 vento

630 529 996 630 Sparsum
1048 529 1384 606 odoratis
1438 553 1789 604 umerum
1836 526 2155 628 capillis,

541 687 590 729 ιε
629 653 894 748 Qualis
944 669 1077 730 aut
1123 654 1403 730 Nireus
1457 654 1605 730 fuit
1648 665 1779 728 aut
1830 679 2149 754 aquosa·

817 781 1108 879 Raptus
1157 780 1256 858 ab
1307 779 1477 856 Ida.

1087 1135 1466 1226 CARMEN
1530 1139 1752 1222 XXI.

623 1302 691 1382 Ο
745 1316 923 1381 nata
973 1330 1276 1382 mecum
1323 1303 1637 1381 consule
1687 1303 2003 1400 Manli0,

621 1429 774 1506 Seu
821 1442 904 1506 tu
955 1429 1338 1531 quereHas
1394 1429 1557 1505 sive
1607 1429 1811 1536 geris
1861 1429 2071 1504 iocos

247 1651 451 1708 Heroid.
489 1655 543 1723 9,
585 1654 653 1706 12
708 1653 845 1724 „sub
904 1653 1046 1724 pede
1097 1654 1245 1708 colla
1290 1658 1370 1708 te-

247 1725 376 1778 net.“
443 1725 699 1794 Propert-
747 1725 792 1794 1,
847 1727 895 1792 1,
929 1725 966 1778 4
1041 1725 1154 1794 „Et
1203 1730 1373 1796 caput

249 1794 499 1864 impositis
563 1795 770 1866 pressit
834 1799 1011 1851 Amor
1080 1797 1370 1865 pedibus.“

247 1866 338 1920 Est
361 1867 658 1928 Nearchus.
706 1868 802 1936 qui
845 1868 1013 1937 plane
1060 1867 1370 1923 incuriosus

247 1939 542 1994 certaminis
579 1943 743 1994 astat.
791 1939 946 1994 Haec
985 1945 1174 1994 autem
1208 1941 1372 2010 pueri

247 2009 690 2136 ifflegen‘viitsstss
711 2010 1372 2152 ‘22333312221'1‘152‘1133

245 2153 400 2207 oculis
411 2101 703 2223 g{reponit
736 2153 990 2208 tabulam
1013 2101 1371 2224 piggregnon

247 2224 525 2294 indignam.
560 2224 791 2279 Etenim
831 2226 1075 2294 palmam
1110 2227 1210 2281 sub
1237 2227 1373 2295 pede

243 2311 420 2363 ponere
435 2295 666 2367 superbi
687 2301 788 2365 est,
807 2314 935 2350 cum
945 2297 1184 2353 victoria
1199 2298 1370 2352 etiam

246 2371 500 2422 certantes
591 2369 997 2424 contemnentis
1020 2408 1035 2437 ,
1131 2385 1370 2424 umerum

245 2443 378 2493 vento
445 2455 686 2495 recreare
766 2440 1114 2511 neglegentis
1129 2481 1142 2504 ,
1217 2441 1371 2496 aliud

247 2510 458 2578 agentis.
511 2509 838 2582 Fingendus
875 2517 1066 2566 autem
1112 2529 1252 2582 puer
1287 2519 1372 2568 est

245 2581 429 2650 nudus3
465 2581 526 2636 id
572 2583 724 2652 quod
773 2587 998 2652 praeter
1032 2583 1242 2638 nudum
1279 2601 1372 2653 pe·

247 2651 355 2706 dem
391 2653 560 2708 etiam
596 2671 822 2708 umerus
859 2656 1221 2710 demonstrat.
1258 2656 1370 2710 Nu·

247 2723 372 2778 ditas
406 2729 596 2780 autem
630 2727 800 2780 index
843 2725 1277 2797 pulchritudinis
1315 2733 1373 2782 et

248 2809 304 2848 ex
319 2797 596 2865 palaestra
617 2797 818 2868 petita,
843 2797 990 2852 unde
1009 2815 1207 2853 scaena
1225 2817 1369 2854 sum-

246 2871 330 2934 pta
360 2868 597 2924 videtur.
661 2899 724 2908 —
785 2868 988 2939 fertur]
1026 2867 1266 2940 Oblique
1314 2875 1371 2925 et

246 2939 458 3007 superbe
491 2940 600 2996 hoc
643 2941 706 2994 in
745 2939 1049 3010 Pyrrhum:
1101 2941 1234 2996 dum
1269 2959 1369 2996 vos

245 3025 466 3080 pugnam
501 3013 737 3082 paratis,
781 3011 829 3065 is
875 3011 1084 3067 dicitur
1132 3017 1366 3081 quanto·

245 3096 356 3147 pere
389 3099 486 3137 vos
521 3083 798 3153 despiciat
826 3083 1124 3140 manifesto
1158 3085 1365 3140 indicio

245 3154 516 3220 aperuisse.
559 3185 627 3194 —
665 3153 896 3224 Nireum]
933 3155 1112 3224 Epod.
1156 3158 1239 3216 15,
1278 3158 1368 3211 22.

245 3221 386 3294 Hom.
421 3225 486 3279 11,
523 3225 597 3295 H,
633 3228 755 3280 673.
799 3253 860 3265 --
895 3233 1094 3296 raptus
1129 3227 1200 3282 ab
1232 3226 1364 3297 Ida]

244 3293 581 3365 Ganymedes.
618 3327 686 3336 —
727 3297 956 3367 aquosa]
995 3297 1084 3352 Ex
1122 3299 1366 3354 Homero

241 3373 500 3500 ffigztzm
551 3368 869 3438 epitheton:
925 3364 1220 3440 πεδήεσσα,
1267 3389 1365 3424 πο-

557 3551 844 3609 Carmen
881 3553 1030 3610 XXI.

300 3646 430 3702 Cum
463 3647 542 3702 M.
579 3649 836 3705 Valerius
872 3651 1132 3706 Messalla
1175 3653 1366 3720 Corvi·

239 3735 327 3772 nus
368 3719 552 3788 (natus
598 3739 646 3776 a.
685 3740 738 3776 u.
777 3741 824 3778 c.
861 3725 984 3790 685,
1032 3740 1158 3778 cum
1204 3722 1366 3779 Octa·

239 3789 386 3846 viano
410 3793 603 3846 consul
641 3811 752 3862 quo
783 3811 928 3849 anno
965 3794 1116 3865 apud
1139 3795 1366 3850 Actium

239 3859 560 3918 debellatum
609 3871 711 3935 est,
757 3869 1010 3920 mortuus
1071 3869 1199 3933 757)
1253 3885 1366 3921 non

239 3933 435 3989 minore
479 3935 636 4004 pacis
685 3954 854 4006 quam
911 3937 1048 3992 belli
1083 3938 1248 3993 laude
1283 3939 1366 3992 in·

241 4005 394 4074 signis
428 4005 665 4062 Horatio
702 4009 776 4063 ad
823 4026 1016 4064 cenam
1063 4027 1122 4064 se
1169 4014 1365 4065 ventu·

241 4092 348 4132 rum
381 4078 516 4133 olim
553 4081 905 4148 promisisset
948 4081 1220 4149 optimum
1257 4083 1364 4136 sibi

240 4149 372 4214 quod
413 4150 473 4202 in
523 4150 768 4206 fumario
819 4157 1138 4208 servaretur
1171 4154 1364 4208 vinum

243 4221 586 4286 promendum
640 4239 760 4278 esse
815 4223 908 4279 hic
963 4224 1123 4278 vidit.
1205 4223 1367 4292 Quod

240 4287 358 4371 dum
390 4291 546 4361 facit,
582 4294 758 4349 animi
791 4295 877 4349 sui
913 4313 1101 4350 sensus
1129 4295 1213 4350 ita
1236 4314 1364 4366 pro-

243 4359 330 4422 d1t,
365 4367 428 4416 ut
464 4365 536 4419 ad
582 4365 768 4434 ipsum
822 4367 1013 4421 vinum
1068 4384 1364 4422 conversus

242 4432 464 4498 primum
517 4437 755 4505 aperiat,
807 4439 1005 4506 quanti
1049 4437 1364 4494 Messallam

241 4501 451 4574 habeat,
495 4507 698 4563 deinde
742 4509 858 4564 vini
899 4509 1204 4566 beneficam
1249 4511 1366 4564 vim

246 4577 478 4632 omnibus
511 4579 802 4648 hominum
833 4585 892 4636 et
927 4583 1271 4652 temporibus
1307 4587 1367 4638 et

1475 1651 1893 1708 condicionibus
1948 1653 2301 1724 conspicuam
2363 1652 2623 1713 celebret,

1473 1723 1714 1794 denique
1759 1726 1831 1779 ad
1885 1743 2079 1780 cenam
2124 1742 2292 1794 quam
2338 1729 2422 1778 est
2466 1723 2624 1778 insti·

1471 1799 1700 1850 tuturus
1724 1814 1975 1851 reversus
2002 1796 2284 1867 generosis
2318 1795 2620 1864 amphorae

1473 1866 1635 1921 donis
1675 1868 1940 1936 quamdiu
1982 1869 2197 1939 possint
2244 1867 2526 1921 fructuros
2562 1883 2623 1921 se

1474 1956 1592 1993 esse
1627 1939 1978 2008 polliceatur.
2050 1939 2207 1993 Idem
2242 1955 2417 2008 prope
2453 1955 2619 2008 argu-

1471 2014 1723 2064 mentum
1798 2011 2109 2066 subiectum
2182 2015 2266 2064 est
2328 2009 2621 2078 Epistulae

1474 2082 1705 2150 quintae
1744 2081 1875 2136 libri
1908 2083 1953 2150 1,
1986 2099 2129 2152 quae
2166 2081 2373 2150 partim
2396 2081 2469 2136 ad
2490 2081 2618 2135 illu-

1473 2153 1733 2207 strandas
1788 2153 1953 2208 huius
2007 2153 2269 2208 carminis
2322 2153 2619 2208 nonnullas

1471 2225 1775 2280 sententias
1800 2225 2009 2295 partim
2046 2225 2118 2280 ad
2148 2224 2447 2280 discrimen
2472 2224 2624 2294 quod

1473 2297 1773 2352 intercedit
1833 2298 1983 2351 inter
2038 2296 2275 2365 lyricum
2331 2313 2505 2366 genus
2561 2299 2621 2351 et

1473 2368 1771 2437 epistulam
1808 2368 2252 2438 perspiciendum
2279 2367 2350 2421 ab
2386 2368 2619 2439 legenti-

1471 2439 1577 2493 bus
1613 2440 1781 2494 velim
1817 2444 2186 2510 comparetur.
2260 2439 2452 2508 Neque
2488 2439 2619 2494 alie-

1471 2528 1607 2564 num
1654 2516 1739 2566 est
1796 2529 2020 2566 carmen
2056 2511 2101 2580 1,
2140 2514 2223 2565 19.
2295 2509 2504 2565 Scaena
2554 2529 2620 2566 ea

1473 2589 1575 2651 est,
1612 2587 1677 2636 ut
1710 2587 1937 2652 poetam
1984 2600 2098 2637 non
2148 2581 2299 2636 domi
2335 2583 2619 2638 sedentem

1474 2671 1540 2708 ac
1576 2655 1958 2722 meditantem,
2005 2655 2100 2709 sed
2149 2654 2208 2708 in
2258 2653 2379 2723 ipso
2417 2654 2620 2708 amico·

1471 2743 1600 2779 rum
1638 2731 1914 2780 conventu
1968 2727 2154 2781 subito
2204 2725 2276 2779 ad
2310 2726 2620 2780 canendum

1472 2796 1771 2851 incitatum
1816 2797 2030 2867 videas3
2077 2815 2201 2852 eam
2251 2797 2401 2852 enim
2444 2797 2619 2852 Hora-

1473 2869 1586 2922 tius
1622 2886 1760 2938 prae
1796 2887 1855 2924 se
1890 2869 2003 2924 fert
2028 2870 2266 2938 speciem
2294 2874 2351 2924 et
2376 2869 2621 2924 ostendit

1471 2956 1639 2994 versu
1675 2942 1707 2993 7
1733 2939 1959 2996 Corvino
1993 2941 2231 3010 iubent03
2270 2957 2413 3010 quae
2448 2941 2619 2994 verba

1471 3015 1538 3065 ut
1584 3015 1776 3066 cenam
1825 3012 1939 3066 iam
1983 3017 2257 3080 paratam,
2301 3017 2619 3082 praesentes

1468 3083 1752 3151 convivas,
1798 3083 2114 3138 Messallam
2162 3084 2333 3138 etiam
2380 3083 2617 3138 fortasse

1469 3159 1898 3224 συμποσίαρχον
1927 3155 2162 3210 meliora
2206 3156 2339 3210 vina
2374 3155 2615 3210 claman-

1467 3230 1581 3280 tem
1608 3227 1899 3281 audiamus
1924 3226 2075 3280 haud
2099 3226 2273 3282 dubia
2308 3227 2366 3280 vi
2391 3231 2613 3296 cogunt.

1537 3297 1605 3350 V.
1649 3302 1696 3352 1.
1767 3297 1852 3352 Ne
1894 3301 2234 3352 vetustatem
2276 3298 2395 3352 vini
2442 3297 2615 3352 admi·

1465 3369 1609 3423 reris
1660 3368 1729 3424 cf.
1782 3368 2007 3423 Petron.
2058 3369 2172 3425 Sat.
2210 3371 2307 3423 34:
2388 3369 2615 3438 „statim

1467 3440 1675 3496 allatae
1710 3446 1841 3495 sunt
1877 3441 2180 3510 amphorae
2229 3441 2444 3495 vitreae
2492 3441 2616 3495 dili·

1466 3516 1670 3582 genter
1705 3516 1990 3582 gypsatae,
2025 3529 2261 3581 quarum
2296 3513 2355 3566 in
2392 3511 2617 3567 cervici·

1465 3583 1571 3637 bus
1628 3583 1865 3654 pittacia
1908 3589 2074 3638 erant
2117 3583 2303 3639 adfixa
2348 3600 2474 3639 cum
2510 3584 2617 3639 hoc

1467 3655 1638 3710 titulo
1696 3655 2117 3710 FALER-N'VM
2189 3653 2616 3710 OPIMIANVM

1468 3725 1831 3781 ANNORVM
1880 3725 2237 3782 CENTVM.“
2287 3757 2353 3766 —
2400 3743 2494 3783 seu
2529 3727 2614 3798 tu]

1465 3797 1557 3852 Ex
1611 3799 1845 3853 diversis
1904 3799 2040 3854 haec
2093 3803 2316 3869 sumpta
2360 3803 2489 3853 sunt
2534 3798 2616 3853 bi·

1464 3870 1720 3924 bentium
1789 3870 2029 3941 ingeniis
2094 3875 2152 3925 et
2216 3870 2491 3939 moribus3
2554 3871 2611 3924 in

1467 3941 1593 3997 aliis
1630 3941 1743 3996 alia
1778 3942 1863 3996 vis
1898 3943 2015 3997 vini
2055 3946 2169 4010 est3
2209 3943 2392 4012 ipsum
2429 3947 2617 3997 autem

1466 4014 1661 4068 vinum
1706 4013 1969 4068 innocens
2026 4019 2111 4068 est
2164 4017 2222 4068 et
2276 4014 2449 4083 pium.
2525 4012 2617 4068 Sic

1461 4085 1567 4155 pia
1619 4089 1761 4140 testa
1816 4086 2102 4140 vocativus
2164 4102 2279 4138 non
2328 4089 2411 4138 est
2459 4101 2611 4154 sepa-

1465 4156 1673 4211 randus
1719 4175 1753 4210 a
1808 4157 2268 4226 praecedentibus
2324 4156 2615 4210 sententiis

1465 4243 1561 4282 seu
1582 4257 1655 4267 —
1678 4227 1819 4297 sive3
1868 4245 1993 4284 cum
2030 4229 2231 4297 quibus
2269 4228 2351 4281 ita
2387 4227 2613 4280 coniun-

1463 4298 1677 4369 gendus
1723 4305 1823 4366 est,
1872 4305 1937 4354 ut
1988 4299 2170 4354 Carm.
2214 4299 2286 4367 II,
2323 4298 2378 4368 2,
2416 4301 2449 4352 2
2488 4315 2615 4353 cum

1465 4371 1744 4440 particula
1788 4371 1927 4440 uis&
1972 4371 2072 4425 ubi
2112 4369 2241 4424 vide
2279 4387 2423 4438 quae
2457 4387 2615 4425 com-

1463 4443 1802 4510 paraverim.
1838 4444 1931 4498 Ad
1966 4462 2018 4497 v.
2059 4445 2104 4496 1.
2141 4441 2214 4498 cf.
2235 4440 2420 4512 Epod.
2447 4443 2531 4511 13,
2560 4445 2611 4498 6.

1465 4512 1674 4568 Tibull.
1710 4513 1781 4573 11.
1815 4515 1863 4581 1,
1896 4515 1962 4567 27
1976 4535 1989 4567 :
2029 4513 2225 4582 „Nunc
2259 4514 2399 4567 mihi
2436 4514 2613 4570 fumo·

1467 4601 1557 4640 sos
1610 4585 1803 4642 veteris
1857 4584 2108 4655 proferte
2162 4585 2429 4642 Falernos
2476 4587 2611 4643 Gon-
