3092 5059
1019 277 1182 343 LIB.
1229 279 1280 342 Ι.
1325 277 1507 344 SAT.
1554 277 1729 343 VIII.
1773 277 1895 344 IX.
2438 379 2445 386 Ο
2532 279 2657 342 403

356 461 686 562 Largior
737 463 1011 540 arserit
1060 464 1285 561 ignis,
1339 477 1416 539 et
1467 477 1553 540 ut
1603 491 1759 540 non
1810 465 2023 541 testis
2073 463 2357 540 inultus

273 621 324 661 a
359 589 826 665 Horruerim
877 613 1101 664 voces
1151 588 1560 664 Furiarum
1617 601 1693 664 et
1744 589 1945 665 facta
1998 589 2347 666 duarum.

355 713 579 809 Nam,
636 713 978 814 displosa
1033 726 1254 790 sonat
1308 727 1677 814 quantum
1729 715 2006 811 vesica,
2063 715 2348 814 pepedi

354 837 669 915 Diffissa
711 853 888 915 nate
933 838 1156 934 ficus3
1216 851 1292 915 at
1342 820 1522 914 illae
1574 863 1880 914 currere
1931 839 2010 913 in
2060 839 2356 915 urbem.

360 965 733 1043 Canidiae
790 964 1079 1060 dentes,
1135 964 1368 1040 altum
1427 963 1779 1062 Saganae
1829 963 2303 1040 caliendrum

353 1088 732 1165 Excidere
783 1103 1015 1190 atque
1067 1089 1347 1166 herbas
1403 1102 1633 1189 atque
1684 1089 2068 1164 incantata
2116 1087 2421 1164 lacertis

267 1243 320 1286 ω
358 1213 692 1290 Vincula
739 1241 913 1290 cum
958 1239 1244 1312 magno
1300 1214 1615 1314 risuque
1658 1214 1988 1313 iocoque
2040 1211 2364 1288 videres.

1356 1439 1559 1450 ——-

1171 1604 1499 1691 SAT1RA
1562 1604 1705 1688 IX.

354 1786 575 1863 Ibam
629 1788 834 1863 forte
882 1787 1008 1865 via
1061 1814 1302 1882 sacra,
1356 1787 1553 1862 sicut
1602 1813 1816 1862 meus
1866 1800 1979 1863 est
2026 1812 2192 1861 mos

353 1912 632 1988 Nescio
689 1913 876 2012 quid
933 1913 1312 1990 meditans
1365 1938 1767 2010 nugarum,
1822 1926 2023 1988 totus
2075 1912 2155 1986 in
2207 1910 2395 2008 illis3

255 2176 362 2232 dus
396 2179 588 2235 leniter
623 2179 800 2235 adflat
834 2181 1062 2236 Amor.“
1133 2180 1210 2235 id.
1245 2180 1321 2249 H,
1358 2181 1406 2246 6,

258 2249 352 2303 45:
392 2251 728 2322 ,furtimque
761 2252 1000 2307 tabellas
1023 2252 1248 2308 Occulta
1283 2269 1412 2322 por-

257 2325 386 2374 tans
423 2322 578 2391 itque
619 2323 878 2393 reditque
913 2325 1094 2378 sinu.“
1139 2353 1200 2364 —
1237 2323 1412 2394 cerea]

255 2392 619 2464 disyllabum;
661 2395 790 2449 vide
825 2396 897 2450 ad
925 2396 1103 2450 Garm.
1125 2395 1224 2463 111,
1246 2399 1298 2464 4,
1319 2399 1404 2450 41.

256 2493 326 2504 —
382 2466 710 2536 horruerim]
763 2467 878 2522 Fea
934 2485 1002 2522 ex
1057 2485 1170 2522 uno
1221 2467 1412 2522 codice

257 2537 485 2663 &⁰233
507 2537 806 2664 ‘'bimi-n]
823 2539 1412 2682 fflffaffiqiissfflss

257 2677 511 2735 defendit
573 2680 917 2736 Kirchnerus
985 2687 1045 2737 et
1117 2686 1414 2737 servarunt

257 2749 578 2806 Doederlin.
635 2752 867 2808 Holder.
922 2754 1143 2809 Miiller.
1201 2754 1411 2809 Keller.

255 2821 540 2878 Eckstein.
579 2822 820 2879 Fritsch.
859 2825 1100 2897 Kriiger.
1137 2854 1205 2867 —
1242 2824 1412 2880 Furi-

261 2893 444 2964 arum]
483 2895 595 2949 Cur
631 2895 832 2950 Furias
873 2898 1134 2968 appellet,
1177 2897 1410 2968 colligas

260 2982 330 3018 ex
365 2965 544 3035 Epod.
582 2968 635 3034 5,
675 2971 758 3021 15.
797 2970 883 3022 27.
921 2997 996 3009 —
1031 2969 1237 3039 dentes]
1289 2969 1410 3036 „Io-

256 3041 419 3091 catur
455 3038 514 3091 in
551 3037 670 3106 has,
717 3041 877 3108 quasi
924 3042 1104 3095 altera
1149 3041 1410 3096 dentibus

257 3109 529 3178 appositis
565 3110 652 3164 uti
689 3111 857 3165 solita
893 3113 984 3175 sit,
1025 3113 1220 3176 altera,
1259 3113 1412 3181 quod

254 3179 455 3304 flabra
489 3180 680 3249 fuerit,
735 3183 1078 3238 caliendrum
1127 3184 1181 3238 h.
1230 3201 1276 3238 e.
1314 3201 1412 3255 ga-

277 3251 549 3307 ericulum
603 3253 721 3306 sive
784 3255 992 3310 crinem
1062 3255 1412 3326 suppositum

255 3321 464 3378 habere
493 3327 862 3380 consuesset.“
905 3326 1086 3382 Schol.
1129 3327 1247 3382 Iam
1267 3327 1412 3381 anti·

257 3395 382 3462 quis
419 3396 766 3464 temporibus
802 3399 1108 3454 utebantur
1147 3398 1410 3453 dentibus

253 3466 440 3521 insitis
455 3507 470 3536 ‚
517 3467 685 3523 ebore
733 3468 897 3524 factis
952 3475 1010 3525 et
1057 3469 1170 3525 filis
1227 3470 1411 3525 aureis

254 3538 406 3592 inter
441 3555 500 3594 se
524 3539 850 3622 coniunctis.
889 3540 1157 3596 Emidere
1177 3542 1412 3596 verbum

253 3625 566 3764 ramas
580 3616 912 3754 aasz?
927 3613 1410 3741 §aazias

256 3753 366 3806 tmi
401 3753 647 3809 excidere
685 3757 856 3824 equis,
893 3757 1141 3812 excidere
1167 3773 1305 3821 aree,
1341 3758 1410 3811 si-

257 3825 434 3878 milia.
483 3824 610 3880 Non
647 3826 838 3882 obstat
873 3827 1053 3898 Epod.
1095 3831 1145 3890 5.
1185 3831 1256 3882 27
1294 3829 1410 3898 (Sa-

255 3909 406 3966 gana
451 3895 647 3952 horret
689 3899 924 3968 capillis)
964 3900 1100 3969 quin
1138 3900 1190 3954 h.
1231 3901 1268 3954 l.
1307 3900 1412 3954 fal-

255 3968 332 4021 sis
383 3969 632 4023 crinibus
687 3975 947 4026 ornatam
992 3969 1272 4043 Saganam
1330 3973 1412 4025 vi-

258 4039 500 4094 deamus.
562 4070 628 4080 -
682 4041 924 4112 vincula]
971 4045 1230 4111 „amoris,
1281 4042 1411 4098 licia

257 4129 326 4165 ex
359 4111 594 4167 diversis
633 4112 932 4178 coloribus,
969 4115 1170 4183 quibus
1195 4119 1408 4170 mentes

257 4182 546 4237 hominum
585 4184 962 4239 vinciebant.“
1007 4186 1216 4241 Comm.
1245 4186 1412 4255 Cruq.

259 4253 331 4308 cf.
367 4253 536 4325 Vei-g.
576 4254 770 4310 Bucol.
808 4257 861 4324 8,
901 4257 989 4312 73.

329 4395 488 4450 Ibam
647 4396 796 4452 forte
829 4398 924 4453 via
1154 4393 1313 4455 sa'cra

329 4467 459 4523 lbat
645 4467 796 4524 forte
837 4471 982 4525 aries
1155 4472 1342 4541 inquit

329 4538 530 4595 Nescio
568 4568 635 4579 -

327 4611 588 4668 Festibus
623 4639 687 4652 -

1880 2179 1917 2234 S
1936 2197 1971 2235 a
1989 2180 2049 2234 ti
2066 2197 2097 2234 r
2114 2195 2149 2234 a
2191 2179 2289 2234 IX.

1580 2251 1960 2307 Familiaritas
2021 2251 2359 2306 Maecenatis
2420 2249 2659 2305 Horatio

1509 2327 1577 2377 ut
1611 2323 2051 2378 obtrectatorum
2098 2322 2394 2390 invidiam,
2442 2323 2511 2377 de
2548 2338 2659 2390 qua

1507 2399 1639 2448 sunt
1674 2395 1879 2449 satirae
1917 2397 1967 2450 3.
2005 2398 2055 2448 4.
2095 2394 2147 2464 6,
2193 2395 2275 2449 ita
2310 2395 2657 2463 importuno-

1505 2483 1633 2520 rum
1672 2466 1959 2521 hominum
1982 2467 2277 2521 molestam
2302 2466 2658 2520 sedulitatem

1507 2542 1868 2592 contraxerat
1882 2579 1896 2606 ‚
1970 2538 2067 2607 qui
2141 2538 2401 2592 fortunae
2458 2537 2657 2606 filium,

1508 2626 1673 2678 quem
1718 2609 2015 2664 Horatium
2063 2627 2181 2664 esse
2228 2609 2525 2679 putabant,
2562 2608 2657 2662 ad·

1505 2681 1777 2736 mirantes
1810 2682 2005 2736 eodem
2044 2698 2154 2750 quo
2192 2681 2287 2736 ille
2310 2681 2661 2750 pervenisset

1504 2758 1873 2824 perventuros
1922 2771 1981 2808 se
2028 2769 2249 2823 quoque
2298 2751 2657 2820 confiderent,

1507 2825 1807 2879 dummodo
1853 2825 2093 2895 primam
2146 2823 2537 2879 difficultatem
2585 2823 2660 2878 ad

1503 2896 1885 2950 Maecenatem
1903 2896 2267 2966 perveniendi
2286 2899 2657 2964 superassent.

1505 2967 1593 3022 Ex
1641 2968 1749 3022 hac
1795 2969 1973 3039 igitur
2021 2969 2192 3022 turba
2244 2967 2555 3030 doctorum,
2594 2971 2659 3020 ut

1506 3040 1752 3104 aiebant,
1797 3040 2089 3094 hominum
2141 3057 2311 3094 unum
2357 3043 2525 3107 poeta
2572 3055 2657 3092 ar·

1506 3116 1731 3180 reptum
1766 3111 1953 3166 iocosa
1992 3127 2055 3165 ac
2089 3109 2278 3181 lepida
2313 3110 2534 3164 ratione
2568 3108 2660 3164 de·

1505 3182 1720 3237 scribit.
1794 3182 1917 3250 Quo
1952 3183 2138 3237 tendit
2178 3183 2347 3236 homo
2385 3182 2657 3250 importu-

1505 3271 1627 3320 nus,
1666 3271 1731 3309 eo
1757 3271 1858 3324 per
1884 3255 2149 3325 ambages
2185 3253 2549 3324 progreditur
2575 3252 2659 3308 ita

1506 3329 1573 3380 ut
1610 3327 1903 3380 eonsilium
1940 3343 2101 3380 suum
2139 3343 2303 3380 versu
2340 3325 2562 3379 demum
2590 3327 2659 3378 43

1505 3397 1741 3467 aperiat.
1814 3398 1968 3452 Haec
2018 3414 2239 3466 quoque
2274 3397 2449 3451 satira
2486 3415 2556 3451 ex
2593 3413 2659 3450 eo

1545 3485 1710 3524 enere
1769 3473 1881 3532 est,
1936 3469 2087 3538 quod
2154 3469 2437 3523 iudicatur
2491 3483 2661 3538 supra

1505 3485 1620 3595 gat.
1662 3541 1707 3608 1,
1745 3543 1797 3608 4,
1842 3541 2140 3595 137—139.
2179 3539 2300 3607 Quo
2339 3557 2485 3594 anno
2523 3539 2661 3595 haec

1505 3612 2238 3753 {ifffi‘zsssozissgw‘ssssa
2268 3611 2660 3736 ”ilffstffffl

1503 3755 1845 3810 Maecenatis
1881 3755 2215 3825 Horatiique
2254 3754 2505 3808 amicitia
2544 3753 2661 3806 tale

1507 3827 1647 3897 quid
1704 3827 1875 3881 scribi
1925 3828 2201 3896 potuisse3
2258 3843 2429 3894 quare
2484 3823 2659 3878 haud·

1506 3915 1789 3968 quaquam
1826 3915 2164 3969 magnopere
2220 3900 2529 3968 potuerunt
2576 3913 2659 3949 er-

1507 3989 1637 4026 rare
1669 3971 1765 4040 qui
1803 3987 1948 4024 anno
1986 3972 2091 4024 ’119
2129 3970 2219 4024 vel
2246 3969 2351 4022 720
2389 3968 2533 4022 hanc
2572 3984 2655 4020 sa·

1506 4043 1677 4097 tiram
1716 4043 2117 4097 attribuerunt.
2156 4039 2537 4095 Memorabilis
2574 4043 2659 4092 est

1507 4113 1753 4168 imitatio
1774 4114 1999 4184 Lucilii,
2026 4131 2195 4184 quam
2212 4113 2272 4166 in
2290 4112 2475 4182 primo
2492 4125 2658 4164 versu

1509 4203 1633 4240 cum
1664 4185 1957 4240 Luciliano
1984 4189 2307 4254 comparato
2332 4187 2549 4238 tantam
2574 4181 2657 4234 in-

1508 4257 1760 4312 venimus
1799 4261 1865 4310 ut
1899 4257 2135 4312 verbum
2172 4256 2362 4321 verbo,
2399 4270 2659 4309 caesurae

1511 4345 1739 4384 caesura
1776 4329 2141 4398 respondeat:

1507 4401 1590 4455 sic
1787 4405 1851 4455 ut
1994 4399 2003 4486 Ι
2078 4415 2233 4455 meus
2396 4399 2481 4451 est
2503 4412 2624 4450 mos

1508 4473 1623 4526 iam
1784 4471 1937 4542 quod
1994 4487 2001 4534 ι
2078 4486 2253 4544 genus
2394 4472 2637 4539 quantus
