3092 5059
1073 266 1350 331 LIBER.
1425 263 1679 330 GARM.
1723 264 1936 330 XVII.

2576 258 2699 323 331

611 452 826 546 Quae
875 453 1048 530 finis
1092 466 1223 529 aut
1278 452 1485 552 quod
1541 478 1665 529 me
1716 464 1975 529 manet
2024 446 2537 549 stipendium?

607 578 900 676 Effare3
953 580 1202 654 iussas
1257 604 1430 654 cum
1481 578 1637 655 fide
1688 604 1975 679 poenas
2025 576 2259 671 luam,

605 702 929 779 Paratus
985 704 1320 804 expiare,
1375 730 1508 781 seu
1561 702 2008 801 poposceris

619 829 946 907 Centum
1001 830 1366 905 iuvencos
1418 830 1582 905 sive
1634 827 1991 903 mendaci
2036 826 2209 924 lyra

522 984 576 1025 ιο
610 954 848 1030 Voles
903 955 1199 1030 sonari:
1253 954 1371 1029 Tu
1423 952 1726 1052 pudica,
1776 965 1855 1027 tu
1908 952 2157 1049 proba

611 1076 1196 1153 Perambulabis
1249 1091 1456 1154 astra
1505 1077 1713 1153 sidus
1766 1102 2107 1153 aureum.

611 1200 936 1277 Infamis
987 1202 1334 1279 Helenae
1386 1202 1665 1279 Castor
1708 1202 2043 1277 offensus
2094 1199 2345 1273 vicem

612 1324 1041 1425 Fraterque
1081 1328 1348 1424 magni
1401 1326 1735 1403 Castoris
1786 1326 1973 1401 victi
2014 1349 2247 1423 prece

613 1448 1002 1548 Adempta
1051 1453 1204 1528 vati
1251 1452 1669 1529 reddidere
1714 1451 2029 1525 lumina.

528 1608 579 1647 45
613 1574 708 1647 Et
758 1587 862 1670 tu,
915 1587 1136 1674 potes
1188 1602 1390 1671 nam,
1447 1575 1663 1651 solve
1710 1601 1837 1650 me
1888 1574 2295 1669 dementia,

613 1698 682 1777 Ο
733 1726 878 1777 nec
930 1702 1270 1800 paternis
1321 1702 1673 1779 obsoleta
1723 1700 2101 1795 sordibus,

614 1826 775 1901 Nee
824 1826 906 1899 in
949 1826 1324 1923 sepulcris
1375 1852 1805 1927 pauperum
1856 1825 2194 1924 prudens
2244 1851 2430 1900 anus

613 1950 1131 2027 Novendiales
1187 1940 1562 2047 dissipare
1613 1951 1991 2049 pulveres.

613 2075 790 2151 Tibi
839 2076 1219 2175 hospitale
1271 2090 1536 2176 pectus
1590 2088 1666 2151 et
1708 2102 1950 2173 purae
2002 2100 2297 2170 manus,

527 2232 580 2272 ω
617 2200 980 2299 Tuusque
1033 2214 1301 2277 venter
1352 2202 1859 2297 Pactumeius,
1914 2215 1991 2276 et
2032 2214 2165 2275 tuo

613 2324 909 2403 Cruore
953 2326 1229 2401 rubros
1283 2326 1651 2401 obstetrix
1699 2351 1993 2423 pannos
2042 2324 2253 2419 lavit,

611 2450 1051 2549 Utcumque
1103 2452 1326 2526 fortis
1375 2450 1633 2526 exsilis
1678 2476 2084 2551 puerpera.

310 2673 431 2728 554.
470 2672 590 2727 Liv.
628 2672 806 2741 XXII,
841 2675 930 2728 57.
967 2674 1078 2730 Cic.
1101 2674 1238 2759 Leg.
1265 2674 1336 2741 Π,
1366 2676 1459 2728 22.

314 2744 584 2812 „Necesse
620 2750 705 2800 est
741 2714 972 2801 edisseri
1017 2764 1049 2801 a
1094 2746 1273 2814 nobis,
1322 2764 1464 2815 qnae

310 2784 437 2869 linis
458 2816 713 2872 funestae
733 2816 983 2873 familiae
1003 2819 1144 2873 cet.“
1169 2848 1234 2857 —
1261 2819 1462 2887 stipen-

311 2886 486 2958 dium]
525 2888 594 2943 de
631 2906 827 2958 poena,
866 2894 930 2943 ut
969 2888 1462 2957 Catull.64,173:

313 2957 627 3025 „Indomito
661 2976 765 3015 nec
799 2960 925 3014 dira
961 2960 1147 3014 ferens
1187 2962 1465 3029 stipendia

313 2999 539 3099 ’tauro“,
573 3031 642 3087 de
679 3032 1124 3087 adulescentibus
1153 3037 1212 3087 et
1245 3033 1464 3102 puellis,

318 3118 457 3169 quos
505 3102 872 3158 Athenienses
929 3104 1226 3172 quotannis
1284 3104 1463 3159 Mino-

311 3176 475 3227 tauro
505 3174 794 3229 miserunt.
819 3202 884 3214 —-
913 3175 1024 3230 sivo
1052 3176 1299 3231 mendaci
1316 3175 1461 3246 lyra]

314 3244 658 3300 Gravissima
684 3250 928 3314 εἰρωνεία
951 3246 1046 3301 hic
1069 3251 1296 3316 aperta3
1331 3264 1464 3301 nam

316 3334 484 3385 quam
521 3317 842 3371 mendacem
872 3318 954 3371 ita
988 3318 1238 3387 appellat
1265 3318 1463 3386 lyram,

315 3392 380 3442 ut
415 3389 713 3443 mentitam
751 3406 873 3443 eam
904 3389 962 3443 in
1001 3388 1344 3444 diffamanda
1367 3388 1464 3443 Ca-

315 3458 469 3513 nidia
506 3460 762 3515 videatur
797 3460 980 3521 fateri.
1025 3478 1149 3514 eam
1190 3460 1357 3515 simul
1393 3461 1464 3514 si-

395 3530 548 3585 ificat
595 3548 744 3586 nunc
787 3532 1018 3585 mentiri
1062 3532 1122 3585 in
1170 3532 1464 3587 laudanda.

315 3548 470 3670 {tuliae
508 3602 680 3657 verba
723 3602 894 3657 mend.
931 3603 1032 3672 lyr.
1071 3622 1198 3658 cum
1242 3620 1464 3672 praece-

313 3674 468 3736 dant,
503 3674 888 3742 insequentem
911 3674 1136 3729 laudem
1159 3692 1382 3729 omnem
1407 3676 1464 3728 in

314 3744 632 3799 irrisionem
668 3750 914 3801 vertunt.
940 3774 1006 3785 ·-—
1036 3745 1463 3817 perambulabis]

317 3816 386 3871 cf.
424 3816 496 3869 ad
533 3816 584 3869 E
660 3815 714 3869 d.
754 3819 806 3882 4,
848 3820 897 3871 ὃ.
931 3846 996 3855 -
1035 3816 1276 3884 Infamis
1307 3818 1465 3871 Hele-

319 3886 446 3958 nae]
507 3888 566 3941 in
593 3892 846 3954 amatae;
907 3888 1256 3943 Stesichorus
1318 3890 1465 3943 enim

314 3963 482 4028 poeta
556 3959 732 4013 oculis
793 3963 988 4028 captus
1054 3977 1172 4014 esse
1239 3960 1465 4027 dicitur,

316 4030 448 4099 quia
494 4029 768 4085 Helenam
825 4030 1112 4086 maledicis
1167 4036 1224 4085 et
1273 4037 1464 4085 contu-

316 4101 558 4155 meliosis
595 4102 848 4157 versibus
887 4104 1246 4157 laceraverat.
1317 4102 1464 4157 Plat-

317 4172 553 4227 Phaedr.
604 4189 660 4243 p.
701 4176 825 4227 243.
866 4176 964 4228 A.:
1022 4168 1200 4241 „''Eern
1246 4174 1309 4228 δὲ
1355 4180 1469 4233 τοῖς

313 4238 693 4333 ἁμαρτάνουσι
765 4250 891 4333 περὶ
947 4249 1304 4334 μυθολογίαν
1374 4264 1466 4298 κα-

317 4313 538 4401 θερμὸς
572 4313 819 4387 ἀρχαῖος,
855 4312 922 4370 ὃν
947 4313 1184 4389 Ὄμηρος
1219 4318 1332 4401 μὲν
1369 4313 1467 4371 οὐκ

313 4380 538 4471 ᾔσθετο,
577 4392 927 4475 Στησίχορος
961 4390 1025 4442 δὲ
1073 4390 1183 4443 τῶν
1215 4385 1323 4457 γὰρ
1363 4385 1465 4460 ὀμ-

316 4452 512 4528 μάτων
534 4464 834 4546 στερηθεὶς
845 4457 937 4513 διὰ
955 4458 1054 4547 τὴν
1073 4459 1286 4524 Ἑλένης
1305 4480 1467 4527 κακη-

313 4535 528 4599 γορίαν,
563 4527 662 4583 οὐκ
695 4525 969 4617 ἠγνόησεν
1005 4527 1196 4602 ὥσπερ
1209 4528 1464 4618 Ὅμηρος,

313 4596 430 4655 ἀλλ’
467 4597 560 4655 ὅτε
595 4600 862 4673 μουσικὸς
884 4596 962 4657 ὢν
998 4605 1146 4674 ἔγνω
1167 4602 1268 4671 τὴν
1285 4606 1466 4659 αἰτίαν

1559 2678 1650 2728 καὶ
1699 2680 1853 2728 ποιεῖ
1893 2669 2057 2734 ευθὺς
2100 2669 2231 2730 Οὐκ
2276 2674 2420 2728 ἔστ’
2468 2674 2710 2743 ἔτυμος
2796 2672 2803 2682 “

1559 2740 1761 2815 λόγος
1809 2764 2029 2814 ουτος,
2068 2742 2217 2799 οὐδ’
2256 2746 2412 2814 ἔβας
2450 2746 2525 2799 ἐν
2560 2762 2707 2810 νηυ-

1562 2822 1674 2871 σὶν
1727 2786 2097 2889 εὐσέλμοις
2141 2812 2282 2871 ουδ’
2340 2821 2481 2870 ἵκεο
2524 2819 2708 2903 Πέρ-

1558 2909 1746 2975 γααα
1788 2894 2061 2957 Τροίας,
2099 2894 2190 2942 καὶ
2227 2882 2463 2955 ποιήσας
2499 2885 2568 2954 δὴ
2604 2888 2707 2939 πᾶ-

1561 2977 1669 3014 σαν
1685 2959 1783 3027 τὴν
1790 2964 2145 3046 καλουμένην
2173 2962 2339 3013 παλαι
2340 2961 2513 3029 ῳδίαν
2536 2978 2708 3028 παρα·

1555 3027 1932 3171 ἔέΐὲἶεῖῖἕέ
1918 3033 2149 3158 ²223..
2162 3031 2515 3158 §.2³5³ssssss
2518 3030 2707 3169 ¹1⁰1²lmsn

1560 3176 1653 3229 34:
1694 3194 1827 3244 v„os
1862 3176 2258 3245 respondetote
2280 3175 2448 3229 istinc
2470 3174 2709 3228 istarum

1559 3247 1795 3301 vicem.“
1836 3247 1947 3302 Cic.
1986 3247 2142 3301 Fam.
2174 3244 2269 3315 IV,
2292 3248 2353 3299 5:
2395 3246 2519 3314 „An
2556 3244 2709 3299 illius

1559 3320 1756 3386 vicem,
1796 3319 1979 3385 credo,
2014 3318 2241 3373 doles?“
2270 3346 2340 3357 —
2374 3322 2531 3387 potes
2554 3315 2705 3385 nam]

1559 3390 1691 3444 vide
1724 3390 1797 3445 ad
1836 3389 2015 3445 Carm.
2052 3390 2097 3454 Ι,
2128 3392 2211 3457 18,
2248 3392 2295 3442 3.
2337 3388 2519 3459 Epod.
2548 3390 2631 3451 14,
2657 3388 2707 3441 6.

1562 3460 1676 3516 Sat.
1694 3460 1766 3528 11,
1790 3464 1842 3530 3,
1860 3465 1950 3515 41.
1974 3464 2026 3529 6,
2045 3464 2129 3515 78.
2166 3460 2245 3515 Et
2262 3478 2527 3531 compara.
2542 3459 2709 3529 Verg.

1562 3534 1699 3589 Aen.
1738 3532 1829 3593 VI,
1874 3534 1975 3586 116
2010 3550 2091 3602 sq.
2130 3532 2291 3587 Hom.
2318 3531 2421 3587 Od.
2459 3532 2554 3596 IV,
2585 3532 2710 3596 237,

1560 3606 1683 3658 612.
1708 3605 1831 3659 827.
1874 3605 1937 3667 V,
1958 3606 2028 3658 25
2054 3622 2175 3674 sqq.
2196 3632 2267 3645 —
2287 3604 2566 3672 paternis]
2592 3620 2705 3657 sor-

1562 3675 1707 3730 didis
1744 3676 2072 3745 parentibus
2108 3680 2290 3731 ortam
2327 3675 2480 3730 dicit.
2526 3702 2591 3715 -—
2630 3690 2707 3729 se-

1558 3747 1767 3815 puhm's
1776 3749 2113 3817 pauperum]
2134 3747 2201 3802 cf.
2224 3747 2337 3803 Sat.
2358 3747 2402 3815 1,
2414 3747 2465 3814 8,
2484 3746 2711 3799 14—20.

1564 3819 1818 3873 Divitum
1838 3820 2107 3889 sepulcris
2134 3820 2220 3873 sui
2254 3823 2417 3873 erant
2438 3817 2710 3872 custodes.

1562 3920 1629 3929 --
1692 3890 2033 3947 novendiales
2091 3890 2362 3959 pulveres]
2434 3894 2710 3957 recentes3

1560 3978 1709 4016 nono
1744 3962 1895 4016 enim
1932 3962 2023 4017 die
2066 3964 2255 4017 omnia
2290 3964 2439 4015 iusta
2472 3958 2709 4015 mortuis

1559 4038 1789 4103 peracta
1824 4038 2003 4087 erant.
2046 4034 2344 4103 Dissiparc
2380 4037 2465 4087 est
2498 4032 2561 4085 in
2596 4046 2707 4085 ma-

1556 4105 1737 4174 gicum
1770 4120 1928 4158 usum
1962 4120 2288 4160 consumere.
2324 4132 2393 4143 --
2431 4103 2711 4157 Pactume-

1560 4175 1673 4246 ius]
1746 4175 1849 4230 Est
1914 4194 2116 4231 nomen
2178 4175 2285 4229 filii
2340 4173 2710 4243 suppositicii,

1560 4264 1727 4315 quem
1782 4247 1891 4301 sibi
1934 4246 2115 4303 filium
2159 4264 2279 4301 esse
2326 4247 2565 4302 dicebat.
2638 4244 2708 4300 cf.

1562 4318 1742 4388 Epod.
1770 4322 1821 4387 ὅ,
1850 4322 1899 4372 5.
1935 4318 2085 4372 Illud
2124 4323 2310 4372 autem
2336 4335 2466 4373 vere
2494 4322 2579 4372 est
2610 4334 2707 4371 no-

1560 4407 1689 4445 men
1709 4390 2041 4459 Romanum,
2068 4408 2197 4443 nam
2234 4390 2293 4443 in
2334 4388 2708 4459 inscriptioni-

1562 4462 1665 4516 bus
1702 4462 1999 4531 reperitur.
2040 4460 2329 4517 Iudicatur
2366 4466 2517 4516 certe
2540 4460 2707 4515 homo

1560 4532 1833 4588 ridiculus
1848 4534 1939 4589 vel
1968 4532 2243 4587 sordidus.
2296 4533 2489 4588 Venter
2520 4537 2709 4587 autem

1560 4621 1667 4675 pro
1729 4603 1851 4659 filio
1900 4606 2117 4675 positus
2174 4609 2277 4675 est,
2330 4604 2482 4675 quod
2536 4622 2710 4674 quan·
