3092 5059
951 418 1040 532 Q.
1113 412 1561 512 HORA'PII
1620 412 2006 512 FLAcot

716 607 808 717 C
909 612 1020 716 A
1109 609 1222 718 R
1312 609 1448 717 M
1540 609 1605 717 I
1688 610 1812 719 N
1903 609 2013 715 U
2109 610 2246 717 M

1149 812 1407 878 LIBER
1448 810 1788 878 PRIMUS.

1368 998 1569 1009 ——-

1219 1120 1599 1207 CARMEN
1664 1124 1727 1207 I.

573 1280 976 1355 Maecenas
1031 1280 1271 1355 atavis
1327 1279 1534 1356 edite
1584 1280 1920 1377 regibus,

571 1403 638 1481 O
695 1417 772 1479 et
821 1404 1292 1504 praesidium
1347 1417 1424 1479 et
1473 1404 1697 1480 dulce
1752 1405 1985 1481 decus
2044 1430 2336 1480 meum:

658 1551 944 1607 Carmen
978 1552 1024 1607 L

336 1622 616 1679 Horatius
633 1622 948 1679 Maecenati
967 1629 1082 1679 tres
1108 1624 1283 1679 libros
1309 1642 1428 1679 esr-

259 1696 484 1750 minum
521 1694 766 1751 edendos
807 1695 916 1750 hoc
943 1696 1192 1751 carmine
1229 1696 1426 1751 inseri·

263 1767 405 1838 psit,
465 1784 578 1835 quo
633 1767 801 1821 simul
855 1768 954 1836 qui
998 1767 1212 1822 factum
1265 1772 1426 1837 esset,

263 1844 334 1893 ut
370 1839 446 1893 sd
481 1840 700 1908 poesim
733 1838 1090 1909 potissimum
1127 1856 1428 1895 conversus

265 1912 446 1966 alium
510 1911 662 1966 vitae
727 1928 952 1965 cursum
1013 1929 1128 1965 non
1186 1916 1424 1981 teneret,

265 1982 570 2039 ostendere
604 1982 838 2037 studuit.
901 1982 1141 2037 Diversa
1179 2000 1294 2037 esse
1332 1983 1429 2037 ho-

266 2056 486 2109 minum
523 2054 608 2108 sit
630 2055 876 2125 ingenia.
909 2054 1050 2109 alios
1076 2054 1204 2108 aliis
1228 2054 1432 2109 studiis

268 2126 440 2181 trahi.
480 2126 566 2180 De
604 2143 716 2195 qus
751 2126 1082 2180 diversitate
1117 2132 1234 2181 tres
1271 2126 1432 2195 qussi

271 2197 554 2267 quaedam
567 2198 794 2253 tabulae
811 2203 1224 2267 proponuntur,
1241 2197 1300 2251 in
1311 2198 1432 2267 qui·

268 2270 377 2323 bus
413 2270 696 2324 humanae
739 2276 980 2324 naturae
1017 2269 1436 2338 voluntatisque

271 2342 594 2424 pugnantis:
611 2341 869 2409 exempla
887 2346 1318 2423 componuntur.
1347 2343 1436 2423 A‘?

269 2412 1306 2553 fffflmqssssfiffoeffioetzissffffissf
1333 2428 1430 2537 2¹33

269 2556 471 2610 etot-iis
505 2556 568 2608 in
604 2555 749 2609 ludis
790 2556 1031 2625 publicis
1073 2555 1432 2625 reportandis

273 2626 527 2695 (Graeci)
565 2626 654 2680 vel
691 2644 830 2680 sura
863 2627 1127 2696 populari
1153 2626 1433 2697 captanda

271 2698 718 2767 muneribusque
801 2699 1062 2767 gerendis
1134 2698 1434 2766 (Romani),

275 2788 402 2825 eum
439 2769 627 2838 iisque
665 2769 956 2840 coniungit
980 2770 1120 2823 alios
1148 2771 1432 2825 cumulan-

274 2842 364 2896 dis
409 2841 632 2895 divitiis
669 2840 1044 2895 deditissimos
1087 2840 1168 2910 (v.
1206 2842 1434 2912 3—10);

279 2914 458 2969 altera
475 2912 764 2983 componit
779 2914 1084 2983 agricolam
1094 2914 1280 2983 patrio
1297 2930 1434 2984 agro

277 2988 608 3039 contentum
643 3002 768 3039 cum
804 2989 978 3039 nauta
1011 2985 1153 3039 lueri
1190 2984 1434 3040 faciendi

277 3057 594 3126 eupiditate
617 3056 836 3127 agitato
863 3061 936 3121 (ν.
964 3058 1224 3125 11-18);
1263 3057 1436 3111 tertis

277 3130 532 3183 illustrat
569 3128 748 3183 vitam
794 3128 1082 3182 hominum
1129 3129 1436 3183 otiosorum

276 3206 518 3255 naturae
543 3199 990 3255 iucunditatibus
1017 3199 1328 3254 fruentium
1353 3200 1438 3254 in·

278 3272 566 3341 genioque
587 3272 1019 3343 indulgentium,
1045 3276 1105 3325 et
1127 3272 1268 3326 alios
1290 3290 1438 3327 oom-

277 3350 464 3411 psrat,
493 3344 594 3411 qui
633 3344 882 3411 quietam
907 3344 1087 3397 vitem
1111 3350 1438 3413 spernentes

283 3414 566 3469 bellorum
626 3420 682 3468 et
739 3415 1102 3469 venationum
1157 3421 1316 3471 motu
1373 3432 1440 3469 ac

280 3488 560 3541 verietate
575 3486 1071 3541 maluntdeleetari
1090 3486 1165 3555 (v.
1185 3487 1438 3556 19—28).

285 3556 402 3612 hm
427 3575 568 3612 vero
596 3575 654 3612 se
680 3576 900 3627 quoque
924 3558 1132 3613 habere
1156 3558 1296 3613 dicit
1329 3575 1440 3627 quo

285 3634 574 3696 teneatur3
601 3632 813 3699 poesim
831 3647 890 3683 se
914 3630 1202 3684 adamasse
1228 3648 1296 3684 ae
1316 3638 1439 3684 ten·

285 3705 480 3771 topere
519 3702 639 3756 eius
675 3702 994 3771 voluptates
1029 3702 1337 3770 percipere,
1375 3706 1442 3755 ut

285 3773 487 3827 relicte
530 3777 687 3827 terra
728 3772 800 3827 sd
843 3772 1058 3827 caelum
1091 3790 1270 3843 prope
1313 3791 1441 3828 evo-

283 3844 426 3899 lasse
464 3844 576 3898 sibi
611 3844 889 3899 videatur.
963 3844 1084 3911 Quo
1122 3844 1440 3899 dulcissimo

285 3934 450 3971 sensu
489 3933 552 3971 se
587 3916 883 3986 deceptum
919 3933 1032 3971 non
1056 3915 1196 3985 fore,
1225 3916 1273 3970 si
1299 3934 1444 3985 quse

287 4006 490 4043 canere
526 4002 693 4042 ausus
731 3990 822 4054 sit,
848 4007 881 4043 s
901 3988 1228 4043 Maecenate
1253 3988 1444 4058 aliqua

287 4060 457 4116 laude
473 4060 650 4130 digus.
669 4058 998 4115 habeantur.
1027 4059 1284 4114 Ceterum
1307 4060 1444 4115 Pin·

287 4131 416 4186 dari
469 4132 628 4185 loeus
675 4132 978 4200 persimilis
1019 4136 1222 4200 poetae
1269 4132 1443 4187 oculis

290 4204 622 4259 obversatus
647 4220 766 4257 esse
789 4202 1036 4270 videtur,
1057 4220 1092 4257 a
1118 4202 1286 4257 Sexto
1312 4202 1444 4257 Em·

289 4275 469 4343 pirieo
496 4274 696 4345 Pyrrh.
719 4273 967 4345 Hypoth.
992 4274 1038 4342 Ι,
1075 4292 1128 4343 p.
1155 4276 1225 4327 23
1263 4292 1446 4330 servs·

291 4350 398 4413 tus,
441 4346 586 4417 frag.
623 4347 748 4401 242.
786 4346 878 4400 B.:

345 4412 723 4473 Ἀελλοπόδων
767 4422 880 4489 μέν
931 4420 1030 4473 τιν’
1069 4413 1450 4490 εὐφραίνωσιν

1186 4493 1378 4543 ἵππων

301 4564 470 4633 Τίμια
506 4564 596 4615 καὶ
633 4566 924 4629 στέφανοι,
959 4556 1088 4619 τοὺς
1121 4560 1173 4613 δ’
1199 4562 1262 4615 ἐν
1284 4564 1448 4615 noiv-

393 4682 612 4723 Horstius
647 4683 722 4726 ed.
759 4682 1094 4731 Dmsnburger
1123 4682 1196 4723 ed.
1226 4682 1326 4723 VH.

1766 1608 1771 1613 ,
1841 1546 2073 1624 χρόσοις
2110 1547 2387 1625 θαλάμοις
2422 1546 2605 1621 βιοτά·

1527 1628 1800 1695 Τέρπααι
1836 1626 1899 1679 δὲ
1938 1631 2035 1678 καί
2075 1644 2158 1685 τις
2202 1626 2293 1679 ἐπ’
2330 1624 2485 1696 οἳδμ’
2524 1620 2680 1677 ἅλιον

2366 1698 2467 1751 ναῒ
2492 1695 2607 1765 &vesi

1519 1769 1653 1827 Σαῖς
1688 1768 2031 1835 διαστείβων.

1598 1840 1836 1894 Carmen
1862 1839 2162 1895 artificiose
2184 1840 2556 1909 compositum
2578 1844 2679 1893 est.

1521 1910 1699 1966 Poeta
1733 1912 1821 1965 bis
1846 1912 2157 1980 alloquitur
2178 1910 2559 1966 Maeeenatem
2596 1911 2680 1964 bi-

1525 1983 1615 2036 nis
1652 1983 1923 2051 versibus,
1962 1984 2021 2035 in
2058 1981 2290 2037 exordio
2328 1984 2400 2051 (1.
2437 1983 2491 2049 2)
2527 1986 2585 2037 et
2622 1982 2679 2035 in

1523 2056 1681 2108 exitu
1700 2057 1810 2121 (36.
1822 2056 1913 2119 36)
1926 2071 1939 2121 ;
1963 2054 2207 2124 demptis
2220 2054 2307 2108 his
2322 2052 2575 2109 versibus
2594 2070 2681 2108 re-

1524 2126 1859 2194 linquuntur
1886 2128 1954 2179 82
1986 2144 2197 2193 versus,
2224 2126 2321 2195 qui
2358 2126 2418 2179 in
2456 2125 2593 2180 duas
2624 2130 2684 2179 et

1525 2198 1785 2266 aequales
1832 2202 2023 2268 partes
2074 2197 2407 2252 dividuntur
2456 2198 2683 2265 (3—18;

1531 2270 1788 2338 19—84);
1822 2269 2072 2340 partium
2099 2274 2288 2323 sutem
2312 2270 2554 2323 duarum
2577 2269 2683 2323 ini-

1525 2342 1609 2395 tia
1646 2341 1969 2395 indicantur
2006 2341 2194 2395 verbis
2233 2341 2295 2394 ἐκ
2338 2336 2685 2410 παραλλήλου

1525 2412 1729 2481 positis
1765 2418 1895 2467 sunt
1922 2427 2053 2481 quos
2091 2412 2168 2482 (v.
2192 2412 2249 2479 3)
2284 2417 2341 2467 et
2364 2418 2444 2468 est
2480 2413 2577 2481 qui
2604 2413 2681 2482 (v.

1533 2484 1653 2554 19);
1691 2485 1849 2553 prior
1874 2502 2007 2553 pars
2032 2484 2307 2538 dilabitur
2330 2485 2389 2537 in
2418 2489 2687 2553 quattuor

1530 2557 1836 2611 sententias
1860 2560 2265 2625 quaternorum
2284 2572 2547 2611 versuum
2566 2558 2638 2625 (v.
2652 2558 2685 2611 3

1525 2632 1657 2682 sunt
1684 2644 1839 2696 quos,
1862 2645 1916 2682 v.
1936 2631 1966 2681 7
1989 2628 2150 2696 hune,
2172 2646 2224 2681 v.
2255 2632 2315 2681 11
2344 2628 2685 2697 qaudentm,

1527 2717 1583 2753 v.
1607 2701 1671 2753 15
1706 2700 2047 2767 luctantem);
2080 2700 2365 2768 posterior
2404 2716 2536 2768 pars
2571 2704 2689 2753 tres

1527 2770 1701 2824 habet
1737 2772 2040 2825 sententias
2075 2776 2148 2837 (v.
2178 2772 2241 2824 19
2279 2776 2357 2825 est
2396 2770 2509 2838 qui,
2546 2786 2599 2824 v.
2620 2771 2689 2823 23

1527 2842 1739 2909 multos,
1764 2860 1819 2897 v.
1840 2844 1909 2896 29
1934 2843 2054 2911 me).
2082 2841 2175 2897 Sic
2198 2842 2567 2911 intellegitur,
2594 2858 2689 2895 ne·

1531 2930 1639 2982 que
1676 2914 1855 2967 ullum
1894 2930 2118 2967 versum
2152 2930 2278 2968 cum
2300 2912 2691 2983 Peerlkampio

1529 2985 1621 3039 vel
1645 2985 1969 3040 Hermanno
1986 3002 2149 3055 posse
2183 2985 2329 3040 abici
2360 3002 2540 3053 neque
2566 3002 2691 3039 eum

1529 3056 1813 3112 Meinekio
1836 3074 2061 3112 carmen
2082 3057 2155 3111 ab
2176 3057 2340 3111 initio
2355 3058 2498 3111 bene
2514 3057 2693 3111 dividi

1531 3128 1592 3182 in
1605 3129 1892 3255 xsniophgts
1928 3134 2335 3270 quaterbiffljum
2372 3146 2654 3254 veranum.

1656 3241 1669 3254 .
1732 3217 2119 3271 ,amr-392
2190 3218 2219 3256 s
2275 3216 2462 3254 1.e.s.
2524 3218 2611 3253 vis
2649 3217 2692 3253 s.

1531 3272 1861 3341 maioribus,
1899 3274 1997 3343 qui
2032 3290 2191 3343 reges
2230 3276 2408 3326 erant.
2447 3270 2528 3326 Of.
2561 3272 2693 3325 Ver·

1531 3344 1630 3413 gil.
1671 3346 1807 3399 Aen.
1845 3345 1891 3412 Ι,
1928 3344 2050 3398 273.
2116 3343 2302 3398 Senec.
2342 3342 2545 3397 Trosd.
2586 3344 2693 3397 722

1537 3414 1721 3484 „Pone
1748 3434 1817 3470 ex
1849 3418 2035 3471 animo
2073 3432 2225 3486 reyes
2261 3414 2503 3469 atavos.“
2540 3412 2691 3468 Mae-

1534 3504 1699 3542 cenas
1736 3492 1895 3541 ortus
1932 3488 2043 3541 fuit
2073 3501 2141 3541 ex
2168 3486 2479 3541 Cilniorum
2514 3484 2693 3540 nobili

1533 3576 1739 3630 genere
1774 3566 2009 3629 propter
2044 3574 2177 3627 opes
2213 3563 2271 3613 et
2296 3558 2525 3613 divitias
2556 3557 2693 3611 olim

1537 3631 1768 3685 Arretio
1818 3630 2047 3699 expulso
2094 3629 2240 3695 (Liv.
2280 3629 2347 3697 X,
2385 3629 2461 3699 3),
2512 3646 2694 3699 neque

1535 3720 1669 3756 raro
1706 3702 1919 3756 factum
1955 3702 2200 3769 videtur,
2238 3706 2303 3755 ut
2340 3718 2411 3755 ex
2436 3718 2503 3755 es
2527 3706 2696 3772 gente

1536 3773 1905 3828 Etruscorum
1948 3790 2111 3844 reges
2159 3774 2277 3827 sive
2315 3773 2481 3827 duces
2524 3774 2691 3844 elige·

1536 3852 1747 3900 rentur.
1786 3845 2045 3899 Imitatus
2078 3852 2162 3899 est
2186 3845 2477 3900 Martialis
2496 3844 2695 3916 Epigr.

1539 3917 1665 3985 XII,
1703 3919 1755 3981 4,
1801 3920 1825 3969 1
1892 3916 2087 3987 „Quod
2150 3916 2353 3971 Flacco
2413 3916 2696 3986 Varioque

1537 3989 1651 4043 fuit
1721 4004 2049 4059 summoque
2110 3988 2332 4043 Maroni
2398 3988 2695 4043 Maecenas

1538 4059 1721 4115 atavis
1780 4062 2000 4131 regibus
2060 4066 2215 4115 ortus
2276 4059 2483 4129 eques&
2558 4060 2693 4115 Hor.

1540 4132 1723 4187 carm.
1752 4132 1797 4199 Ι,
1824 4132 1912 4199 20,
1936 4136 1985 4187 ὃ.
2024 4132 2126 4199 111,
2150 4134 2239 4201 29,
2268 4130 2315 4185 1.
2356 4130 2472 4185 Sat.
2498 4130 2541 4199 1,
2572 4132 2624 4199 6,
2646 4134 2697 4187 3.

1539 4204 1607 4257 In
1628 4209 1792 4260 tants.
1812 4204 2111 4258 nobilitate
2138 4204 2357 4275 generis
2390 4204 2693 4258 maximum

1541 4276 1789 4330 omnium
1826 4275 2260 4331 admirationem
2292 4275 2490 4343 movit,
2527 4274 2694 4345 quod,

1541 4365 1668 4401 cum
1704 4347 2012 4417 plurimum
2055 4346 2205 4417 apud
2244 4350 2564 4417 Augustum
2600 4366 2697 4401 vs-

1541 4418 1701 4487 leret,
1724 4422 2037 4487 equestrem
2068 4418 2321 4473 ordinem
2344 4418 2539 4487 egredi
2559 4437 2699 4473 nun-

1543 4508 1711 4559 quam
1744 4490 1951 4558 voluit3
2006 4491 2261 4545 consulto
2302 4490 2483 4561 igitur
2518 4490 2699 4545 Hora·

1543 4563 1655 4615 tius
1704 4562 1813 4616 hac
1856 4578 1983 4615 eum
2036 4561 2201 4617 laude
2248 4562 2307 4615 in
2354 4562 2543 4616 fronte
2582 4580 2701 4615 car-

2271 4662 2302 4712 3
