3092 5059
1126 255 1286 322 LIB.
1329 257 1414 322 II.
1461 255 1737 323 EPIST.
1782 258 1833 323 I.

2564 257 2683 322 581

380 441 640 518 Paene
689 447 1010 521 recens?
1067 443 1287 519 Adeo
1333 458 1679 521 sanctum
1718 461 1831 523 est
1868 459 2083 523 vetus
2122 471 2351 522 omne
2382 473 2683 542 poema.

297 602 348 644 ss
384 567 834 668 Ambigitur
879 571 1234 668 quotiens
1283 583 1456 648 uter
1494 583 1671 647 utro
1718 573 1816 648 sit
1864 572 2100 672 prior,
2148 572 2403 648 aufert

383 694 758 770 Pacuvius
814 693 1024 770 docti
1067 694 1358 771 famam
1409 697 1635 792 senis,
1690 697 1944 773 Attius
1999 696 2157 794 alti,

378 819 676 894 Dicitur
727 817 1008 896 Afrani
1058 833 1243 916 toga
1293 821 1741 897 convenisse
1792 821 2245 920 MenandrO,

379 944 698 1020 Plautus
749 943 849 1019 ad
901 944 1302 1042 exemplar
1351 944 1591 1022 Siculi
1642 972 2065 1047 properare
2116 945 2583 1046 Epicharmi,

381 1068 718 1146 Vincere
771 1067 1154 1146 Caecilius
1205 1071 1607 1169 gravitate,
1658 1071 2065 1148 Terentius
2114 1085 2299 1148 arte.

295 1229 350 1268 ω
383 1193 550 1269 Hos
603 1193 879 1272 ediscit
927 1207 1008 1272 et
1049 1193 1192 1270 hos
1243 1209 1414 1272 arto
1466 1198 1751 1294 stipata
1800 1195 2101 1273 theatro

385 1318 696 1416 Spectat
737 1321 980 1396 Roma
1029 1334 1325 1418 potens,
1379 1321 1615 1398 habet
1666 1321 1806 1398 hos
1857 1336 2369 1423 numeratque
2420 1339 2685 1427 poetas

386 1443 511 1520 Ad
563 1457 908 1520 nostrum
965 1458 1270 1544 tempus
1320 1445 1496 1521 Livi
1547 1448 1943 1548 scriptoris
1996 1450 2094 1524 ab
2148 1475 2364 1526 aevo.

378 1567 780 1646 Interdum
835 1569 1114 1669 vulgus
1165 1583 1464 1648 rectum
1517 1570 1749 1668 videt,
1804 1585 1919 1648 est
1968 1574 2097 1648 ubi
2148 1587 2439 1674 peccat.

381 1694 464 1771 Si
516 1708 813 1772 veteres
859 1695 967 1771 ita
1009 1697 1335 1772 miratur
1382 1694 1807 1796 laudatque
1856 1711 2145 1798 poetas,

295 1853 350 1895 ω
385 1818 488 1896 Ut
537 1820 728 1895 nihil
780 1819 1180 1918 anteferat,
1237 1820 1428 1898 nihil
1479 1821 1635 1898 illis
1690 1838 2105 1922 comparet,
2162 1835 2406 1899 errat:

275 2035 464 2086 merat
483 2030 719 2099 Ennius,
741 2030 952 2085 bellum
978 2030 1252 2085 Punicum
1279 2031 1441 2100 quasi

277 2103 536 2172 Myronis
575 2119 716 2171 opus
749 2102 1046 2158 delectat.“
1081 2133 1148 2143 —
1185 2119 1302 2158 non
1334 2103 1436 2173 est]

273 2192 466 2230 nonne
507 2179 618 2242 cst3
653 2179 718 2229 ut
755 2173 938 2228 Carm.
973 2175 1075 2243 111,
1113 2177 1202 2242 20,
1249 2177 1296 2230 1.
1353 2175 1439 2230 ln-

273 2246 682 2317 terrogationis
735 2245 959 2316 signum
1013 2247 1228 2317 primus
1289 2252 1440 2302 recte

357 2319 474 2372 suit
521 2317 828 2372 Bentleius.
875 2346 944 2357 -
997 2318 1300 2388 Paconius]
1357 2318 1435 2372 M.

331 2390 564 2446 acuvius
614 2388 1005 2459 Brundisinus,
1057 2389 1232 2444 Ennii
1287 2407 1438 2446 soro-

275 2462 360 2517 ris
410 2461 582 2529 filius,
635 2467 802 2516 natus
849 2480 900 2516 a.
943 2478 998 2514 u.
1047 2463 1172 2530 534,
1225 2462 1438 2517 amicus

278 2533 342 2589 C.
369 2533 570 2601 Laelii,
607 2532 841 2588 Tarenti
877 2537 1134 2587 mortuus
1175 2538 1262 2588 est
1297 2551 1346 2589 a.
1381 2552 1438 2589 u.

273 2623 326 2660 c.
363 2606 486 2660 622.
523 2606 674 2660 Nota
707 2610 842 2660 sunt
877 2605 1108 2661 nomina
1143 2605 1438 2661 duodecim

271 2677 703 2748 tragoediarum
755 2683 814 2732 et
869 2677 1034 2732 unius
1089 2681 1435 2746 praetextae,

272 2766 424 2819 quae
461 2749 734 2817 inscripta
777 2753 863 2804 est
903 2749 1130 2804 nomine
1165 2748 1328 2804 Pauli
1365 2750 1438 2804 ab

271 2821 522 2876 Aemilio
583 2820 762 2874 Paulo
823 2820 1184 2876 Macedonico
1198 2859 1212 2882 ,
1287 2822 1438 2890 apud

273 2892 534 2961 Pydnam
568 2892 802 2948 victore.
872 2893 958 2948 De
1000 2891 1162 2948 Attio
1199 2893 1330 2946 vide
1365 2893 1436 2948 ad

275 2965 396 3019 Sat.
445 2964 490 3027 I,
534 2967 620 3026 10,
667 2965 752 3018 53.
825 2963 908 3018 De
967 2969 1208 3033 utroque
1266 2964 1436 3032 Quin·

271 3036 364 3091 til.
413 3035 480 3099 X,
524 3039 572 3102 1,
611 3036 706 3090 97:
771 3035 1154 3107 „Tragoedias
1201 3037 1437 3105 scripto·

271 3125 368 3162 res
414 3111 670 3162 veterum
707 3107 902 3162 Attius
949 3113 1121 3176 atque
1162 3108 1438 3164 Pacuvius

271 3179 576 3235 clarissimi
649 3179 934 3247 gravitate
1013 3181 1436 3244 sententiarum,

271 3250 582 3306 verborum
617 3250 883 3319 pondere,
923 3251 1264 3306 auctoritate
1311 3269 1436 3322 per-

275 3339 563 3378 sonarum.
637 3319 898 3377 Ceterum
951 3323 1108 3377 nitor
1173 3328 1232 3377 et
1291 3341 1436 3377 sum·

277 3412 376 3450 ma
431 3394 494 3448 in
547 3393 864 3448 excolendis
920 3393 1184 3463 operibus
1240 3412 1437 3449 manus

275 3465 462 3536 mag-is
555 3464 742 3520 videri
817 3471 1007 3534 potest
1085 3466 1437 3535 temporibus

275 3555 450 3607 quam
493 3537 631 3606 ipsis
669 3536 928 3592 defuisse.
987 3537 1208 3592 Virium
1247 3543 1437 3591 tamen

273 3609 442 3664 Attio
489 3609 618 3678 plus
666 3608 961 3676 tribuitur,
1001 3609 1310 3664 Pacuvium
1355 3610 1437 3664 vi·

273 3681 402 3736 deri
447 3680 743 3735 doctiorem
779 3681 876 3749 qui
923 3697 1040 3735 esse
1085 3681 1241 3736 docti
1284 3680 1436 3736 adfe-

275 3757 440 3808 ctant
486 3752 740 3806 volunt.“
787 3779 858 3792 --
903 3751 1136 3820 Afrum]
1174 3752 1236 3806 L.
1271 3752 1437 3807 Afra-

277 3824 408 3878 nius
453 3823 648 3878 floruit
696 3822 848 3878 circa
893 3841 943 3877 a.
993 3841 1046 3877 u.
1091 3840 1142 3878 c.
1187 3825 1319 3892 66ος
1367 3824 1437 3879 de

276 3913 348 3950 eo
385 3893 620 3961 Quintil.
659 3893 728 3962 X,
771 3899 820 3964 1,
859 3896 982 3948 100:
1039 3896 1308 3966 „Toqatis
1343 3913 1436 3950 ex-

278 3966 439 4022 cellit
475 3965 764 4036 Afranius,
817 3967 1146 4036 utinamque
1193 3985 1306 4023 non
1353 3969 1438 4023 in-

277 4037 569 4108 quinasset
609 4043 942 4109 argumenta
974 4056 1284 4108 puerorum
1319 4039 1436 4094 foe-

277 4111 367 4166 dis
423 4111 734 4178 amoribus,
788 4127 973 4165 mores
1025 4128 1154 4166 suos
1205 4111 1435 4166 fassus.“

277 4183 486 4238 Donat.
507 4181 708 4252 fragm.
731 4181 1040 4236 adTerent.
1059 4183 1172 4238 fab.
1191 4200 1244 4252 p.
1259 4183 1432 4238 XXX.

279 4255 368 4310 ed.
412 4253 625 4307 Zeune:
709 4253 1174 4322 „Comoediarum
1223 4254 1438 4311 formae

281 4331 416 4380 sunt
459 4329 598 4378 tres:
639 4325 908 4392 palliatae
959 4326 1232 4380 Graecum
1278 4326 1437 4380 habi-

279 4402 404 4451 tum
428 4395 692 4464 ferentes,
720 4413 860 4467 quas
883 4397 1145 4451 nonnulli
1179 4398 1436 4452 taberna·

277 4469 392 4524 rias
441 4473 665 4535 vocant,
709 4473 930 4536 togatae
985 4468 1146 4522 iuxta
1194 4468 1436 4525 formam

278 4557 648 4610 personarum
685 4538 944 4594 habitum
991 4544 1256 4610 togarum
1293 4541 1436 4596 desi-

281 4611 560 4681 derantes,
607 4609 898 4668 Atellanas
941 4609 1152 4667 salibus
1197 4617 1256 4668 et
1299 4613 1438 4668 iocis

2190 2030 2499 2086 Menandro
2556 2033 2688 2088 vide

1535 2103 1609 2158 ad
1684 2107 1761 2158 at.
1798 2103 1843 2171 1,
1881 2106 1935 2170 4,
1973 2105 2023 2158 1.
2073 2103 2487 2173 Compararunt
2520 2105 2687 2160 Afra·

1532 2176 1693 2231 nium
1725 2192 1855 2230 cum
1878 2175 2189 2230 Menandro
2226 2176 2533 2245 eademque
2567 2181 2689 2232 arte

1533 2247 1593 2302 in
1639 2245 2019 2302 describendis
2064 2247 2315 2301 moribus
2360 2263 2523 2302 usum
2571 2265 2690 2304 esse

1533 2318 1816 2373 dixerunt.
1856 2319 1967 2374 Cic.
2004 2317 2167 2372 Brut.
2204 2321 2305 2372 45:
2381 2319 2482 2386 „L.
2519 2320 2685 2375 Afra·

1531 2391 1659 2445 nius
1681 2395 1873 2460 poeta,
1906 2390 2073 2445 homo
2111 2394 2471 2460 pei-argutus,
2508 2392 2567 2446 in
2604 2391 2688 2446 fa-

1531 2462 1683 2517 bulis
1730 2461 1957 2531 quidem
2002 2462 2173 2516 etiam
2187 2500 2201 2523 ‚
2254 2466 2321 2516 ut
2376 2462 2549 2522 scitis.
2604 2463 2689 2518 di-

1533 2535 1767 2590 sertus.“
1782 2563 1855 2574 —
1868 2535 2136 2603 Plautus]
2160 2533 2220 2588 T.
2240 2533 2494 2589 Maccius
2513 2533 2689 2589 Plau·

1530 2611 1624 2661 tus
1661 2605 1935 2670 Sarsinas,
1966 2611 2223 2660 mortuus
2262 2607 2385 2670 570,
2422 2621 2552 2660 cum
2585 2605 2689 2661 Te-

1531 2678 1748 2732 rentius
1805 2695 2006 2732 novem
2066 2694 2241 2732 annos
2298 2682 2465 2732 natus
2526 2681 2689 2732 esset.

1530 2749 1905 2818 Epicharmus
1970 2749 2219 2818 quinque
2280 2749 2441 2804 annis
2508 2750 2691 2804 maior

1533 2821 1779 2885 Socrate,
1840 2825 2007 2876 natus
2052 2822 2111 2874 in
2156 2820 2341 2875 insula
2386 2819 2484 2887 Co,
2532 2821 2687 2875 Sicu-

1531 2893 1619 2948 lus
1670 2892 2003 2962 appellatus.
2056 2892 2208 2961 quod
2259 2891 2447 2946 infans
2494 2893 2555 2946 in
2605 2891 2687 2948 si-

1531 2965 1722 3019 ciliam
1775 2964 1931 3019 venit
1984 2963 2177 3033 ibique
2232 2961 2477 3018 Hierone
2526 2963 2688 3032 Syra-

1531 3036 1676 3092 cusis
1712 3035 2037 3090 dominante
2070 3035 2485 3091 comoediarum
2522 3035 2689 3090 laude

1530 3108 1743 3169 floruit.
1828 3107 2133 3178 Properas-e
2185 3111 2341 3162 recte
2398 3107 2688 3163 intellexe-

1530 3183 1669 3234 runt
1716 3179 2055 3247 interpretes
2100 3179 2171 3233 de
2214 3183 2375 3233 motu
2420 3184 2479 3234 et
2526 3179 2690 3250 agili-

1530 3256 1669 3318 tate,
1707 3268 1820 3319 qua
1858 3251 1919 3304 in
1957 3249 2165 3305 fabulis
2214 3251 2509 3319 utriusque
2558 3267 2690 3319 poe-

1531 3329 1625 3377 tae
1661 3322 1736 3377 ad
1768 3327 2033 3376 eventum
2078 3320 2459 3376 festinabatur
2495 3321 2587 3387 (A.
2623 3321 2687 3377 P.

1535 3393 1659 3462 148)
1694 3394 1987 3462 animique
2022 3393 2373 3448 audientium
2412 3391 2693 3447 indefessa

1531 3467 1591 3520 vi
1646 3465 2103 3521 intendebantur.
2164 3491 2233 3504 —-
2288 3463 2579 3534 Caecilius]
2632 3464 2689 3521 C.

1533 3537 1806 3592 Caecilius
1872 3537 2111 3606 Statius,
2177 3535 2413 3590 Insuber
2476 3535 2689 3599 Gallus,

1529 3625 1724 3664 servus
1749 3625 1976 3678 genere,
2000 3607 2175 3662 Ennii
2200 3607 2517 3675 familiaris,
2543 3625 2689 3662 anno

1529 3685 1661 3750 post
1717 3679 1887 3735 Ennii
1947 3685 2204 3744 mortem,
2258 3699 2309 3735 a.
2368 3697 2421 3734 u.
2482 3697 2527 3735 c.
2582 3680 2688 3734 586

1528 3756 1787 3808 mortuus
1827 3756 1929 3806 est.
2003 3751 2115 3806 Cic.
2154 3752 2227 3806 de
2260 3755 2378 3820 opt.
2414 3769 2539 3821 gen.
2582 3751 2688 3806 dic.

1535 3828 1592 3878 1:
1664 3823 1971 3892 „Caecilius
2018 3823 2258 3878 fortasse
2302 3840 2552 3877 summus
2598 3839 2687 3878 co-

1530 3895 1763 3951 micus.“
1834 3895 2019 3950 Varro
2054 3895 2205 3964 apud
2241 3894 2487 3949 Nonium
2534 3893 2597 3947 in
2630 3911 2685 3948 v.

1527 3967 1714 4022 melos:
1756 3965 1859 4034 „In
1896 3967 2245 4037 argumentis
2283 3964 2555 4020 Caecilius
2592 3983 2689 4035 po·

1529 4040 1637 4094 scit
1672 4039 1939 4107 palmam,
1976 4039 2037 4091 in
2072 4033 2237 4102 ἤθεσι
2271 4036 2587 4104 Terentius,
2628 4039 2687 4092 in

1527 4109 1878 4165 sermonibus
1922 4109 2213 4164 Plautus.“
2262 4138 2327 4149 —
2378 4107 2687 4178 Ter-mutim}

1527 4183 1590 4236 P.
1615 4181 1913 4236 Terentius
1938 4180 2096 4249 Afer,
2125 4181 2481 4250 Karthagine
2520 4187 2688 4236 natus

1529 4272 1581 4309 a.
1638 4271 1692 4307 u.
1745 4254 1869 4320 561,
1924 4257 2183 4307 mortuus
2242 4253 2303 4306 in
2366 4252 2570 4306 itinere
2630 4253 2689 4306 in

1529 4326 1821 4381 Graeciam
1858 4343 2006 4380 anno
2044 4325 2167 4379 594.
2206 4353 2275 4364 —
2311 4321 2531 4392 ediscit]
2576 4341 2691 4378 non

1527 4398 1590 4451 in
1626 4395 1849 4463 scholis,
1886 4397 1984 4450 sed
2020 4397 2258 4466 legendo
2284 4400 2343 4452 et
2366 4396 2689 4464 spectando.

1525 4499 1601 4510 —
1636 4473 1762 4523 arto
1798 4467 2031 4538 theatro]
2066 4467 2313 4524 Theatra
2338 4467 2690 4536 amplissima

1527 4545 1709 4608 erant,
1752 4557 1869 4594 non
1914 4545 2057 4608 arta,
2100 4540 2200 4594 sed
2250 4543 2377 4594 arta
2422 4539 2689 4595 videntur

1531 4617 1767 4683 propter
1804 4613 2091 4684 ingentem
2126 4611 2549 4668 multitudinem
2590 4613 2688 4668 ho-

1535 2049 1663 2086 com
1738 2031 1935 2086 sitae-‘⁸
2046 2031 2131 2086 De
