3092 5059
1135 230 1300 298 LIB.
1345 230 1395 296 I.
1439 227 1625 297 ΕΔΤ.
1669 231 1721 296 Ι.

255 451 307 492 ω
344 415 698 494 Audaces
750 443 967 496 mare
1021 418 1155 519 qui
1205 431 1537 515 currunt,
1586 419 1733 496 hac
1782 432 2037 496 mente
2093 419 2439 496 laborem

341 542 525 621 Sese
578 543 812 638 ferre,
863 569 1082 621 senes
1136 557 1222 619 ut
1263 545 1346 619 in
1399 545 1560 620 otia
1608 556 1770 620 tuta
1810 545 2199 642 recedant,

342 665 608 765 Aiunt,
662 693 835 744 cum
889 667 1037 744 sibi
1081 667 1231 744 sint
1286 681 1648 767 congesta
1698 669 2029 766 cibaria3
2083 671 2281 747 sicut

340 791 696 889 Parvula,
743 819 920 870 nam
977 793 1330 894 exemplo
1385 805 1520 889 est,
1576 794 1840 893 magni
1890 795 2219 872 formica
2268 795 2556 874 laboris

339 915 498 994 Ore
545 919 780 994 trahit
827 918 1372 1019 quodcumque
1425 930 1680 1019 potest
1729 933 1965 1019 atque
2015 918 2233 994 addit
2284 946 2584 1024 acervo,

254 1073 308 1114 ss
343 1039 590 1134 Quem
635 1043 873 1139 struit,
926 1042 1136 1120 haud
1185 1044 1457 1142 ignara
1508 1070 1601 1120 ac
1652 1070 1805 1120 non
1863 1046 2168 1122 incauta
2220 1046 2485 1124 futuri.

339 1165 579 1263 Quae,
631 1167 861 1243 simul
913 1170 1302 1246 inversum
1355 1168 1755 1246 contristat
1809 1171 2195 1270 Aquarius
2246 1198 2555 1271 annum,

337 1291 411 1368 N
413 1317 513 1368 on
565 1317 890 1392 usquam
942 1294 1295 1394 prorepit
1346 1307 1422 1370 et
1469 1294 1625 1370 illis
1676 1296 1918 1371 utitur
1964 1308 2143 1374 ante

344 1415 721 1509 Quaesitis
775 1419 1102 1516 sapiens,
1161 1444 1330 1494 cum
1384 1432 1460 1527 te
1509 1445 1763 1519 neque
1815 1420 2163 1497 fervidus
2216 1433 2465 1498 aestus

336 1541 764 1619 Demoveat
811 1542 1027 1618 lucro
1074 1569 1323 1643 neque
1377 1543 1647 1642 hiems,
1700 1545 1927 1643 ignia,
1984 1570 2219 1641 mare,
2267 1547 2579 1644 ferrum,

254 1698 308 1738 ω
345 1665 478 1742 Nil
529 1667 778 1742 obstet
827 1668 994 1763 tibi,
1046 1667 1231 1742 dum
1283 1695 1380 1745 ne
1432 1671 1529 1744 sit
1578 1683 1657 1745 te
1711 1667 1946 1745 ditior
1996 1669 2213 1746 alter.

344 1792 548 1886 Quid
599 1794 815 1868 iuvat
862 1793 1323 1870 immensum
1375 1805 1452 1869 te
1499 1794 1801 1890 argenti
1852 1793 2159 1890 pondus
2211 1807 2287 1870 et
2336 1795 2507 1870 auri

340 1917 642 1994 Furtim
697 1916 1006 1994 defossa
1055 1917 1413 1994 timidum
1467 1917 1860 2019 deponere
1906 1919 2163 1996 terra?

343 2041 624 2140 „Quod
675 2044 742 2120 si
793 2045 1268 2121 comminuas
1319 2041 1557 2119 vilem
1606 2042 2008 2143 redigatur
2056 2042 2160 2120 ad
2211 2040 2535 2122 assem.“

337 2167 466 2266 At,
512 2170 595 2245 ni
635 2169 717 2245 id
752 2169 858 2267 fit,
909 2169 1101 2270 quid
1140 2169 1374 2245 habet
1407 2169 1718 2270 pulchri
1753 2181 2230 2246 constructus
2270 2173 2634 2248 acervus?

243 2367 340 2424 Sic
374 2367 514 2424 Fea:
575 2367 830 2437 Perfidus
876 2368 966 2424 hie
999 2383 1188 2438 campo
1221 2368 1391 2423 maes.

245 2439 356 2495 Sed
393 2440 545 2495 locus
581 2457 746 2494 sanus
773 2443 872 2495 est.
913 2439 1000 2494 De
1035 2457 1138 2495 cau
1179 2456 1286 2494 one
1321 2439 1391 2494 cf.

239 2511 355 2567 Sat.
401 2511 445 2578 1,
487 2512 542 2576 5,
577 2514 627 2565 4.
701 2511 1079 2567 Nominantur
1179 2513 1392 2566 omines

241 2583 338 2653 qui
385 2584 606 2638 lucrum
656 2588 995 2653 sequuntur;
1053 2583 1188 2652 quid
1243 2583 1392 2638 inter

242 2655 344 2710 hos
403 2655 542 2710 iuris
601 2655 904 2724 consultus,
959 2672 1124 2724 quem
1187 2655 1394 2710 iniuria

240 2726 668 2782 desiderarunt?
733 2727 817 2782 Ne
873 2727 1113 2782 rusticus
1168 2727 1392 2796 quidem

239 2798 390 2853 idem
445 2803 530 2854 est
584 2798 680 2868 qui
736 2798 1392 2868 v.11p.roducebatur

239 2869 582 2926 Pronomina
618 2871 730 2939 ille,
777 2869 866 2926 bic
901 2871 1156 2954 exempla
1191 2887 1392 2940 propo-

241 2947 387 2996 nunt
410 2959 477 2996 ex
504 2942 624 2997 vita
649 2943 830 3012 petita
859 2943 1105 3011 satisque
1136 2941 1392 3011 frequen-

242 3013 344 3068 tia.
371 3042 439 3053 —
465 3015 692 3083 mutae]
729 3017 1080 3069 mercatores.
1121 3011 1392 3082 Carm.11,

247 3086 328 3150 13,
355 3085 438 3138 14.
475 3085 654 3155 Epod.
680 3087 766 3154 17,
787 3087 874 3140 20.
895 3085 1297 3156 —hacmenteJ
1327 3103 1392 3140 eo

241 3156 492 3211 consilio,
533 3156 604 3212 cf.
645 3156 760 3212 Sat.
805 3156 874 3224 11,
905 3161 956 3224 2,
985 3157 1070 3211 90.
1110 3185 1174 3195 —
1215 3158 1386 3227 senes]

241 3227 430 3283 Seueo
455 3229 526 3283 de
559 3229 717 3284 brev.
751 3247 803 3284 v.
831 3197 894 3282 4’2
935 3227 1160 3296 „audies
1169 3229 1391 3312 pleros-

239 3316 350 3369 que
396 3299 667 3355 dicentes:
729 3319 764 3354 a
818 3300 1280 3370 quinquagesimo
1333 3301 1392 3355 in

241 3371 418 3426 otium
463 3371 736 3436 recedam,
785 3372 1160 3442 sexagesimus
1216 3389 1392 3427 annus

243 3443 314 3498 ab
353 3441 540 3498 officio
577 3459 668 3498 me
705 3413 1003 3498 dimittet.“
1044 3472 1112 3482 —
1157 3444 1392 3512 exemplo

239 3513 338 3584 eet]
364 3515 521 3569 cuius
545 3515 631 3568 illi
657 3515 910 3584 exemplo
929 3518 1181 3569 utuntur.
1223 3514 1391 3570 Ver.

240 3585 444 3655 Georg.
468 3586 514 3653 Ι,
543 3587 657 3641 186.
682 3602 826 3640 —m
827 3585 1222 3656 aquilaboris]
1260 3587 1318 3640 vi
1361 3603 1391 3641 e

239 3604 518 3712 adGarm.
549 3660 600 3726 1,
619 3659 707 3719 36.
735 3661 814 3713 13.
855 3657 1120 3712 Consulto
1149 3659 1392 3726 parvula

239 3727 478 3784 formica
515 3733 707 3784 contra
735 3745 990 3800 maenum
1013 3729 1268 3784 laborem
1292 3747 1388 3799 po·

239 3800 415 3854 nitur.

311 3871 377 3925 V.
405 3872 491 3925 36.
531 3869 700 3940 Quae]
742 3874 820 3926 At
855 3890 936 3928 ea.
977 3901 1041 3912 —
1078 3870 1391 3942 Aquarius]

243 3942 371 4012 „Sol
407 3941 616 3998 transit
651 3943 710 3996 in
731 3945 1046 4014 Aquarium
1067 3943 1242 3998 XVII.
1266 3944 1392 3998 Kal.

239 4014 543 4069 Februarf‘
573 4013 906 4086 Por-plumeo.
935 4021 1126 4070 Annus
1145 4015 1390 4084 antiquis

239 4090 327 4140 est
362 4087 603 4141 circulus
642 4103 806 4156 quem
843 4087 926 4142 sol
966 4088 1025 4140 in
1068 4087 1222 4142 caelo
1259 4103 1388 4141 con-

238 4156 384 4227 ficit3
420 4159 550 4213 inde
569 4158 838 4214 Horatius
871 4159 1146 4216 inversum
1183 4176 1392 4214 annum

239 4229 390 4284 dixit
411 4229 484 4284 ad
513 4229 829 4300 exemplum
845 4229 1274 4286 Homericorum
1298 4247 1390 4284 πε-

236 4303 606 4372 (Μιπλομένων
626 4305 1097 4371 περιτελλομένων
1115 4302 1390 4357 ἐνιαυτῶν.

239 4371 484 4427 Macrob.
505 4372 620 4428 Sat.
642 4372 688 4440 1,
716 4376 855 4442 ¹41>-
883 4372 1213 4442 178Gron.,
1218 4373 1392 4441 ‚Sicut

235 4444 456 4498 lamam
491 4459 674 4528 apuu-s
711 4446 914 4500 mensis
949 4449 1050 4512 est,
1089 4446 1222 4515 quia
1258 4446 1392 4500 luna

239 4515 408 4584 paulo
461 4516 644 4570 minus
690 4533 858 4585 quam
909 4533 1154 4572 mensem
1191 4517 1248 4570 in
1285 4515 1390 4571 Zo-

240 4586 388 4642 diaci
425 4585 752 4644 circuitione
788 4587 1084 4658 consumit,
1127 4588 1213 4642 ita
1258 4589 1392 4644 solis

1484 2383 1667 2424 annus
1707 2373 1793 2425 est
1829 2387 1991 2439 quem
2026 2369 2267 2454 peragit,
2304 2368 2441 2423 dum
2468 2369 2541 2423 ad
2564 2369 2635 2424 si-

1483 2457 1660 2512 gnum
1695 2459 1755 2496 se
1788 2441 1970 2497 denuo
1990 2442 2163 2497 vertit
2190 2459 2258 2496 ex
2291 2457 2401 2510 quo
2424 2439 2634 2512 digres-

1484 2530 1577 2567 sus
1600 2517 1709 2567 est:
1736 2513 1883 2568 unde
1908 2531 2086 2568 annus
2101 2518 2321 2568 vertens
2348 2513 2635 2568 vocaturss

1485 2584 1673 2640 Senec
1711 2584 1839 2640 Nat.
1880 2584 2105 2653 Quaest.
2139 2585 2263 2653 VII,
2298 2586 2393 2638 27·
2452 2583 2637 2653 „Quid

1485 2661 1572 2712 est
1608 2674 1781 2726 quare
1812 2658 1871 2710 in
1889 2656 2071 2712 Leone
2091 2673 2318 2740 semper
2332 2656 2416 2712 sol
2440 2655 2637 2712 ardeat

1485 2733 1544 2784 et
1572 2732 1753 2782 terras
1770 2729 2015 2784 aestibus
2042 2733 2277 2797 torreat,
2302 2728 2361 2782 in
2377 2728 2636 2798 Aquario

1485 2799 1765 2869 asts-inqut
1798 2799 2032 2862 hiemem,
2066 2769 2301 2868 flmnin'a
2335 2799 2467 2870 yezu
2493 2799 2638 2856 clau·

1485 2870 1627 2926 dat?
1661 2899 1732 2910 —
1769 2872 2009 2942 sapiens]
2048 2816 2480 2940 Carm1,7,17.
2521 2869 2635 2925 Sat.

1485 2944 1559 3010 11,
1597 2945 1647 3008 7,
1685 2942 1771 2997 73.
1848 2943 1939 2998 Sic
1998 2944 2218 3012 antiqui
2273 2911 2515 3010 codices;
2576 2943 2635 2996 iu

1485 3014 1745 3085 plurimis
1780 3017 1973 3069 temen
2005 3015 2243 3083 patiens,
2288 3014 2441 3084 quod
2486 3030 2635 3068 rece-

1486 3092 1647 3156 ptum
1704 3091 1790 3141 est
1852 3104 1885 3140 a
1938 3086 2241 3154 Fritschio,
2290 3085 2633 3148 EcksteiniO.

1485 3157 1731 3223 Keller0,
1770 3175 1885 3212 uon
1918 3176 1953 3212 a
1974 3156 2213 3212 Miillero
2239 3162 2341 3212 aut
2358 3157 2633 3227 Kriigero.

1483 3229 1718 3300 Sapiem
1768 3229 1965 3298 utique
2006 3229 2436 3298 praeferendum
2481 3228 2633 3282 vide-

1483 3306 1607 3368 tur;
1644 3319 1773 3356 nam
1801 3300 2031 3370 patiens
2060 3301 2157 3356 vix
2192 3300 2343 3354 idem
2378 3303 2463 3353 est
2487 3301 2637 3368 quod

1483 3373 1795 3427 Fritschius
1834 3373 2075 3428 invenit.
2124 3389 2321 3428 secura
2364 3371 2483 3426 otia
2530 3371 2634 3426 sub

1487 3445 1604 3499 alta
1640 3449 1793 3499 terra
1818 3462 1851 3498 a
1892 3461 2004 3508 ens,
2030 3461 2154 3499 cum
2193 3443 2413 3511 sapiens
2446 3443 2633 3512 provi·

1484 3517 1614 3570 dam
1640 3533 1707 3570 ac
1730 3533 1837 3585 pru
1878 3519 2063 3570 entem
2080 3515 2349 3570 formicae
2374 3519 2635 3572 naturam

1485 3587 1710 3658 egregie
1748 3587 1971 3641 indicet.
2010 3587 2081 3642 cf.
2108 3585 2317 3657 Vergil.
2354 3585 2555 3656 Georg.

1491 3660 1591 3712 185
1610 3675 1691 3727 sq.
1716 3663 1775 3712 et
1811 3675 2073 3727 compara
2106 3675 2235 3713 oum
2260 3676 2313 3712 v.
2334 3660 2401 3711 31
2424 3657 2634 3728 Vergil.

1485 3729 1687 3800 Georg.
1711 3729 1813 3796 111,
1831 3731 1953 3784 376.
1982 3759 2047 3768 -
2079 3745 2197 3785 cum
2238 3728 2307 3797 te]
2344 3729 2437 3783 Ad
2460 3746 2633 3782 unum

1485 3820 1553 3856 ex
1594 3800 1785 3856 multis
1821 3818 2089 3856 conversa
2130 3801 2311 3856 oratio
2350 3800 2421 3855 sd
2454 3801 2633 3855 vitam

1483 3873 1635 3929 redit
1690 3873 1838 3928 unde
1893 3873 2073 3942 petita
2122 3877 2222 3927 est.
2286 3901 2353 3911 —
2412 3871 2629 3942 furtim]

1486 3944 1793 4000 Certabant
1828 3945 1945 4000 inte
2015 3950 2179 4012 retes,
2213 3943 2357 3999 illud
2396 3943 2632 3997 vocabu·

1483 4017 1603 4071 lum
1656 4021 1847 4072 utrum
1902 4034 1965 4070 re
1990 4015 2256 4071 erendum
2303 4016 2379 4071 sit
2424 4014 2495 4069 ad
2545 4014 2631 4068 de-

1481 4090 1633 4156 fossa
1687 4106 1760 4143 an
1806 4088 1878 4142 ad
1926 4087 2203 4157 deponere.
2278 4086 2363 4140 Tu
2409 4086 2527 4140 noli
2572 4086 2633 4138 in

1481 4165 1673 4230 partes
1742 4160 2020 4214 dissecare
2089 4159 2310 4227 defossa
2368 4157 2633 4227 deponere

1481 4237 1649 4286 terra.
1678 4261 1745 4272 —-—
1782 4230 1928 4300 quod
1952 4229 2025 4301 si]
2006 4229 2150 4301 JEx
2184 4235 2475 4284 mentecu
2514 4228 2632 4282 ido-

1483 4320 1609 4358 rum
1646 4303 1935 4358 hominum
1967 4303 2103 4358 haec
2126 4301 2437 4370 interponit
2408 4245 2631 4355 ouffers.-

1482 4376 1623 4430 tius:
1660 4380 1722 4429 at
1757 4374 1817 4428 id
1852 4375 1923 4442 si,
1961 4377 2026 4428 ut
2061 4391 2229 4443 supra
2263 4391 2317 4426 v.
2336 4373 2423 4426 36.
2449 4400 2515 4410 —
2552 4387 2631 4426 re-

1481 4445 1723 4516 digatur]
1760 4445 1959 4500 Modus
2008 4449 2093 4500 est
2128 4443 2483 4570 gotentialim
2521 4459 2631 4511 quo

1483 4518 1631 4573 idem
1684 4515 1955 4584 efficitur,
2016 4533 2149 4603 quo
2214 4531 2419 4586 graeco
2474 4518 2630 4584 opta-

1482 4590 1603 4645 tivo
1638 4605 1765 4644 oum
1800 4557 2081 4658 particula
2114 4581 2200 4642 ἄν.
2226 4616 2293 4628 -
2330 4586 2487 4644 milia
2516 4601 2631 4642 cen-
