<?xml version="1.0" encoding="UTF-8"?>
<!DOCTYPE html PUBLIC "-//W3C//DTD XHTML 1.0 Transitional//EN"
    "http://www.w3.org/TR/xhtml1/DTD/xhtml1-transitional.dtd">
<html xmlns="http://www.w3.org/1999/xhtml" xml:lang="en" lang="en">
 <head>
  <title>
</title>
<meta http-equiv="Content-Type" content="text/html;charset=utf-8" />
  <meta name='ocr-system' content='tesseract 3.04.00' />
  <meta name='ocr-capabilities' content='ocr_page ocr_carea ocr_par ocr_line ocrx_word'/>
</head>
<body>
  <div class='ocr_page' id='page_1' title='image "./qhoratiiflaccio05unkngoog/qhoratiiflaccio05unkngoog_0587.png"; bbox 0 0 3092 5059; ppageno 0'>
   <div class='ocr_carea' id='block_1_1' title="bbox 1013 241 1833 310">
    <p class='ocr_par' dir='ltr' id='par_1_1' title="bbox 1013 241 1833 310">
     <span class='ocr_line' id='line_1_1' title="bbox 1013 241 1833 310; baseline 0.001 -1"><span class='ocrx_word' id='word_1_1' title='bbox 1013 241 1175 310; x_wconf 82' lang='lat' dir='ltr'><strong>LIB.</strong></span> <span class='ocrx_word' id='word_1_2' title='bbox 1218 243 1267 309; x_wconf 88' lang='lat' dir='ltr'>L</span> <span class='ocrx_word' id='word_1_3' title='bbox 1310 241 1584 310; x_wconf 83' lang='lat' dir='ltr'><strong>EPIST.</strong></span> <span class='ocrx_word' id='word_1_4' title='bbox 1626 243 1833 310; x_wconf 81' lang='lat' dir='ltr'><strong>XVII.</strong></span> 
     </span>
    </p>
   </div>
   <div class='ocr_carea' id='block_1_2' title="bbox 2499 247 2622 311">
    <p class='ocr_par' dir='ltr' id='par_1_2' title="bbox 2499 247 2622 311">
     <span class='ocr_line' id='line_1_2' title="bbox 2499 247 2622 311; baseline 0 0"><span class='ocrx_word' id='word_1_5' title='bbox 2499 247 2622 311; x_wconf 78' lang='lat'><strong>557</strong></span> 
     </span>
    </p>
   </div>
   <div class='ocr_carea' id='block_1_3' title="bbox 248 427 2408 1534">
    <p class='ocr_par' dir='ltr' id='par_1_3' title="bbox 332 427 2336 656">
     <span class='ocr_line' id='line_1_3' title="bbox 337 427 2227 532; baseline 0.002 -25"><span class='ocrx_word' id='word_1_6' title='bbox 337 427 417 507; x_wconf 85' lang='lat' dir='ltr'><strong>Si</strong></span> <span class='ocrx_word' id='word_1_7' title='bbox 466 430 709 508; x_wconf 80' lang='lat' dir='ltr'><strong>laedit</strong></span> <span class='ocrx_word' id='word_1_8' title='bbox 762 457 1136 532; x_wconf 75' lang='lat' dir='ltr'><strong>caupona,</strong></span> <span class='ocrx_word' id='word_1_9' title='bbox 1179 431 1685 508; x_wconf 80' lang='lat' dir='ltr'><strong>Ferentinum</strong></span> <span class='ocrx_word' id='word_1_10' title='bbox 1733 432 1848 508; x_wconf 89' lang='lat' dir='ltr'><strong>ire</strong></span> <span class='ocrx_word' id='word_1_11' title='bbox 1897 432 2227 510; x_wconf 85' lang='lat' dir='ltr'><strong>iubebo:</strong></span> 
     </span>
     <span class='ocr_line' id='line_1_4' title="bbox 332 556 2336 656; baseline 0.001 -25"><span class='ocrx_word' id='word_1_12' title='bbox 332 556 530 632; x_wconf 79' lang='lat' dir='ltr'><strong>Nam</strong></span> <span class='ocrx_word' id='word_1_13' title='bbox 574 581 831 656; x_wconf 89' lang='lat' dir='ltr'><strong>neque</strong></span> <span class='ocrx_word' id='word_1_14' title='bbox 882 557 1244 632; x_wconf 84' lang='lat' dir='ltr'><strong>divitibus</strong></span> <span class='ocrx_word' id='word_1_15' title='bbox 1296 558 1756 655; x_wconf 87' lang='lat' dir='ltr'><strong>contingunt</strong></span> <span class='ocrx_word' id='word_1_16' title='bbox 1796 557 2085 655; x_wconf 84' lang='lat' dir='ltr'><strong>gaudia</strong></span> <span class='ocrx_word' id='word_1_17' title='bbox 2134 557 2336 646; x_wconf 87' lang='lat' dir='ltr'><strong>solis,</strong></span> 
     </span>
    </p>

    <p class='ocr_par' dir='ltr' id='par_1_4' title="bbox 256 679 2360 1283">
     <span class='ocr_line' id='line_1_5' title="bbox 256 679 2360 782; baseline 0.004 -33"><span class='ocrx_word' id='word_1_18' title='bbox 256 711 304 750; x_wconf 84' lang='grc' dir='ltr'><strong>ιο</strong></span> <span class='ocrx_word' id='word_1_19' title='bbox 334 679 497 756; x_wconf 92' lang='lat' dir='ltr'><strong>Nec</strong></span> <span class='ocrx_word' id='word_1_20' title='bbox 548 681 745 756; x_wconf 83' lang='lat' dir='ltr'><strong>vixit</strong></span> <span class='ocrx_word' id='word_1_21' title='bbox 795 680 995 757; x_wconf 80' lang='lat' dir='ltr'><strong>male</strong></span> <span class='ocrx_word' id='word_1_22' title='bbox 1048 681 1181 780; x_wconf 90' lang='lat' dir='ltr'><strong>qui</strong></span> <span class='ocrx_word' id='word_1_23' title='bbox 1232 695 1455 758; x_wconf 84' lang='lat' dir='ltr'><strong>natus</strong></span> <span class='ocrx_word' id='word_1_24' title='bbox 1506 683 2002 782; x_wconf 87' lang='lat' dir='ltr'><strong>moriensque</strong></span> <span class='ocrx_word' id='word_1_25' title='bbox 2053 683 2360 760; x_wconf 83' lang='lat' dir='ltr'><strong>fefellit.</strong></span> 
     </span>
     <span class='ocr_line' id='line_1_6' title="bbox 330 803 2244 907; baseline 0.001 -25"><span class='ocrx_word' id='word_1_26' title='bbox 330 803 413 882; x_wconf 84' lang='lat' dir='ltr'><strong>Si</strong></span> <span class='ocrx_word' id='word_1_27' title='bbox 462 807 832 904; x_wconf 77' lang='lat' dir='ltr'>prodesse</span> <span class='ocrx_word' id='word_1_28' title='bbox 883 809 1033 884; x_wconf 86' lang='lat' dir='ltr'><strong>tuis</strong></span> <span class='ocrx_word' id='word_1_29' title='bbox 1082 806 1473 907; x_wconf 87' lang='lat' dir='ltr'><strong>pauloque</strong></span> <span class='ocrx_word' id='word_1_30' title='bbox 1524 809 1932 907; x_wconf 82' lang='lat' dir='ltr'><strong>benignius</strong></span> <span class='ocrx_word' id='word_1_31' title='bbox 1989 809 2244 906; x_wconf 90' lang='lat' dir='ltr'><strong>ipsum</strong></span> 
     </span>
     <span class='ocr_line' id='line_1_7' title="bbox 332 931 2314 1030; baseline 0.002 -25"><span class='ocrx_word' id='word_1_32' title='bbox 332 931 444 1006; x_wconf 88' lang='lat' dir='ltr'><strong>Te</strong></span> <span class='ocrx_word' id='word_1_33' title='bbox 493 944 825 1009; x_wconf 83' lang='lat' dir='ltr'><strong>tractare</strong></span> <span class='ocrx_word' id='word_1_34' title='bbox 874 933 1109 1030; x_wconf 84' lang='lat' dir='ltr'><strong>voles,</strong></span> <span class='ocrx_word' id='word_1_35' title='bbox 1168 933 1489 1010; x_wconf 76' lang='lat' dir='ltr'><strong>accedes</strong></span> <span class='ocrx_word' id='word_1_36' title='bbox 1532 934 1779 1010; x_wconf 87' lang='lat' dir='ltr'><strong>siccus</strong></span> <span class='ocrx_word' id='word_1_37' title='bbox 1826 933 1926 1010; x_wconf 88' lang='lat' dir='ltr'><strong>ad</strong></span> <span class='ocrx_word' id='word_1_38' title='bbox 1977 946 2314 1010; x_wconf 91' lang='lat' dir='ltr'><strong>unctum.</strong></span> 
     </span>
     <span class='ocr_line' id='line_1_8' title="bbox 332 1055 2198 1157; baseline 0 -23"><span class='ocrx_word' id='word_1_39' title='bbox 332 1057 467 1154; x_wconf 85' lang='lat' dir='ltr'><strong>„Si</strong></span> <span class='ocrx_word' id='word_1_40' title='bbox 517 1055 934 1157; x_wconf 79' lang='lat' dir='ltr'><strong>pranderet</strong></span> <span class='ocrx_word' id='word_1_41' title='bbox 982 1057 1203 1134; x_wconf 88' lang='lat' dir='ltr'><strong>holus</strong></span> <span class='ocrx_word' id='word_1_42' title='bbox 1255 1059 1662 1157; x_wconf 84' lang='lat' dir='ltr'><strong>patienter,</strong></span> <span class='ocrx_word' id='word_1_43' title='bbox 1717 1059 2034 1157; x_wconf 88' lang='lat' dir='ltr'><strong>regibus</strong></span> <span class='ocrx_word' id='word_1_44' title='bbox 2085 1060 2198 1134; x_wconf 91' lang='lat' dir='ltr'><strong>uti</strong></span> 
     </span>
     <span class='ocr_line' id='line_1_9' title="bbox 328 1181 2162 1283; baseline 0.002 -26"><span class='ocrx_word' id='word_1_45' title='bbox 328 1181 591 1258; x_wconf 93' lang='lat' dir='ltr'><strong>Nollet</strong></span> <span class='ocrx_word' id='word_1_46' title='bbox 640 1181 1163 1283; x_wconf 88' lang='lat' dir='ltr'><strong>Aristippus.“</strong></span> <span class='ocrx_word' id='word_1_47' title='bbox 1214 1182 1351 1281; x_wconf 85' lang='lat' dir='ltr'><strong>„Si</strong></span> <span class='ocrx_word' id='word_1_48' title='bbox 1394 1183 1624 1259; x_wconf 90' lang='lat' dir='ltr'><strong>sciret</strong></span> <span class='ocrx_word' id='word_1_49' title='bbox 1673 1183 1984 1282; x_wconf 86' lang='lat' dir='ltr'><strong>regibus</strong></span> <span class='ocrx_word' id='word_1_50' title='bbox 2027 1185 2162 1280; x_wconf 90' lang='lat' dir='ltr'><strong>uti,</strong></span> 
     </span>
    </p>

    <p class='ocr_par' dir='ltr' id='par_1_5' title="bbox 248 1305 2408 1534">
     <span class='ocr_line' id='line_1_10' title="bbox 248 1305 2408 1410; baseline 0.004 -33"><span class='ocrx_word' id='word_1_51' title='bbox 248 1335 296 1378; x_wconf 71' lang='grc' dir='ltr'><strong>ιι</strong></span> <span class='ocrx_word' id='word_1_52' title='bbox 331 1307 747 1384; x_wconf 83' lang='lat' dir='ltr'><strong>Fastidiret</strong></span> <span class='ocrx_word' id='word_1_53' title='bbox 794 1309 1019 1384; x_wconf 89' lang='lat' dir='ltr'><strong>holus</strong></span> <span class='ocrx_word' id='word_1_54' title='bbox 1074 1309 1206 1410; x_wconf 90' lang='lat' dir='ltr'><strong>qui</strong></span> <span class='ocrx_word' id='word_1_55' title='bbox 1256 1336 1384 1386; x_wconf 91' lang='lat' dir='ltr'><strong>me</strong></span> <span class='ocrx_word' id='word_1_56' title='bbox 1434 1305 1723 1386; x_wconf 81' lang='lat' dir='ltr'><strong>notat.“</strong></span> <span class='ocrx_word' id='word_1_57' title='bbox 1823 1309 2080 1386; x_wconf 91' lang='lat' dir='ltr'><strong>Utrius</strong></span> <span class='ocrx_word' id='word_1_58' title='bbox 2129 1309 2408 1386; x_wconf 90' lang='lat' dir='ltr'><strong>horum</strong></span> 
     </span>
     <span class='ocr_line' id='line_1_11' title="bbox 330 1431 2323 1534; baseline 0.002 -27"><span class='ocrx_word' id='word_1_59' title='bbox 330 1431 597 1508; x_wconf 82' lang='lat' dir='ltr'><strong>Verba.</strong></span> <span class='ocrx_word' id='word_1_60' title='bbox 644 1435 927 1534; x_wconf 89' lang='lat' dir='ltr'><strong>probes</strong></span> <span class='ocrx_word' id='word_1_61' title='bbox 981 1447 1056 1511; x_wconf 89' lang='lat' dir='ltr'><strong>et</strong></span> <span class='ocrx_word' id='word_1_62' title='bbox 1105 1436 1313 1511; x_wconf 80' lang='lat' dir='ltr'><strong>facta</strong></span> <span class='ocrx_word' id='word_1_63' title='bbox 1364 1433 1582 1530; x_wconf 92' lang='lat' dir='ltr'><strong>doce,</strong></span> <span class='ocrx_word' id='word_1_64' title='bbox 1635 1433 1762 1510; x_wconf 87' lang='lat' dir='ltr'><strong>vel</strong></span> <span class='ocrx_word' id='word_1_65' title='bbox 1815 1433 2074 1510; x_wconf 90' lang='lat' dir='ltr'><strong>iunior</strong></span> <span class='ocrx_word' id='word_1_66' title='bbox 2117 1435 2323 1534; x_wconf 81' lang='lat' dir='ltr'><strong>audi,</strong></span> 
     </span>
    </p>
   </div>
   <div class='ocr_carea' id='block_1_4' title="bbox 327 1555 1828 1658">
    <p class='ocr_par' dir='ltr' id='par_1_6' title="bbox 327 1555 1828 1658">
     <span class='ocr_line' id='line_1_12' title="bbox 327 1555 1828 1658; baseline 0.001 -24"><span class='ocrx_word' id='word_1_67' title='bbox 327 1556 491 1634; x_wconf 85' lang='lat' dir='ltr'><strong>Cur</strong></span> <span class='ocrx_word' id='word_1_68' title='bbox 542 1560 643 1635; x_wconf 90' lang='lat' dir='ltr'><strong>sit</strong></span> <span class='ocrx_word' id='word_1_69' title='bbox 691 1560 1077 1658; x_wconf 79' lang='lat' dir='ltr'><strong>Aristippi</strong></span> <span class='ocrx_word' id='word_1_70' title='bbox 1126 1555 1382 1658; x_wconf 87' lang='lat' dir='ltr'><strong>potior</strong></span> <span class='ocrx_word' id='word_1_71' title='bbox 1427 1560 1828 1638; x_wconf 82' lang='lat' dir='ltr'><strong>sententia..</strong></span> 
     </span>
    </p>
   </div>
   <div class='ocr_carea' id='block_1_5' title="bbox 1931 1560 2286 1660">
    <p class='ocr_par' dir='ltr' id='par_1_7' title="bbox 1931 1560 2286 1660">
     <span class='ocr_line' id='line_1_13' title="bbox 1931 1560 2286 1660; baseline 0.006 -24"><span class='ocrx_word' id='word_1_72' title='bbox 1931 1560 2286 1660; x_wconf 83' lang='lat' dir='ltr'><strong>Namque</strong></span> 
     </span>
    </p>
   </div>
   <div class='ocr_carea' id='block_1_6' title="bbox 236 1683 2624 2163">
    <p class='ocr_par' dir='ltr' id='par_1_8' title="bbox 236 1683 2624 2038">
     <span class='ocr_line' id='line_1_14' title="bbox 326 1683 2234 1783; baseline 0.001 -23"><span class='ocrx_word' id='word_1_73' title='bbox 326 1683 780 1763; x_wconf 77' lang='lat' dir='ltr'><strong>Mordacem</strong></span> <span class='ocrx_word' id='word_1_74' title='bbox 823 1685 1204 1783; x_wconf 84' lang='lat' dir='ltr'><strong>Cynicum</strong></span> <span class='ocrx_word' id='word_1_75' title='bbox 1254 1686 1363 1761; x_wconf 92' lang='lat' dir='ltr'><strong>sic</strong></span> <span class='ocrx_word' id='word_1_76' title='bbox 1414 1685 1804 1782; x_wconf 80' lang='lat' dir='ltr'><strong>eludebat,</strong></span> <span class='ocrx_word' id='word_1_77' title='bbox 1847 1698 1936 1762; x_wconf 94' lang='lat' dir='ltr'><strong>ut</strong></span> <span class='ocrx_word' id='word_1_78' title='bbox 1981 1687 2234 1762; x_wconf 82' lang='lat' dir='ltr'><strong>aiunt:</strong></span> 
     </span>
     <span class='ocr_line' id='line_1_15' title="bbox 328 1809 2568 1912; baseline 0.001 -26"><span class='ocrx_word' id='word_1_79' title='bbox 328 1809 713 1908; x_wconf 84' lang='lat' dir='ltr'><strong>‚,Scurror·</strong></span> <span class='ocrx_word' id='word_1_80' title='bbox 762 1836 905 1910; x_wconf 87' lang='lat' dir='ltr'><strong>ego</strong></span> <span class='ocrx_word' id='word_1_81' title='bbox 959 1813 1125 1912; x_wconf 91' lang='lat' dir='ltr'><strong>ipse</strong></span> <span class='ocrx_word' id='word_1_82' title='bbox 1177 1811 1395 1906; x_wconf 90' lang='lat' dir='ltr'><strong>mihi,</strong></span> <span class='ocrx_word' id='word_1_83' title='bbox 1448 1811 1738 1912; x_wconf 89' lang='lat' dir='ltr'><strong>populo</strong></span> <span class='ocrx_word' id='word_1_84' title='bbox 1783 1824 1904 1908; x_wconf 84' lang='lat' dir='ltr'><strong>tu3</strong></span> <span class='ocrx_word' id='word_1_85' title='bbox 1957 1813 2242 1888; x_wconf 88' lang='lat' dir='ltr'><strong>rectius</strong></span> <span class='ocrx_word' id='word_1_86' title='bbox 2293 1812 2440 1888; x_wconf 92' lang='lat' dir='ltr'><strong>hoc</strong></span> <span class='ocrx_word' id='word_1_87' title='bbox 2490 1826 2568 1889; x_wconf 90' lang='lat' dir='ltr'><strong>et</strong></span> 
     </span>
     <span class='ocr_line' id='line_1_16' title="bbox 236 1935 2624 2038; baseline 0.003 -32"><span class='ocrx_word' id='word_1_88' title='bbox 236 1967 293 2008; x_wconf 61' lang='grc' dir='ltr'><strong>ιο</strong></span> <span class='ocrx_word' id='word_1_89' title='bbox 328 1935 833 2037; x_wconf 88' lang='lat' dir='ltr'><strong>Splendidius</strong></span> <span class='ocrx_word' id='word_1_90' title='bbox 878 1937 1121 2012; x_wconf 88' lang='lat' dir='ltr'><strong>multo</strong></span> <span class='ocrx_word' id='word_1_91' title='bbox 1174 1948 1309 2014; x_wconf 89' lang='lat' dir='ltr'><strong>est.</strong></span> <span class='ocrx_word' id='word_1_92' title='bbox 1362 1937 1629 2036; x_wconf 88' lang='lat' dir='ltr'><strong>Equus</strong></span> <span class='ocrx_word' id='word_1_93' title='bbox 1660 1951 1748 2013; x_wconf 94' lang='lat' dir='ltr'><strong>ut</strong></span> <span class='ocrx_word' id='word_1_94' title='bbox 1791 1964 1914 2014; x_wconf 90' lang='lat' dir='ltr'><strong>me</strong></span> <span class='ocrx_word' id='word_1_95' title='bbox 1951 1950 2227 2038; x_wconf 87' lang='lat' dir='ltr'><strong>portet,</strong></span> <span class='ocrx_word' id='word_1_96' title='bbox 2277 1938 2434 2014; x_wconf 81' lang='lat' dir='ltr'><strong>alat</strong></span> <span class='ocrx_word' id='word_1_97' title='bbox 2467 1965 2624 2036; x_wconf 84' lang='lat' dir='ltr'><strong>rex,</strong></span> 
     </span>
    </p>

    <p class='ocr_par' dir='ltr' id='par_1_9' title="bbox 327 2060 2012 2163">
     <span class='ocr_line' id='line_1_17' title="bbox 327 2060 2012 2163; baseline -0.001 -24"><span class='ocrx_word' id='word_1_98' title='bbox 327 2060 699 2139; x_wconf 86' lang='lat' dir='ltr'><strong>Officium</strong></span> <span class='ocrx_word' id='word_1_99' title='bbox 751 2063 1001 2158; x_wconf 81' lang='lat' dir='ltr'><strong>faci03</strong></span> <span class='ocrx_word' id='word_1_100' title='bbox 1054 2075 1139 2138; x_wconf 91' lang='lat' dir='ltr'><strong>tu</strong></span> <span class='ocrx_word' id='word_1_101' title='bbox 1182 2061 1437 2163; x_wconf 90' lang='lat' dir='ltr'><strong>poscis</strong></span> <span class='ocrx_word' id='word_1_102' title='bbox 1488 2063 1680 2139; x_wconf 77' lang='lat' dir='ltr'><strong>vilia</strong></span> <span class='ocrx_word' id='word_1_103' title='bbox 1727 2089 2012 2160; x_wconf 88' lang='lat' dir='ltr'><strong>rerum,</strong></span> 
     </span>
    </p>
   </div>
   <div class='ocr_carea' id='block_1_7' title="bbox 221 2305 1379 2375">
    <p class='ocr_par' dir='ltr' id='par_1_10' title="bbox 221 2305 1379 2375">
     <span class='ocr_line' id='line_1_18' title="bbox 221 2305 1379 2375; baseline 0.003 -18"><span class='ocrx_word' id='word_1_104' title='bbox 221 2305 458 2375; x_wconf 76' lang='lat' dir='ltr'><strong>negotia</strong></span> <span class='ocrx_word' id='word_1_105' title='bbox 498 2305 736 2374; x_wconf 72' lang='lat' dir='ltr'><strong>quaeris,</strong></span> <span class='ocrx_word' id='word_1_106' title='bbox 788 2311 853 2361; x_wconf 83' lang='lat' dir='ltr'><strong>ut</strong></span> <span class='ocrx_word' id='word_1_107' title='bbox 896 2321 1018 2360; x_wconf 84' lang='lat' dir='ltr'><strong>rem</strong></span> <span class='ocrx_word' id='word_1_108' title='bbox 1052 2305 1161 2360; x_wconf 85' lang='lat' dir='ltr'><strong>tibi</strong></span> <span class='ocrx_word' id='word_1_109' title='bbox 1197 2321 1379 2375; x_wconf 63' lang='lat' dir='ltr'><strong>pares,</strong></span> 
     </span>
    </p>
   </div>
   <div class='ocr_carea' id='block_1_8' title="bbox 222 2376 2245 2447">
    <p class='ocr_par' dir='ltr' id='par_1_11' title="bbox 222 2376 2245 2447">
     <span class='ocr_line' id='line_1_19' title="bbox 222 2376 2245 2447; baseline 0.002 -19"><span class='ocrx_word' id='word_1_110' title='bbox 222 2379 289 2429; x_wconf 88' lang='lat' dir='ltr'><strong>ut</strong></span> <span class='ocrx_word' id='word_1_111' title='bbox 324 2376 437 2431; x_wconf 90' lang='lat' dir='ltr'><strong>tibi</strong></span> <span class='ocrx_word' id='word_1_112' title='bbox 474 2378 697 2446; x_wconf 88' lang='lat' dir='ltr'><strong>tuisque</strong></span> <span class='ocrx_word' id='word_1_113' title='bbox 738 2379 937 2447; x_wconf 86' lang='lat' dir='ltr'><strong>prosis,</strong></span> <span class='ocrx_word' id='word_1_114' title='bbox 976 2377 1024 2431; x_wconf 87' lang='lat' dir='ltr'><strong>si</strong></span> <span class='ocrx_word' id='word_1_115' title='bbox 1059 2377 1267 2432; x_wconf 77' lang='lat' dir='ltr'><strong>laetam</strong></span> <span class='ocrx_word' id='word_1_116' title='bbox 1300 2377 1381 2430; x_wconf 78' lang='lat' dir='ltr'><strong>vi·</strong></span> <span class='ocrx_word' id='word_1_117' title='bbox 1468 2376 1576 2446; x_wconf 72' lang='lat' dir='ltr'><strong>ret]</strong></span> <span class='ocrx_word' id='word_1_118' title='bbox 1615 2376 1778 2447; x_wconf 77' lang='lat' dir='ltr'><strong>Diog.</strong></span> <span class='ocrx_word' id='word_1_119' title='bbox 1815 2377 2006 2432; x_wconf 75' lang='lat' dir='ltr'><strong>Laert-</strong></span> <span class='ocrx_word' id='word_1_120' title='bbox 2041 2377 2115 2446; x_wconf 88' lang='lat'><strong>11,</strong></span> <span class='ocrx_word' id='word_1_121' title='bbox 2151 2379 2245 2432; x_wconf 80' lang='lat'><strong>69:</strong></span> 
     </span>
    </p>
   </div>
   <div class='ocr_carea' id='block_1_9' title="bbox 208 2449 1383 4652">
    <p class='ocr_par' dir='ltr' id='par_1_12' title="bbox 210 2449 1381 3876">
     <span class='ocr_line' id='line_1_20' title="bbox 220 2449 1380 2548; baseline 0.001 -47"><span class='ocrx_word' id='word_1_122' title='bbox 220 2450 341 2502; x_wconf 70' lang='lat' dir='ltr'><strong>tam</strong></span> <span class='ocrx_word' id='word_1_123' title='bbox 404 2449 687 2519; x_wconf 78' lang='lat' dir='ltr'><strong>praefers,</strong></span> <span class='ocrx_word' id='word_1_124' title='bbox 750 2449 991 2520; x_wconf 73' lang='lat' dir='ltr'><strong>agedum</strong></span> <span class='ocrx_word' id='word_1_125' title='bbox 1060 2449 1380 2548; x_wconf 81' lang='lat' dir='ltr'><strong>potentium</strong></span> 
     </span>
     <span class='ocr_line' id='line_1_21' title="bbox 219 2517 1379 2590; baseline 0 -18"><span class='ocrx_word' id='word_1_126' title='bbox 219 2517 521 2574; x_wconf 88' lang='lat' dir='ltr'><strong>hominum</strong></span> <span class='ocrx_word' id='word_1_127' title='bbox 552 2521 859 2576; x_wconf 69' lang='lat' dir='ltr'><strong>amicitiam</strong></span> <span class='ocrx_word' id='word_1_128' title='bbox 934 2520 1153 2576; x_wconf 69' lang='lat' dir='ltr'><strong>unere-‘⁴</strong></span> <span class='ocrx_word' id='word_1_129' title='bbox 1174 2545 1251 2560; x_wconf 88' lang='lat'><strong>-·</strong></span> <span class='ocrx_word' id='word_1_130' title='bbox 1260 2518 1379 2590; x_wconf 77' lang='lat' dir='ltr'><strong>pri·</strong></span> 
     </span>
     <span class='ocr_line' id='line_1_22' title="bbox 220 2591 1379 2662; baseline -0.001 -17"><span class='ocrx_word' id='word_1_131' title='bbox 220 2606 367 2645; x_wconf 77' lang='lat' dir='ltr'><strong>mam</strong></span> <span class='ocrx_word' id='word_1_132' title='bbox 415 2592 630 2662; x_wconf 77' lang='lat' dir='ltr'><strong>horam]</strong></span> <span class='ocrx_word' id='word_1_133' title='bbox 680 2591 811 2646; x_wconf 79' lang='lat' dir='ltr'><strong>vide</strong></span> <span class='ocrx_word' id='word_1_134' title='bbox 967 2591 1081 2648; x_wconf 73' lang='lat' dir='ltr'><strong>Sat.</strong></span> <span class='ocrx_word' id='word_1_135' title='bbox 1119 2592 1167 2660; x_wconf 93' lang='lat' dir='ltr'><strong>I,</strong></span> <span class='ocrx_word' id='word_1_136' title='bbox 1202 2595 1255 2659; x_wconf 98' lang='grc'><strong>5,</strong></span> <span class='ocrx_word' id='word_1_137' title='bbox 1290 2592 1379 2644; x_wconf 88' lang='grc'><strong>23.</strong></span> 
     </span>
     <span class='ocr_line' id='line_1_23' title="bbox 218 2631 1381 2733; baseline -0.003 -15"><span class='ocrx_word' id='word_1_138' title='bbox 218 2689 285 2700; x_wconf 91' lang='grc'><strong>-</strong></span> <span class='ocrx_word' id='word_1_139' title='bbox 322 2661 523 2733; x_wconf 75' lang='lat' dir='ltr'><strong>laedit]</strong></span> <span class='ocrx_word' id='word_1_140' title='bbox 564 2663 656 2718; x_wconf 86' lang='lat' dir='ltr'><strong>Sic</strong></span> <span class='ocrx_word' id='word_1_141' title='bbox 690 2663 800 2717; x_wconf 84' lang='lat' dir='ltr'><strong>duo</strong></span> <span class='ocrx_word' id='word_1_142' title='bbox 836 2662 1141 2732; x_wconf 79' lang='lat' dir='ltr'><strong>Blandinii‚</strong></span> <span class='ocrx_word' id='word_1_143' title='bbox 1176 2631 1381 2731; x_wconf 85' lang='lat' dir='ltr'><strong>reliqui</strong></span> 
     </span>
     <span class='ocr_line' id='line_1_24' title="bbox 218 2733 1381 2804; baseline 0 -16"><span class='ocrx_word' id='word_1_144' title='bbox 218 2749 414 2789; x_wconf 87' lang='lat' dir='ltr'><strong>omnes</strong></span> <span class='ocrx_word' id='word_1_145' title='bbox 446 2733 681 2804; x_wconf 83' lang='lat' dir='ltr'><strong>Cruquii</strong></span> <span class='ocrx_word' id='word_1_146' title='bbox 704 2733 921 2804; x_wconf 64' lang='grc' dir='ltr'><strong>Ζασάαις</strong></span> <span class='ocrx_word' id='word_1_147' title='bbox 960 2735 1161 2804; x_wconf 87' lang='lat' dir='ltr'><strong>optimi</strong></span> <span class='ocrx_word' id='word_1_148' title='bbox 1184 2733 1381 2790; x_wconf 87' lang='lat' dir='ltr'><strong>Orellii</strong></span> 
     </span>
     <span class='ocr_line' id='line_1_25' title="bbox 216 2805 1381 2874; baseline -0.001 -14"><span class='ocrx_word' id='word_1_149' title='bbox 216 2805 417 2874; x_wconf 77' lang='lat' dir='ltr'><strong>laedet,</strong></span> <span class='ocrx_word' id='word_1_150' title='bbox 467 2807 619 2874; x_wconf 88' lang='lat' dir='ltr'><strong>quod</strong></span> <span class='ocrx_word' id='word_1_151' title='bbox 678 2823 793 2860; x_wconf 90' lang='lat' dir='ltr'><strong>non</strong></span> <span class='ocrx_word' id='word_1_152' title='bbox 836 2806 1079 2862; x_wconf 71' lang='lat' dir='ltr'><strong>debebat</strong></span> <span class='ocrx_word' id='word_1_153' title='bbox 1131 2805 1381 2874; x_wconf 89' lang='lat' dir='ltr'><strong>recipere</strong></span> 
     </span>
     <span class='ocr_line' id='line_1_26' title="bbox 216 2823 1380 2932; baseline 0.003 -3"><span class='ocrx_word' id='word_1_154' title='bbox 216 2823 505 2932; x_wconf 50' lang='lat' dir='ltr'><strong>Ritterus‘}</strong></span> <span class='ocrx_word' id='word_1_155' title='bbox 544 2878 805 2932; x_wconf 86' lang='lat' dir='ltr'><strong>Kellerus</strong></span> <span class='ocrx_word' id='word_1_156' title='bbox 840 2879 902 2932; x_wconf 90' lang='lat' dir='ltr'><strong>in</strong></span> <span class='ocrx_word' id='word_1_157' title='bbox 937 2878 1071 2932; x_wconf 86' lang='lat' dir='ltr'><strong>edit.</strong></span> <span class='ocrx_word' id='word_1_158' title='bbox 1107 2879 1236 2932; x_wconf 73' lang='lat' dir='ltr'><strong>mai.</strong></span> <span class='ocrx_word' id='word_1_159' title='bbox 1272 2877 1380 2932; x_wconf 74' lang='lat' dir='ltr'><strong>zae-</strong></span> 
     </span>
     <span class='ocr_line' id='line_1_27' title="bbox 216 2946 1379 3020; baseline 0 -18"><span class='ocrx_word' id='word_1_160' title='bbox 216 2946 308 3002; x_wconf 77' lang='lat' dir='ltr'><strong>det</strong></span> <span class='ocrx_word' id='word_1_161' title='bbox 346 2954 661 3018; x_wconf 77' lang='lat' dir='ltr'><strong>receperat,</strong></span> <span class='ocrx_word' id='word_1_162' title='bbox 697 2951 795 3005; x_wconf 87' lang='lat' dir='ltr'><strong>sed</strong></span> <span class='ocrx_word' id='word_1_163' title='bbox 830 2951 892 3004; x_wconf 91' lang='lat' dir='ltr'><strong>in</strong></span> <span class='ocrx_word' id='word_1_164' title='bbox 923 2951 1144 3020; x_wconf 82' lang='lat' dir='ltr'><strong>Epileg.</strong></span> <span class='ocrx_word' id='word_1_165' title='bbox 1181 2966 1236 3018; x_wconf 89' lang='lat' dir='ltr'><strong>p.</strong></span> <span class='ocrx_word' id='word_1_166' title='bbox 1275 2951 1379 3002; x_wconf 89' lang='grc'><strong>672</strong></span> 
     </span>
     <span class='ocr_line' id='line_1_28' title="bbox 212 3019 1382 3106; baseline 0.002 -34"><span class='ocrx_word' id='word_1_167' title='bbox 212 3019 527 3090; x_wconf 82' lang='lat' dir='ltr'><strong>intellexit,</strong></span> <span class='ocrx_word' id='word_1_168' title='bbox 551 3025 680 3090; x_wconf 84' lang='lat' dir='ltr'><strong>post</strong></span> <span class='ocrx_word' id='word_1_169' title='bbox 703 3037 962 3106; x_wconf 69' lang='lat' dir='ltr'><strong>praesens</strong></span> <span class='ocrx_word' id='word_1_170' title='bbox 986 3021 1211 3076; x_wconf 74' lang='lat' dir='ltr'><strong>delectat</strong></span> <span class='ocrx_word' id='word_1_171' title='bbox 1246 3020 1382 3074; x_wconf 76' lang='lat' dir='ltr'><strong>alts-</strong></span> 
     </span>
     <span class='ocr_line' id='line_1_29' title="bbox 214 3091 1379 3162; baseline 0 -17"><span class='ocrx_word' id='word_1_172' title='bbox 214 3107 347 3145; x_wconf 89' lang='lat' dir='ltr'><strong>rum</strong></span> <span class='ocrx_word' id='word_1_173' title='bbox 382 3109 649 3162; x_wconf 77' lang='lat' dir='ltr'><strong>praesens</strong></span> <span class='ocrx_word' id='word_1_174' title='bbox 685 3093 921 3162; x_wconf 88' lang='lat' dir='ltr'><strong>requiri,</strong></span> <span class='ocrx_word' id='word_1_175' title='bbox 944 3111 1059 3146; x_wconf 88' lang='lat' dir='ltr'><strong>non</strong></span> <span class='ocrx_word' id='word_1_176' title='bbox 1081 3091 1379 3148; x_wconf 78' lang='lat' dir='ltr'><strong>admitten-</strong></span> 
     </span>
     <span class='ocr_line' id='line_1_30' title="bbox 216 3162 1379 3220; baseline 0 -3"><span class='ocrx_word' id='word_1_177' title='bbox 216 3162 357 3218; x_wconf 87' lang='lat' dir='ltr'><strong>dum</strong></span> <span class='ocrx_word' id='word_1_178' title='bbox 395 3181 518 3218; x_wconf 86' lang='lat' dir='ltr'><strong>esse</strong></span> <span class='ocrx_word' id='word_1_179' title='bbox 550 3164 805 3218; x_wconf 86' lang='lat' dir='ltr'><strong>futurum</strong></span> <span class='ocrx_word' id='word_1_180' title='bbox 841 3165 1031 3220; x_wconf 75' lang='lat' dir='ltr'><strong>laedet.</strong></span> <span class='ocrx_word' id='word_1_181' title='bbox 1069 3163 1134 3217; x_wconf 90' lang='lat' dir='ltr'><strong>In</strong></span> <span class='ocrx_word' id='word_1_182' title='bbox 1160 3167 1379 3218; x_wconf 71' lang='lat' dir='ltr'><strong>mutato</strong></span> 
     </span>
     <span class='ocr_line' id='line_1_31' title="bbox 212 3236 1379 3318; baseline 0.002 -30"><span class='ocrx_word' id='word_1_183' title='bbox 212 3239 483 3305; x_wconf 87' lang='lat' dir='ltr'><strong>tempore</strong></span> <span class='ocrx_word' id='word_1_184' title='bbox 534 3236 679 3290; x_wconf 86' lang='lat' dir='ltr'><strong>nihil</strong></span> <span class='ocrx_word' id='word_1_185' title='bbox 731 3237 877 3290; x_wconf 88' lang='lat' dir='ltr'><strong>inest</strong></span> <span class='ocrx_word' id='word_1_186' title='bbox 928 3236 1256 3318; x_wconf 71' lang='lat' dir='ltr'><strong>elegantiae.</strong></span> <span class='ocrx_word' id='word_1_187' title='bbox 1310 3263 1379 3274; x_wconf 95' lang='lat'>—</span> 
     </span>
     <span class='ocr_line' id='line_1_32' title="bbox 214 3305 1381 3390; baseline -0.001 -29"><span class='ocrx_word' id='word_1_188' title='bbox 214 3305 604 3390; x_wconf 74' lang='lat' dir='ltr'><strong>Ferentinum]</strong></span> <span class='ocrx_word' id='word_1_189' title='bbox 618 3306 993 3362; x_wconf 85' lang='lat' dir='ltr'><strong>Hernicorum</strong></span> <span class='ocrx_word' id='word_1_190' title='bbox 1012 3306 1381 3375; x_wconf 86' lang='lat' dir='ltr'><strong>municipium</strong></span> 
     </span>
     <span class='ocr_line' id='line_1_33' title="bbox 212 3377 1379 3447; baseline 0.001 -16"><span class='ocrx_word' id='word_1_191' title='bbox 212 3377 347 3433; x_wconf 72' lang='lat' dir='ltr'><strong>viae</strong></span> <span class='ocrx_word' id='word_1_192' title='bbox 384 3377 705 3434; x_wconf 68' lang='lat' dir='ltr'><strong>anicunae</strong></span> <span class='ocrx_word' id='word_1_193' title='bbox 738 3379 811 3432; x_wconf 80' lang='lat' dir='ltr'><strong>sd</strong></span> <span class='ocrx_word' id='word_1_194' title='bbox 844 3377 1083 3432; x_wconf 89' lang='lat' dir='ltr'><strong>XLVIII</strong></span> <span class='ocrx_word' id='word_1_195' title='bbox 1119 3378 1379 3447; x_wconf 76' lang='lat' dir='ltr'><strong>lapidem.</strong></span> 
     </span>
     <span class='ocr_line' id='line_1_34' title="bbox 212 3448 1379 3519; baseline 0.001 -16"><span class='ocrx_word' id='word_1_196' title='bbox 212 3449 657 3504; x_wconf 73' lang='lat' dir='ltr'><strong>Walckenarius</strong></span> <span class='ocrx_word' id='word_1_197' title='bbox 706 3467 810 3518; x_wconf 88' lang='lat' dir='ltr'><strong>pro</strong></span> <span class='ocrx_word' id='word_1_198' title='bbox 854 3450 1122 3504; x_wconf 73' lang='lat' dir='ltr'><strong>Etruriae</strong></span> <span class='ocrx_word' id='word_1_199' title='bbox 1170 3448 1379 3519; x_wconf 87' lang='lat' dir='ltr'><strong>oppido</strong></span> 
     </span>
     <span class='ocr_line' id='line_1_35' title="bbox 212 3519 1381 3590; baseline -0.001 -15"><span class='ocrx_word' id='word_1_200' title='bbox 212 3520 413 3589; x_wconf 74' lang='lat' dir='ltr'><strong>habet,</strong></span> <span class='ocrx_word' id='word_1_201' title='bbox 442 3521 593 3590; x_wconf 88' lang='lat' dir='ltr'><strong>quod</strong></span> <span class='ocrx_word' id='word_1_202' title='bbox 617 3521 785 3577; x_wconf 89' lang='lat' dir='ltr'><strong>hodie</strong></span> <span class='ocrx_word' id='word_1_203' title='bbox 806 3521 1031 3577; x_wconf 69' lang='lat' dir='ltr'><strong>Ferenti</strong></span> <span class='ocrx_word' id='word_1_204' title='bbox 1048 3521 1108 3574; x_wconf 89' lang='lat' dir='ltr'><strong>in</strong></span> <span class='ocrx_word' id='word_1_205' title='bbox 1130 3519 1381 3575; x_wconf 67' lang='lat' dir='ltr'><strong>Toseana</strong></span> 
     </span>
     <span class='ocr_line' id='line_1_36' title="bbox 212 3592 1381 3664; baseline 0 -18"><span class='ocrx_word' id='word_1_206' title='bbox 212 3609 338 3648; x_wconf 81' lang='lat' dir='ltr'><strong>esse</strong></span> <span class='ocrx_word' id='word_1_207' title='bbox 377 3593 607 3647; x_wconf 87' lang='lat' dir='ltr'><strong>dicitur.</strong></span> <span class='ocrx_word' id='word_1_208' title='bbox 682 3593 1011 3664; x_wconf 74' lang='lat' dir='ltr'><strong>Capmartin</strong></span> <span class='ocrx_word' id='word_1_209' title='bbox 1047 3592 1117 3646; x_wconf 90' lang='lat' dir='ltr'><strong>de</strong></span> <span class='ocrx_word' id='word_1_210' title='bbox 1153 3593 1381 3661; x_wconf 80' lang='lat' dir='ltr'><strong>Chaupy</strong></span> 
     </span>
     <span class='ocr_line' id='line_1_37' title="bbox 212 3662 1381 3748; baseline -0.001 -30"><span class='ocrx_word' id='word_1_211' title='bbox 212 3663 411 3719; x_wconf 80' lang='lat' dir='ltr'><strong>locum</strong></span> <span class='ocrx_word' id='word_1_212' title='bbox 450 3681 563 3718; x_wconf 88' lang='lat' dir='ltr'><strong>non</strong></span> <span class='ocrx_word' id='word_1_213' title='bbox 598 3664 767 3748; x_wconf 74' lang='lat' dir='ltr'><strong>longe</strong></span> <span class='ocrx_word' id='word_1_214' title='bbox 802 3665 875 3719; x_wconf 76' lang='lat' dir='ltr'><strong>ab</strong></span> <span class='ocrx_word' id='word_1_215' title='bbox 912 3665 1055 3718; x_wconf 87' lang='lat' dir='ltr'><strong>urbe</strong></span> <span class='ocrx_word' id='word_1_216' title='bbox 1091 3663 1273 3718; x_wconf 74' lang='lat' dir='ltr'><strong>Roma</strong></span> <span class='ocrx_word' id='word_1_217' title='bbox 1307 3662 1381 3717; x_wconf 79' lang='lat' dir='ltr'><strong>sd</strong></span> 
     </span>
     <span class='ocr_line' id='line_1_38' title="bbox 212 3735 1379 3804; baseline -0.001 -15"><span class='ocrx_word' id='word_1_218' title='bbox 212 3735 447 3791; x_wconf 74' lang='lat' dir='ltr'><strong>radices</strong></span> <span class='ocrx_word' id='word_1_219' title='bbox 484 3737 693 3790; x_wconf 84' lang='lat' dir='ltr'><strong>montis</strong></span> <span class='ocrx_word' id='word_1_220' title='bbox 729 3737 939 3792; x_wconf 75' lang='lat' dir='ltr'><strong>Albani</strong></span> <span class='ocrx_word' id='word_1_221' title='bbox 976 3737 1148 3790; x_wconf 84' lang='lat' dir='ltr'><strong>situm</strong></span> <span class='ocrx_word' id='word_1_222' title='bbox 1190 3735 1379 3804; x_wconf 73' lang='lat' dir='ltr'><strong>opina·</strong></span> 
     </span>
     <span class='ocr_line' id='line_1_39' title="bbox 210 3807 1381 3876; baseline -0.002 -14"><span class='ocrx_word' id='word_1_223' title='bbox 210 3812 344 3876; x_wconf 79' lang='lat' dir='ltr'><strong>tur3</strong></span> <span class='ocrx_word' id='word_1_224' title='bbox 402 3823 551 3876; x_wconf 75' lang='lat' dir='ltr'><strong>quse</strong></span> <span class='ocrx_word' id='word_1_225' title='bbox 604 3809 795 3876; x_wconf 90' lang='lat' dir='ltr'><strong>opinio</strong></span> <span class='ocrx_word' id='word_1_226' title='bbox 851 3807 1101 3863; x_wconf 78' lang='lat' dir='ltr'><strong>Obbario</strong></span> <span class='ocrx_word' id='word_1_227' title='bbox 1152 3823 1381 3876; x_wconf 72' lang='lat' dir='ltr'><strong>magno·</strong></span> 
     </span>
    </p>

    <p class='ocr_par' dir='ltr' id='par_1_13' title="bbox 208 3877 1383 4652">
     <span class='ocr_line' id='line_1_40' title="bbox 212 3877 1382 3949; baseline -0.002 -16"><span class='ocrx_word' id='word_1_228' title='bbox 212 3895 357 3948; x_wconf 89' lang='lat' dir='ltr'><strong>pere</strong></span> <span class='ocrx_word' id='word_1_229' title='bbox 404 3878 698 3948; x_wconf 76' lang='lat' dir='ltr'><strong>probatur.</strong></span> <span class='ocrx_word' id='word_1_230' title='bbox 749 3910 816 3921; x_wconf 91' lang='lat'><strong>—</strong></span> <span class='ocrx_word' id='word_1_231' title='bbox 860 3878 1077 3949; x_wconf 73' lang='lat' dir='ltr'><strong>fefellit]</strong></span> <span class='ocrx_word' id='word_1_232' title='bbox 1132 3877 1263 3932; x_wconf 80' lang='lat' dir='ltr'><strong>vide</strong></span> <span class='ocrx_word' id='word_1_233' title='bbox 1308 3877 1382 3932; x_wconf 72' lang='lat' dir='ltr'><strong>od</strong></span> 
     </span>
     <span class='ocr_line' id='line_1_41' title="bbox 213 3949 824 4019; baseline 0.003 -15"><span class='ocrx_word' id='word_1_234' title='bbox 213 3951 406 4005; x_wconf 70' lang='lat' dir='ltr'><strong>Germ.</strong></span> <span class='ocrx_word' id='word_1_235' title='bbox 427 3949 530 4018; x_wconf 84' lang='lat'><strong>111,</strong></span> <span class='ocrx_word' id='word_1_236' title='bbox 560 3953 641 4019; x_wconf 91' lang='grc'><strong>16,</strong></span> <span class='ocrx_word' id='word_1_237' title='bbox 654 3952 741 4004; x_wconf 96' lang='grc'><strong>32.</strong></span> <span class='ocrx_word' id='word_1_238' title='bbox 768 3951 824 4006; x_wconf 86' lang='lat' dir='ltr'><strong>S·</strong></span> 
     </span>
     <span class='ocr_line' id='line_1_42' title="bbox 209 3987 1382 4088; baseline -0.002 -12"><span class='ocrx_word' id='word_1_239' title='bbox 209 4022 365 4077; x_wconf 83' lang='lat' dir='ltr'><strong>illud</strong></span> <span class='ocrx_word' id='word_1_240' title='bbox 393 3987 533 4074; x_wconf 72' lang='grc' dir='ltr'><strong>λάθε</strong></span> <span class='ocrx_word' id='word_1_241' title='bbox 571 3990 789 4088; x_wconf 76' lang='grc' dir='ltr'><strong>βιώσας.</strong></span> <span class='ocrx_word' id='word_1_242' title='bbox 882 4023 995 4078; x_wconf 79' lang='lat' dir='ltr'><strong>vid.</strong></span> <span class='ocrx_word' id='word_1_243' title='bbox 1020 4021 1191 4076; x_wconf 89' lang='lat' dir='ltr'><strong>Trist.</strong></span> <span class='ocrx_word' id='word_1_244' title='bbox 1208 4021 1307 4087; x_wconf 87' lang='lat'><strong>111,</strong></span> <span class='ocrx_word' id='word_1_245' title='bbox 1328 4023 1382 4088; x_wconf 95' lang='lat'><strong>4,</strong></span> 
     </span>
     <span class='ocr_line' id='line_1_43' title="bbox 212 4092 1379 4163; baseline -0.001 -16"><span class='ocrx_word' id='word_1_246' title='bbox 212 4095 315 4148; x_wconf 91' lang='grc'><strong>25.</strong></span> <span class='ocrx_word' id='word_1_247' title='bbox 400 4092 613 4162; x_wconf 86' lang='lat' dir='ltr'><strong>„Crede</strong></span> <span class='ocrx_word' id='word_1_248' title='bbox 656 4095 813 4162; x_wconf 87' lang='lat' dir='ltr'><strong>mihi,</strong></span> <span class='ocrx_word' id='word_1_249' title='bbox 858 4095 1001 4149; x_wconf 86' lang='lat' dir='ltr'><strong>bene</strong></span> <span class='ocrx_word' id='word_1_250' title='bbox 1046 4094 1145 4163; x_wconf 88' lang='lat' dir='ltr'><strong>qui</strong></span> <span class='ocrx_word' id='word_1_251' title='bbox 1192 4092 1379 4160; x_wconf 75' lang='lat' dir='ltr'><strong>latuit,</strong></span> 
     </span>
     <span class='ocr_line' id='line_1_44' title="bbox 210 4112 1383 4236; baseline -0.003 -15"><span class='ocrx_word' id='word_1_252' title='bbox 210 4165 365 4221; x_wconf 89' lang='lat' dir='ltr'><strong>bene</strong></span> <span class='ocrx_word' id='word_1_253' title='bbox 380 4165 583 4220; x_wconf 62' lang='lat' dir='ltr'><strong>vixitf‘</strong></span> <span class='ocrx_word' id='word_1_254' title='bbox 598 4193 665 4205; x_wconf 91' lang='lat'><strong>—-</strong></span> <span class='ocrx_word' id='word_1_255' title='bbox 681 4165 985 4236; x_wconf 63' lang='lat' dir='ltr'><strong>bevdqnius]</strong></span> <span class='ocrx_word' id='word_1_256' title='bbox 1008 4112 1163 4220; x_wconf 67' lang='lat' dir='ltr'><strong>Haec</strong></span> <span class='ocrx_word' id='word_1_257' title='bbox 1178 4163 1383 4220; x_wconf 81' lang='lat' dir='ltr'><strong>festive</strong></span> 
     </span>
     <span class='ocr_line' id='line_1_45' title="bbox 210 4235 1381 4320; baseline -0.005 -27"><span class='ocrx_word' id='word_1_258' title='bbox 210 4255 249 4292; x_wconf 71' lang='lat' dir='ltr'><strong>s</strong></span> <span class='ocrx_word' id='word_1_259' title='bbox 300 4253 451 4293; x_wconf 71' lang='lat' dir='ltr'><strong>cena</strong></span> <span class='ocrx_word' id='word_1_260' title='bbox 495 4241 721 4320; x_wconf 75' lang='lat' dir='ltr'><strong>sumpta</strong></span> <span class='ocrx_word' id='word_1_261' title='bbox 767 4240 917 4306; x_wconf 87' lang='lat' dir='ltr'><strong>sunt,</strong></span> <span class='ocrx_word' id='word_1_262' title='bbox 960 4239 1027 4291; x_wconf 87' lang='lat' dir='ltr'><strong>ut</strong></span> <span class='ocrx_word' id='word_1_263' title='bbox 1063 4236 1181 4291; x_wconf 75' lang='lat' dir='ltr'><strong>Sat.</strong></span> <span class='ocrx_word' id='word_1_264' title='bbox 1218 4235 1290 4304; x_wconf 94' lang='lat' dir='ltr'><strong>II,</strong></span> <span class='ocrx_word' id='word_1_265' title='bbox 1328 4237 1381 4302; x_wconf 85' lang='lat'><strong>2,</strong></span> 
     </span>
     <span class='ocr_line' id='line_1_46' title="bbox 212 4273 1381 4376; baseline -0.001 -14"><span class='ocrx_word' id='word_1_266' title='bbox 212 4309 317 4376; x_wconf 75' lang='lat'><strong>853</strong></span> <span class='ocrx_word' id='word_1_267' title='bbox 358 4308 497 4362; x_wconf 90' lang='lat' dir='ltr'><strong>inde</strong></span> <span class='ocrx_word' id='word_1_268' title='bbox 528 4309 701 4362; x_wconf 73' lang='lat' dir='ltr'><strong>etism</strong></span> <span class='ocrx_word' id='word_1_269' title='bbox 732 4309 909 4363; x_wconf 72' lang='lat' dir='ltr'><strong>sicem</strong></span> <span class='ocrx_word' id='word_1_270' title='bbox 934 4307 1012 4362; x_wconf 75' lang='lat' dir='ltr'><strong>ad</strong></span> <span class='ocrx_word' id='word_1_271' title='bbox 1032 4312 1269 4362; x_wconf 74' lang='lat' dir='ltr'><strong>unctum.</strong></span> <span class='ocrx_word' id='word_1_272' title='bbox 1275 4273 1381 4361; x_wconf 65' lang='lat' dir='ltr'><strong>’fef</strong></span> 
     </span>
     <span class='ocr_line' id='line_1_47' title="bbox 210 4377 1377 4451; baseline -0.003 -16"><span class='ocrx_word' id='word_1_273' title='bbox 210 4379 408 4451; x_wconf 81' lang='lat' dir='ltr'><strong>Epist.</strong></span> <span class='ocrx_word' id='word_1_274' title='bbox 425 4379 471 4447; x_wconf 89' lang='grc' dir='ltr'><strong>Ι,</strong></span> <span class='ocrx_word' id='word_1_275' title='bbox 488 4381 573 4448; x_wconf 91' lang='grc'><strong>15,</strong></span> <span class='ocrx_word' id='word_1_276' title='bbox 588 4381 675 4434; x_wconf 87' lang='lat'><strong>44.</strong></span> <span class='ocrx_word' id='word_1_277' title='bbox 698 4379 887 4435; x_wconf 84' lang='lat' dir='ltr'><strong>Senso.</strong></span> <span class='ocrx_word' id='word_1_278' title='bbox 900 4379 1083 4448; x_wconf 80' lang='lat' dir='ltr'><strong>Epist.</strong></span> <span class='ocrx_word' id='word_1_279' title='bbox 1102 4379 1197 4432; x_wconf 78' lang='lat'><strong>66:</strong></span> <span class='ocrx_word' id='word_1_280' title='bbox 1226 4377 1377 4448; x_wconf 71' lang='lat' dir='ltr'><strong>,‚-Ma</strong></span> 
     </span>
     <span class='ocr_line' id='line_1_48' title="bbox 208 4449 1380 4536; baseline -0.002 -31"><span class='ocrx_word' id='word_1_281' title='bbox 208 4452 328 4536; x_wconf 74' lang='lat' dir='ltr'><strong>gis</strong></span> <span class='ocrx_word' id='word_1_282' title='bbox 354 4450 565 4534; x_wconf 79' lang='lat' dir='ltr'><strong>diliges</strong></span> <span class='ocrx_word' id='word_1_283' title='bbox 610 4469 681 4506; x_wconf 83' lang='lat' dir='ltr'><strong>ex</strong></span> <span class='ocrx_word' id='word_1_284' title='bbox 732 4451 949 4506; x_wconf 86' lang='lat' dir='ltr'><strong>duobus</strong></span> <span class='ocrx_word' id='word_1_285' title='bbox 992 4465 1169 4518; x_wconf 67' lang='lat' dir='ltr'><strong>aeque</strong></span> <span class='ocrx_word' id='word_1_286' title='bbox 1216 4449 1380 4504; x_wconf 85' lang='lat' dir='ltr'><strong>bonis</strong></span> 
     </span>
     <span class='ocr_line' id='line_1_49' title="bbox 208 4521 1379 4590; baseline -0.003 -12"><span class='ocrx_word' id='word_1_287' title='bbox 208 4522 363 4578; x_wconf 73' lang='lat' dir='ltr'><strong>viris</strong></span> <span class='ocrx_word' id='word_1_288' title='bbox 400 4521 649 4578; x_wconf 83' lang='lat' dir='ltr'><strong>nitidum</strong></span> <span class='ocrx_word' id='word_1_289' title='bbox 682 4527 741 4578; x_wconf 89' lang='lat' dir='ltr'><strong>et</strong></span> <span class='ocrx_word' id='word_1_290' title='bbox 787 4527 1015 4578; x_wconf 68' lang='lat' dir='ltr'><strong>unctum</strong></span> <span class='ocrx_word' id='word_1_291' title='bbox 1049 4537 1219 4590; x_wconf 69' lang='lat' dir='ltr'><strong>quum</strong></span> <span class='ocrx_word' id='word_1_292' title='bbox 1254 4521 1379 4590; x_wconf 86' lang='lat' dir='ltr'><strong>pul-</strong></span> 
     </span>
     <span class='ocr_line' id='line_1_50' title="bbox 208 4591 1379 4652; baseline -0.004 0"><span class='ocrx_word' id='word_1_293' title='bbox 208 4593 585 4652; x_wconf 81' lang='lat' dir='ltr'><strong>verulentum</strong></span> <span class='ocrx_word' id='word_1_294' title='bbox 620 4599 681 4650; x_wconf 90' lang='lat' dir='ltr'><strong>et</strong></span> <span class='ocrx_word' id='word_1_295' title='bbox 717 4594 1059 4650; x_wconf 88' lang='lat' dir='ltr'><strong>horrentem.</strong></span> <span class='ocrx_word' id='word_1_296' title='bbox 1066 4591 1093 4622; x_wconf 86' lang='lat'>“</span> <span class='ocrx_word' id='word_1_297' title='bbox 1154 4592 1227 4648; x_wconf 82' lang='lat' dir='ltr'><strong>of.</strong></span> <span class='ocrx_word' id='word_1_298' title='bbox 1262 4593 1379 4648; x_wconf 72' lang='lat' dir='ltr'><strong>Sat.</strong></span> 
     </span>
    </p>
   </div>
   <div class='ocr_carea' id='block_1_10' title="bbox 870 3949 1381 4020">
    <p class='ocr_par' dir='ltr' id='par_1_14' title="bbox 870 3949 1381 4020">
     <span class='ocr_line' id='line_1_51' title="bbox 870 3949 1381 4020; baseline -0.006 -14"><span class='ocrx_word' id='word_1_299' title='bbox 870 3949 1130 4006; x_wconf 76' lang='lat' dir='ltr'><strong>nificstur</strong></span> <span class='ocrx_word' id='word_1_300' title='bbox 1146 3949 1381 4020; x_wconf 86' lang='lat' dir='ltr'><strong>Epicuri</strong></span> 
     </span>
    </p>
   </div>
   <div class='ocr_carea' id='block_1_11' title="bbox 1470 2303 2631 4662">
    <p class='ocr_par' dir='ltr' id='par_1_15' title="bbox 1470 2303 2631 4662">
     <span class='ocr_line' id='line_1_52' title="bbox 1472 2303 2627 2391; baseline 0.003 -33"><span class='ocrx_word' id='word_1_301' title='bbox 1472 2303 2156 2374; x_wconf 71' lang='lat' dir='ltr'><strong>1,3,2.5Ep..ist1‚,129</strong></span> <span class='ocrx_word' id='word_1_302' title='bbox 2195 2307 2356 2361; x_wconf 76' lang='lat' dir='ltr'><strong>—si</strong></span> <span class='ocrx_word' id='word_1_303' title='bbox 2383 2305 2627 2391; x_wconf 78' lang='lat' dir='ltr'><strong>prande-</strong></span> 
     </span>
     <span class='ocr_line' id='line_1_53' title="bbox 2310 2323 2627 2462; baseline -0.007 -29.728"><span class='ocrx_word' id='word_1_304' title='bbox 2310 2323 2627 2462; x_wconf 58' lang='grc' dir='ltr'><strong>,Παριόντα</strong></span> 
     </span>
     <span class='ocr_line' id='line_1_54' title="bbox 1472 2417 2630 2520; baseline 0.003 -19"><span class='ocrx_word' id='word_1_305' title='bbox 1472 2445 1610 2501; x_wconf 65' lang='grc' dir='ltr'><strong>ποτε</strong></span> <span class='ocrx_word' id='word_1_306' title='bbox 1669 2444 2050 2518; x_wconf 77' lang='grc' dir='ltr'><strong>Ἀρίστιππον</strong></span> <span class='ocrx_word' id='word_1_307' title='bbox 2099 2417 2338 2520; x_wconf 70' lang='grc' dir='ltr'><strong>λάχανα</strong></span> <span class='ocrx_word' id='word_1_308' title='bbox 2407 2445 2630 2504; x_wconf 74' lang='grc' dir='ltr'><strong><em>πλύνων</em></strong></span> 
     </span>
     <span class='ocr_line' id='line_1_55' title="bbox 1474 2519 2627 2608; baseline 0.001 -35"><span class='ocrx_word' id='word_1_309' title='bbox 1474 2523 1744 2588; x_wconf 74' lang='grc' dir='ltr'><strong>Διογένης</strong></span> <span class='ocrx_word' id='word_1_310' title='bbox 1767 2519 1996 2588; x_wconf 75' lang='grc' dir='ltr'><strong>ἔσκωψε</strong></span> <span class='ocrx_word' id='word_1_311' title='bbox 2019 2525 2117 2574; x_wconf 76' lang='grc' dir='ltr'><strong>καί</strong></span> <span class='ocrx_word' id='word_1_312' title='bbox 2135 2536 2335 2608; x_wconf 79' lang='grc' dir='ltr'><strong>φησιν·</strong></span> <span class='ocrx_word' id='word_1_313' title='bbox 2340 2525 2446 2608; x_wconf 40' lang='grc' dir='ltr'><strong>*Εἰ</strong></span> <span class='ocrx_word' id='word_1_314' title='bbox 2461 2522 2627 2574; x_wconf 76' lang='grc' dir='ltr'><strong>ταῦτα</strong></span> 
     </span>
     <span class='ocr_line' id='line_1_56' title="bbox 1474 2585 2628 2678; baseline 0.003 -34"><span class='ocrx_word' id='word_1_315' title='bbox 1474 2591 1704 2678; x_wconf 77' lang='grc' dir='ltr'><strong>ἔμαθες</strong></span> <span class='ocrx_word' id='word_1_316' title='bbox 1720 2596 2162 2678; x_wconf 74' lang='grc' dir='ltr'><strong>προςφέρεσθαι,</strong></span> <span class='ocrx_word' id='word_1_317' title='bbox 2195 2589 2298 2646; x_wconf 74' lang='grc' dir='ltr'><strong>οὐκ</strong></span> <span class='ocrx_word' id='word_1_318' title='bbox 2332 2587 2403 2647; x_wconf 76' lang='grc' dir='ltr'><strong>ἂν</strong></span> <span class='ocrx_word' id='word_1_319' title='bbox 2437 2585 2628 2662; x_wconf 73' lang='grc' dir='ltr'><em>τυράν-</em></span> 
     </span>
     <span class='ocr_line' id='line_1_57' title="bbox 1472 2657 2630 2750; baseline -0.002 -32"><span class='ocrx_word' id='word_1_320' title='bbox 1472 2679 1590 2718; x_wconf 71' lang='grc' dir='ltr'><strong>νων</strong></span> <span class='ocrx_word' id='word_1_321' title='bbox 1638 2659 1808 2722; x_wconf 74' lang='grc' dir='ltr'><strong>αὐλὰς</strong></span> <span class='ocrx_word' id='word_1_322' title='bbox 1860 2657 2204 2750; x_wconf 71' lang='grc' dir='ltr'><strong>ἐθεράπευες.</strong></span> <span class='ocrx_word' id='word_1_323' title='bbox 2291 2663 2348 2720; x_wconf 89' lang='grc' dir='ltr'><strong><em>Ὁ</em></strong></span> <span class='ocrx_word' id='word_1_324' title='bbox 2402 2665 2484 2734; x_wconf 80' lang='grc' dir='ltr'><strong>δὲ,</strong></span> <span class='ocrx_word' id='word_1_325' title='bbox 2537 2666 2630 2717; x_wconf 69' lang='grc' dir='ltr'><strong>καὶ</strong></span> 
     </span>
     <span class='ocr_line' id='line_1_58' title="bbox 1475 2706 2629 2822; baseline -0.001 -35"><span class='ocrx_word' id='word_1_326' title='bbox 1475 2729 1562 2799; x_wconf 81' lang='grc' dir='ltr'><strong>σὺ,</strong></span> <span class='ocrx_word' id='word_1_327' title='bbox 1637 2734 1809 2802; x_wconf 72' lang='grc' dir='ltr'><strong>εἶπεν,</strong></span> <span class='ocrx_word' id='word_1_328' title='bbox 1863 2740 2018 2822; x_wconf 78' lang='grc' dir='ltr'><strong>εἴπερ</strong></span> <span class='ocrx_word' id='word_1_329' title='bbox 2091 2729 2240 2820; x_wconf 73' lang='grc' dir='ltr'><strong>ᾔδεις</strong></span> <span class='ocrx_word' id='word_1_330' title='bbox 2310 2706 2629 2804; x_wconf 74' lang='grc' dir='ltr'><strong>ἀνθρώποις</strong></span> 
     </span>
     <span class='ocr_line' id='line_1_59' title="bbox 1557 2802 2624 2878; baseline 0.002 -20"><span class='ocrx_word' id='word_1_331' title='bbox 1557 2806 1719 2868; x_wconf 77' lang='grc' dir='ltr'><strong>ιλεῖν,</strong></span> <span class='ocrx_word' id='word_1_332' title='bbox 1777 2802 1877 2858; x_wconf 79' lang='grc' dir='ltr'><strong>οὐκ</strong></span> <span class='ocrx_word' id='word_1_333' title='bbox 1941 2824 2012 2860; x_wconf 71' lang='grc' dir='ltr'><strong>αν</strong></span> <span class='ocrx_word' id='word_1_334' title='bbox 2083 2802 2296 2878; x_wconf 74' lang='grc' dir='ltr'><strong>λάχανα</strong></span> <span class='ocrx_word' id='word_1_335' title='bbox 2347 2807 2624 2866; x_wconf 57' lang='lat' dir='ltr'><strong>&amp;aivva-‘²</strong></span> 
     </span>
     <span class='ocr_line' id='line_1_60' title="bbox 1472 2801 2630 2949; baseline 0 -17"><span class='ocrx_word' id='word_1_336' title='bbox 1472 2801 1734 2932; x_wconf 46' lang='lat' dir='ltr'><strong>&amp;terum</strong></span> <span class='ocrx_word' id='word_1_337' title='bbox 1795 2877 2109 2946; x_wconf 71' lang='lat' dir='ltr'><strong>prandendi</strong></span> <span class='ocrx_word' id='word_1_338' title='bbox 2161 2879 2422 2949; x_wconf 78' lang='lat' dir='ltr'><strong>generale</strong></span> <span class='ocrx_word' id='word_1_339' title='bbox 2478 2878 2630 2948; x_wconf 78' lang='lat' dir='ltr'><strong>apud</strong></span> 
     </span>
     <span class='ocr_line' id='line_1_61' title="bbox 1474 2947 2628 3021; baseline -0.001 -17"><span class='ocrx_word' id='word_1_340' title='bbox 1474 2947 1774 3004; x_wconf 75' lang='lat' dir='ltr'><strong>Horatium</strong></span> <span class='ocrx_word' id='word_1_341' title='bbox 1813 2950 2048 3004; x_wconf 79' lang='lat' dir='ltr'><strong>verbum</strong></span> <span class='ocrx_word' id='word_1_342' title='bbox 2085 2967 2199 3004; x_wconf 92' lang='lat' dir='ltr'><strong>non</strong></span> <span class='ocrx_word' id='word_1_343' title='bbox 2235 2949 2518 3021; x_wconf 72' lang='lat' dir='ltr'><strong>significat</strong></span> <span class='ocrx_word' id='word_1_344' title='bbox 2552 2950 2628 3004; x_wconf 91' lang='lat' dir='ltr'><strong>le-</strong></span> 
     </span>
     <span class='ocr_line' id='line_1_62' title="bbox 1472 3020 2629 3092; baseline -0.001 -16"><span class='ocrx_word' id='word_1_345' title='bbox 1472 3037 1602 3076; x_wconf 81' lang='lat' dir='ltr'><strong>vem</strong></span> <span class='ocrx_word' id='word_1_346' title='bbox 1638 3025 1738 3076; x_wconf 78' lang='lat' dir='ltr'><strong>aut</strong></span> <span class='ocrx_word' id='word_1_347' title='bbox 1769 3021 1942 3076; x_wconf 81' lang='lat' dir='ltr'><strong>vilem</strong></span> <span class='ocrx_word' id='word_1_348' title='bbox 1965 3020 2170 3089; x_wconf 87' lang='lat' dir='ltr'><strong>cibum,</strong></span> <span class='ocrx_word' id='word_1_349' title='bbox 2193 3022 2434 3092; x_wconf 71' lang='lat' dir='ltr'><strong>prandio</strong></span> <span class='ocrx_word' id='word_1_350' title='bbox 2460 3039 2629 3090; x_wconf 78' lang='lat' dir='ltr'><strong>quam</strong></span> 
     </span>
     <span class='ocr_line' id='line_1_63' title="bbox 1474 3093 2626 3162; baseline -0.001 -15"><span class='ocrx_word' id='word_1_351' title='bbox 1474 3109 1644 3147; x_wconf 78' lang='lat' dir='ltr'><strong>cenae</strong></span> <span class='ocrx_word' id='word_1_352' title='bbox 1679 3093 1984 3162; x_wconf 75' lang='lat' dir='ltr'><strong>aptiorem3</strong></span> <span class='ocrx_word' id='word_1_353' title='bbox 2033 3093 2165 3148; x_wconf 82' lang='lat' dir='ltr'><strong>vide</strong></span> <span class='ocrx_word' id='word_1_354' title='bbox 2199 3093 2274 3147; x_wconf 75' lang='lat' dir='ltr'><strong>ad</strong></span> <span class='ocrx_word' id='word_1_355' title='bbox 2311 3093 2425 3148; x_wconf 74' lang='lat' dir='ltr'><strong>Sat.</strong></span> <span class='ocrx_word' id='word_1_356' title='bbox 2463 3093 2536 3161; x_wconf 89' lang='lat' dir='ltr'><strong>II,</strong></span> <span class='ocrx_word' id='word_1_357' title='bbox 2574 3095 2626 3162; x_wconf 90' lang='grc'><strong>3,</strong></span> 
     </span>
     <span class='ocr_line' id='line_1_64' title="bbox 1472 3133 2626 3233; baseline 0.002 -17"><span class='ocrx_word' id='word_1_358' title='bbox 1472 3163 1598 3216; x_wconf 81' lang='grc'><strong>245.</strong></span> <span class='ocrx_word' id='word_1_359' title='bbox 1639 3193 1702 3203; x_wconf 92' lang='grc'><strong>-</strong></span> <span class='ocrx_word' id='word_1_360' title='bbox 1741 3133 1986 3233; x_wconf 61' lang='lat' dir='ltr'><strong>regibus]</strong></span> <span class='ocrx_word' id='word_1_361' title='bbox 2034 3164 2268 3218; x_wconf 78' lang='lat' dir='ltr'><strong>Lucisn.</strong></span> <span class='ocrx_word' id='word_1_362' title='bbox 2314 3164 2386 3219; x_wconf 91' lang='lat' dir='ltr'><strong>de</strong></span> <span class='ocrx_word' id='word_1_363' title='bbox 2437 3165 2626 3220; x_wconf 69' lang='lat' dir='ltr'><strong>Parus.</strong></span> 
     </span>
     <span class='ocr_line' id='line_1_65' title="bbox 1474 3231 2626 3304; baseline 0 -16"><span class='ocrx_word' id='word_1_364' title='bbox 1474 3236 1573 3288; x_wconf 79' lang='lat'><strong>33:</strong></span> <span class='ocrx_word' id='word_1_365' title='bbox 1615 3231 1844 3304; x_wconf 76' lang='grc' dir='ltr'><strong>,,’Λρίστι</strong></span> <span class='ocrx_word' id='word_1_366' title='bbox 1827 3254 2000 3294; x_wconf 78' lang='grc' dir='ltr'><strong>ιππος</strong></span> <span class='ocrx_word' id='word_1_367' title='bbox 2035 3233 2066 3288; x_wconf 88' lang='grc' dir='ltr'>ὁ</span> <span class='ocrx_word' id='word_1_368' title='bbox 2105 3243 2411 3304; x_wconf 77' lang='grc' dir='ltr'><strong><em>Κυρηναῖος</em></strong></span> <span class='ocrx_word' id='word_1_369' title='bbox 2435 3237 2626 3304; x_wconf 78' lang='grc' dir='ltr'><strong>διέτρι-</strong></span> 
     </span>
     <span class='ocr_line' id='line_1_66' title="bbox 1474 3299 2627 3376; baseline 0.001 -17"><span class='ocrx_word' id='word_1_370' title='bbox 1474 3313 1572 3372; x_wconf 78' lang='grc' dir='ltr'><strong>βεν</strong></span> <span class='ocrx_word' id='word_1_371' title='bbox 1615 3307 1678 3360; x_wconf 70' lang='grc' dir='ltr'><strong>ἐν</strong></span> <span class='ocrx_word' id='word_1_372' title='bbox 1712 3299 2089 3375; x_wconf 74' lang='grc' dir='ltr'><strong>Συρακούσαις</strong></span> <span class='ocrx_word' id='word_1_373' title='bbox 2132 3309 2456 3376; x_wconf 78' lang='grc' dir='ltr'><strong>παρασιτῶν</strong></span> <span class='ocrx_word' id='word_1_374' title='bbox 2497 3313 2627 3361; x_wconf 85' lang='grc' dir='ltr'><strong>Διο-</strong></span> 
     </span>
     <span class='ocr_line' id='line_1_67' title="bbox 1472 3377 2625 3449; baseline 0 -17"><span class='ocrx_word' id='word_1_375' title='bbox 1472 3377 1694 3446; x_wconf 54' lang='grc' dir='ltr'><strong>νυσίῳέ*</strong></span> <span class='ocrx_word' id='word_1_376' title='bbox 1706 3407 1775 3418; x_wconf 94' lang='lat'>—</span> <span class='ocrx_word' id='word_1_377' title='bbox 1787 3377 1972 3447; x_wconf 76' lang='lat' dir='ltr'><strong>notat]</strong></span> <span class='ocrx_word' id='word_1_378' title='bbox 1992 3379 2313 3434; x_wconf 82' lang='lat' dir='ltr'><strong>censoribus</strong></span> <span class='ocrx_word' id='word_1_379' title='bbox 2331 3379 2625 3449; x_wconf 88' lang='lat' dir='ltr'><strong>proprium</strong></span> 
     </span>
     <span class='ocr_line' id='line_1_68' title="bbox 1472 3449 2630 3519; baseline 0 -15"><span class='ocrx_word' id='word_1_380' title='bbox 1472 3449 1726 3504; x_wconf 81' lang='lat' dir='ltr'><strong>verbum.</strong></span> <span class='ocrx_word' id='word_1_381' title='bbox 1753 3477 1820 3488; x_wconf 90' lang='lat'>-</span> <span class='ocrx_word' id='word_1_382' title='bbox 1849 3451 2154 3519; x_wconf 70' lang='lat' dir='ltr'><strong>somorJ„</strong></span> <span class='ocrx_word' id='word_1_383' title='bbox 2162 3451 2210 3504; x_wconf 87' lang='lat' dir='ltr'><strong>si</strong></span> <span class='ocrx_word' id='word_1_384' title='bbox 2249 3467 2500 3504; x_wconf 73' lang='lat' dir='ltr'><strong>scurram</strong></span> <span class='ocrx_word' id='word_1_385' title='bbox 2539 3467 2630 3504; x_wconf 87' lang='lat' dir='ltr'><strong>me</strong></span> 
     </span>
     <span class='ocr_line' id='line_1_69' title="bbox 1474 3519 2627 3590; baseline 0 -16"><span class='ocrx_word' id='word_1_386' title='bbox 1474 3519 1700 3589; x_wconf 76' lang='lat' dir='ltr'><strong>clamas,</strong></span> <span class='ocrx_word' id='word_1_387' title='bbox 1746 3524 1891 3575; x_wconf 80' lang='lat' dir='ltr'><strong>esto.</strong></span> <span class='ocrx_word' id='word_1_388' title='bbox 1939 3537 2042 3590; x_wconf 77' lang='lat' dir='ltr'><strong>ego</strong></span> <span class='ocrx_word' id='word_1_389' title='bbox 2079 3521 2218 3576; x_wconf 87' lang='lat' dir='ltr'><strong>mihi</strong></span> <span class='ocrx_word' id='word_1_390' title='bbox 2255 3539 2450 3576; x_wconf 79' lang='lat' dir='ltr'><strong>scurra</strong></span> <span class='ocrx_word' id='word_1_391' title='bbox 2485 3537 2627 3584; x_wconf 87' lang='lat' dir='ltr'><strong>sum,</strong></span> 
     </span>
     <span class='ocr_line' id='line_1_70' title="bbox 1470 3591 2625 3681; baseline 0 -35"><span class='ocrx_word' id='word_1_392' title='bbox 1470 3595 1537 3646; x_wconf 85' lang='lat' dir='ltr'><strong>tu</strong></span> <span class='ocrx_word' id='word_1_393' title='bbox 1561 3591 1823 3661; x_wconf 58' lang='lat' dir='ltr'><strong>populof‘</strong></span> <span class='ocrx_word' id='word_1_394' title='bbox 1855 3621 1919 3632; x_wconf 89' lang='lat'>—</span> <span class='ocrx_word' id='word_1_395' title='bbox 1945 3607 2116 3681; x_wconf 71' lang='lat' dir='ltr'><strong>equus</strong></span> <span class='ocrx_word' id='word_1_396' title='bbox 2133 3593 2342 3664; x_wconf 76' lang='lat' dir='ltr'><strong>portet]</strong></span> <span class='ocrx_word' id='word_1_397' title='bbox 2383 3593 2472 3647; x_wconf 83' lang='lat' dir='ltr'><strong>Ex</strong></span> <span class='ocrx_word' id='word_1_398' title='bbox 2495 3609 2625 3662; x_wconf 90' lang='lat' dir='ltr'><strong>pro-</strong></span> 
     </span>
     <span class='ocr_line' id='line_1_71' title="bbox 1472 3661 2628 3734; baseline -0.002 -16"><span class='ocrx_word' id='word_1_399' title='bbox 1472 3663 1670 3718; x_wconf 78' lang='lat' dir='ltr'><strong>verbio</strong></span> <span class='ocrx_word' id='word_1_400' title='bbox 1700 3663 1937 3720; x_wconf 76' lang='lat' dir='ltr'><strong>Graeco.</strong></span> <span class='ocrx_word' id='word_1_401' title='bbox 1975 3661 2198 3734; x_wconf 78' lang='grc' dir='ltr'><strong>,,Ἴππος</strong></span> <span class='ocrx_word' id='word_1_402' title='bbox 2219 3681 2294 3733; x_wconf 82' lang='grc' dir='ltr'><strong>με</strong></span> <span class='ocrx_word' id='word_1_403' title='bbox 2383 3669 2508 3734; x_wconf 62' lang='lat' dir='ltr'><strong>lpse,</strong></span> <span class='ocrx_word' id='word_1_404' title='bbox 2533 3670 2628 3731; x_wconf 79' lang='grc' dir='ltr'><strong>βα-</strong></span> 
     </span>
     <span class='ocr_line' id='line_1_72' title="bbox 1476 3729 2627 3807; baseline 0.001 -20"><span class='ocrx_word' id='word_1_405' title='bbox 1476 3729 1654 3794; x_wconf 82' lang='grc' dir='ltr'><strong>σιλεύς</strong></span> <span class='ocrx_word' id='word_1_406' title='bbox 1671 3752 1745 3804; x_wconf 79' lang='grc' dir='ltr'><strong>με</strong></span> <span class='ocrx_word' id='word_1_407' title='bbox 1769 3735 2012 3807; x_wconf 79' lang='grc' dir='ltr'><strong>τρέφει.“</strong></span> <span class='ocrx_word' id='word_1_408' title='bbox 2048 3735 2309 3790; x_wconf 86' lang='lat' dir='ltr'><strong>Ceterum</strong></span> <span class='ocrx_word' id='word_1_409' title='bbox 2364 3736 2627 3805; x_wconf 89' lang='lat' dir='ltr'><strong>ruquius;</strong></span> 
     </span>
     <span class='ocr_line' id='line_1_73' title="bbox 1476 3805 2627 3891; baseline 0.002 -31.062"><span class='ocrx_word' id='word_1_410' title='bbox 1476 3805 1604 3875; x_wconf 81' lang='lat' dir='ltr'><strong>„hic</strong></span> <span class='ocrx_word' id='word_1_411' title='bbox 1629 3807 1687 3872; x_wconf 88' lang='lat' dir='ltr'><strong>(i.</strong></span> <span class='ocrx_word' id='word_1_412' title='bbox 1711 3825 1760 3860; x_wconf 87' lang='lat' dir='ltr'><strong>e.</strong></span> <span class='ocrx_word' id='word_1_413' title='bbox 1784 3812 1914 3891; x_wconf 81' lang='lat' dir='ltr'><strong>post</strong></span> <span class='ocrx_word' id='word_1_414' title='bbox 1936 3808 2106 3862; x_wconf 76' lang='lat' dir='ltr'><strong>multo</strong></span> <span class='ocrx_word' id='word_1_415' title='bbox 2129 3807 2232 3876; x_wconf 78' lang='lat' dir='ltr'><strong>est)</strong></span> <span class='ocrx_word' id='word_1_416' title='bbox 2269 3824 2459 3862; x_wconf 87' lang='lat' dir='ltr'><strong>omncs</strong></span> <span class='ocrx_word' id='word_1_417' title='bbox 2495 3807 2627 3862; x_wconf 86' lang='lat' dir='ltr'><strong>scri-</strong></span> 
     </span>
     <span class='ocr_line' id='line_1_74' title="bbox 1472 3877 2628 3948; baseline 0.001 -17"><span class='ocrx_word' id='word_1_418' title='bbox 1472 3878 1562 3948; x_wconf 87' lang='lat' dir='ltr'><strong>pti</strong></span> <span class='ocrx_word' id='word_1_419' title='bbox 1597 3877 1809 3932; x_wconf 70' lang='lat' dir='ltr'><strong>habent</strong></span> <span class='ocrx_word' id='word_1_420' title='bbox 1841 3879 2370 3948; x_wconf 85' lang='lat' dir='ltr'><strong>interpunctionem,</strong></span> <span class='ocrx_word' id='word_1_421' title='bbox 2395 3878 2628 3948; x_wconf 86' lang='lat' dir='ltr'><strong>perinde</strong></span> 
     </span>
     <span class='ocr_line' id='line_1_75' title="bbox 1474 3949 2629 4020; baseline 0.002 -18"><span class='ocrx_word' id='word_1_422' title='bbox 1474 3965 1541 4002; x_wconf 75' lang='lat' dir='ltr'><strong>sc</strong></span> <span class='ocrx_word' id='word_1_423' title='bbox 1577 3949 1626 4003; x_wconf 89' lang='lat' dir='ltr'><strong>si</strong></span> <span class='ocrx_word' id='word_1_424' title='bbox 1661 3949 1800 4004; x_wconf 74' lang='lat' dir='ltr'><strong>hseo</strong></span> <span class='ocrx_word' id='word_1_425' title='bbox 1833 3949 2028 4020; x_wconf 69' lang='lat' dir='ltr'><strong>Equus</strong></span> <span class='ocrx_word' id='word_1_426' title='bbox 2061 3956 2124 4004; x_wconf 76' lang='lat' dir='ltr'><strong>ut</strong></span> <span class='ocrx_word' id='word_1_427' title='bbox 2167 3965 2247 4004; x_wconf 76' lang='lat' dir='ltr'><strong>me</strong></span> <span class='ocrx_word' id='word_1_428' title='bbox 2277 3956 2473 4018; x_wconf 76' lang='lat' dir='ltr'><strong>portet,</strong></span> <span class='ocrx_word' id='word_1_429' title='bbox 2511 3951 2629 4004; x_wconf 80' lang='lat' dir='ltr'><strong>alat</strong></span> 
     </span>
     <span class='ocr_line' id='line_1_76' title="bbox 1471 4019 2625 4093; baseline 0.002 -19"><span class='ocrx_word' id='word_1_430' title='bbox 1471 4035 1592 4088; x_wconf 65' lang='lat' dir='ltr'><strong>ra,</strong></span> <span class='ocrx_word' id='word_1_431' title='bbox 1609 4019 1852 4087; x_wconf 70' lang='lat' dir='ltr'><strong>officium</strong></span> <span class='ocrx_word' id='word_1_432' title='bbox 1867 4022 2014 4091; x_wconf 73' lang='lat' dir='ltr'><strong>facio</strong></span> <span class='ocrx_word' id='word_1_433' title='bbox 2037 4022 2152 4076; x_wconf 88' lang='lat' dir='ltr'><strong>sint</strong></span> <span class='ocrx_word' id='word_1_434' title='bbox 2176 4021 2625 4093; x_wconf 74' lang='lat' dir='ltr'><strong>coniungenda;“</strong></span> 
     </span>
     <span class='ocr_line' id='line_1_77' title="bbox 1474 4091 2630 4162; baseline 0 -16"><span class='ocrx_word' id='word_1_435' title='bbox 1474 4091 1594 4162; x_wconf 82' lang='lat' dir='ltr'><strong>ipse</strong></span> <span class='ocrx_word' id='word_1_436' title='bbox 1649 4096 1918 4160; x_wconf 85' lang='lat' dir='ltr'><strong>punctum</strong></span> <span class='ocrx_word' id='word_1_437' title='bbox 1978 4093 2170 4162; x_wconf 81' lang='lat' dir='ltr'><strong>posuit</strong></span> <span class='ocrx_word' id='word_1_438' title='bbox 2223 4098 2356 4162; x_wconf 86' lang='lat' dir='ltr'><strong>post</strong></span> <span class='ocrx_word' id='word_1_439' title='bbox 2413 4109 2510 4148; x_wconf 71' lang='lat' dir='ltr'><strong>rex</strong></span> <span class='ocrx_word' id='word_1_440' title='bbox 2571 4097 2630 4148; x_wconf 85' lang='lat' dir='ltr'><strong>et</strong></span> 
     </span>
     <span class='ocr_line' id='line_1_78' title="bbox 1474 4163 2627 4233; baseline -0.001 -15"><span class='ocrx_word' id='word_1_441' title='bbox 1474 4179 1690 4218; x_wconf 77' lang='lat' dir='ltr'><strong>comma</strong></span> <span class='ocrx_word' id='word_1_442' title='bbox 1711 4169 1842 4233; x_wconf 84' lang='lat' dir='ltr'><strong>post</strong></span> <span class='ocrx_word' id='word_1_443' title='bbox 1863 4169 1968 4232; x_wconf 66' lang='grc' dir='ltr'><strong>ατς</strong></span> <span class='ocrx_word' id='word_1_444' title='bbox 2005 4164 2088 4219; x_wconf 73' lang='lat' dir='ltr'><strong>its</strong></span> <span class='ocrx_word' id='word_1_445' title='bbox 2107 4165 2277 4218; x_wconf 74' lang='lat' dir='ltr'><strong>etism</strong></span> <span class='ocrx_word' id='word_1_446' title='bbox 2300 4163 2627 4220; x_wconf 72' lang='lat' dir='ltr'><strong>Lambinus.</strong></span> 
     </span>
     <span class='ocr_line' id='line_1_79' title="bbox 1474 4235 2626 4304; baseline -0.001 -14"><span class='ocrx_word' id='word_1_447' title='bbox 1474 4235 1894 4290; x_wconf 71' lang='lat' dir='ltr'><strong>—viliarmm</strong></span> <span class='ocrx_word' id='word_1_448' title='bbox 1938 4235 2009 4290; x_wconf 80' lang='lat' dir='ltr'><strong>cf.</strong></span> <span class='ocrx_word' id='word_1_449' title='bbox 2029 4235 2144 4291; x_wconf 76' lang='lat' dir='ltr'><strong>Sat.</strong></span> <span class='ocrx_word' id='word_1_450' title='bbox 2161 4235 2236 4301; x_wconf 89' lang='grc' dir='ltr'><strong>ΙΙ,</strong></span> <span class='ocrx_word' id='word_1_451' title='bbox 2254 4237 2307 4304; x_wconf 87' lang='grc'><strong>6,</strong></span> <span class='ocrx_word' id='word_1_452' title='bbox 2327 4238 2418 4291; x_wconf 83' lang='grc'><strong>63.</strong></span> <span class='ocrx_word' id='word_1_453' title='bbox 2445 4235 2626 4290; x_wconf 75' lang='lat' dir='ltr'><strong>Csrm.</strong></span> 
     </span>
     <span class='ocr_line' id='line_1_80' title="bbox 1473 4305 2628 4374; baseline 0 -14"><span class='ocrx_word' id='word_1_454' title='bbox 1473 4305 1570 4374; x_wconf 83' lang='lat' dir='ltr'><strong>IV,</strong></span> <span class='ocrx_word' id='word_1_455' title='bbox 1611 4307 1697 4374; x_wconf 87' lang='grc'><strong>12,</strong></span> <span class='ocrx_word' id='word_1_456' title='bbox 1739 4309 1820 4361; x_wconf 88' lang='grc'><strong>19.</strong></span> <span class='ocrx_word' id='word_1_457' title='bbox 1917 4307 1970 4362; x_wconf 89' lang='lat' dir='ltr'><strong>ic</strong></span> <span class='ocrx_word' id='word_1_458' title='bbox 2004 4312 2160 4362; x_wconf 87' lang='lat' dir='ltr'><strong>recte</strong></span> <span class='ocrx_word' id='word_1_459' title='bbox 2193 4323 2320 4361; x_wconf 86' lang='lat' dir='ltr'><strong>oum</strong></span> <span class='ocrx_word' id='word_1_460' title='bbox 2351 4305 2628 4361; x_wconf 76' lang='lat' dir='ltr'><strong>Lmbino</strong></span> 
     </span>
     <span class='ocr_line' id='line_1_81' title="bbox 1474 4377 2628 4447; baseline -0.001 -14"><span class='ocrx_word' id='word_1_461' title='bbox 1474 4395 1545 4433; x_wconf 81' lang='lat' dir='ltr'><strong>ex</strong></span> <span class='ocrx_word' id='word_1_462' title='bbox 1594 4377 1758 4432; x_wconf 87' lang='lat' dir='ltr'><strong>bonis</strong></span> <span class='ocrx_word' id='word_1_463' title='bbox 1803 4378 1986 4447; x_wconf 62' lang='lat' dir='ltr'><strong>codd„</strong></span> <span class='ocrx_word' id='word_1_464' title='bbox 2034 4394 2353 4447; x_wconf 68' lang='lat' dir='ltr'><strong>quanquam</strong></span> <span class='ocrx_word' id='word_1_465' title='bbox 2401 4378 2462 4432; x_wconf 91' lang='lat' dir='ltr'><strong>in</strong></span> <span class='ocrx_word' id='word_1_466' title='bbox 2505 4378 2628 4446; x_wconf 85' lang='lat' dir='ltr'><strong>plu-</strong></span> 
     </span>
     <span class='ocr_line' id='line_1_82' title="bbox 1474 4449 2630 4518; baseline -0.002 -14"><span class='ocrx_word' id='word_1_467' title='bbox 1474 4449 1635 4504; x_wconf 86' lang='lat' dir='ltr'><strong>rimis</strong></span> <span class='ocrx_word' id='word_1_468' title='bbox 1690 4453 1750 4504; x_wconf 76' lang='lat' dir='ltr'><strong>st</strong></span> <span class='ocrx_word' id='word_1_469' title='bbox 1802 4449 2200 4518; x_wconf 77' lang='lat' dir='ltr'><strong>antiquissimis</strong></span> <span class='ocrx_word' id='word_1_470' title='bbox 2251 4449 2402 4504; x_wconf 78' lang='lat' dir='ltr'><strong>inest</strong></span> <span class='ocrx_word' id='word_1_471' title='bbox 2445 4465 2630 4504; x_wconf 75' lang='lat' dir='ltr'><strong>verum</strong></span> 
     </span>
     <span class='ocr_line' id='line_1_83' title="bbox 1474 4520 2628 4591; baseline 0 -17"><span class='ocrx_word' id='word_1_472' title='bbox 1474 4521 1667 4576; x_wconf 73' lang='lat' dir='ltr'><strong>Dante</strong></span> <span class='ocrx_word' id='word_1_473' title='bbox 1699 4520 1894 4583; x_wconf 63' lang='lat' dir='ltr'><strong>minor,</strong></span> <span class='ocrx_word' id='word_1_474' title='bbox 1935 4521 2084 4576; x_wconf 87' lang='lat' dir='ltr'><strong>unde</strong></span> <span class='ocrx_word' id='word_1_475' title='bbox 2117 4525 2314 4591; x_wconf 78' lang='lat' dir='ltr'><strong>postes.</strong></span> <span class='ocrx_word' id='word_1_476' title='bbox 2347 4524 2628 4576; x_wconf 72' lang='lat' dir='ltr'><strong>mutatum</strong></span> 
     </span>
     <span class='ocr_line' id='line_1_84' title="bbox 1474 4591 2631 4662; baseline 0.001 -15"><span class='ocrx_word' id='word_1_477' title='bbox 1474 4596 1564 4647; x_wconf 83' lang='lat' dir='ltr'><strong>est</strong></span> <span class='ocrx_word' id='word_1_478' title='bbox 1607 4591 1760 4661; x_wconf 83' lang='lat' dir='ltr'><strong>quod</strong></span> <span class='ocrx_word' id='word_1_479' title='bbox 1803 4593 2086 4662; x_wconf 86' lang='lat' dir='ltr'><strong>reperitur</strong></span> <span class='ocrx_word' id='word_1_480' title='bbox 2125 4608 2306 4648; x_wconf 70' lang='lat' dir='ltr'><strong>vm</strong></span> <span class='ocrx_word' id='word_1_481' title='bbox 2349 4608 2406 4648; x_wconf 76' lang='lat' dir='ltr'><strong>es</strong></span> <span class='ocrx_word' id='word_1_482' title='bbox 2438 4593 2631 4648; x_wconf 67' lang='lat' dir='ltr'><strong>Dante</strong></span> 
     </span>
    </p>
   </div>
  </div>
 </body>
</html>
