3092 5059
1575 210 1615 273 6

396 395 641 480 posteri
706 398 983 480 primum
1047 397 1213 463 inter
1277 416 1498 463 omnes
1543 398 1684 463 eius
1730 396 1962 463 aetatis
2004 396 2246 481 lyricos
2291 402 2519 479 poetas
2564 401 2797 479 postea

397 507 698 589 colerent,
742 514 935 573 antea
976 504 1304 590 nunquam
1344 506 1504 589 quid
1546 508 1809 591 ingenio
1852 507 2101 572 valeret
2144 507 2530 586 tentavisse3
2576 508 2797 591 potius

393 615 634 681 misera
695 616 914 681 clades
963 624 1028 683 et
1094 617 1332 682 acerba
1376 637 1589 683 rerum
1651 616 2035 683 vicissitudo
2100 622 2349 682 tantum
2416 614 2792 699 effecerunt,

395 730 466 787 ut
513 723 658 806 „cui
705 726 831 789 arti
873 725 1076 791 animi
1121 746 1320 792 causa
1364 725 1616 810 pridem
1662 725 1931 791 indulsit
1975 726 2298 809 privatim,
2362 744 2505 791 eam
2552 726 2680 790 iam
2724 726 2795 791 in

395 852 466 898 re
530 832 808 900 adversa
871 834 1114 900 maiore
1175 834 1392 901 studio
1457 842 1524 901 et
1586 834 1979 918 impensiore
2034 852 2232 919 opera
2276 835 2494 917 palam
2538 852 2801 899 exerce-

397 939 532 1006 ret“
560 941 653 1023 ι9).
741 943 1064 1009 Nimirum
1107 964 1237 1009 non
1279 943 1484 1009 latina
1526 944 1735 1009 solum
1778 942 1895 1009 sed
1936 962 2175 1027 graeca
2238 944 2437 1009 etiam
2506 944 2797 1009 carmina

399 1058 878 1135 composuerat;
958 1072 1326 1136 quanquam
1369 1053 1452 1119 ab
1493 1052 1601 1118 his
1644 1052 1977 1136 abstinuit,
2045 1053 2290 1136 quippe
2334 1072 2415 1117 ne
2481 1053 2664 1135 ligna
2725 1052 2799 1117 in

399 1160 627 1225 silvam
687 1162 853 1226 ferre
920 1160 1246 1227 videretur
1271 1159 1369 1243 ²⁰).
1457 1160 1639 1239 Quae
1704 1181 1848 1227 cum
1916 1162 2010 1227 ita
2074 1161 2221 1245 sint,
2292 1159 2797 1243 haudquaquam

399 1276 612 1352 potest
678 1272 927 1353 negari,
999 1271 1208 1353 lyrica
1251 1290 1504 1354 quoque
1556 1271 1844 1337 carmina
1902 1271 2031 1337 iam
2075 1269 2159 1335 ab
2200 1268 2619 1337 adulescente
2661 1270 2796 1335 Ho-

399 1379 566 1444 ratio
619 1379 824 1445 fuisse
867 1386 1115 1446 tentata
1177 1386 1373 1463 atque
1436 1380 1506 1446 in
1553 1379 1655 1445 his
1698 1379 1863 1463 ipsis
1909 1398 2077 1462 quae
2124 1398 2294 1445 nunc
2337 1379 2613 1464 legimus
2658 1399 2799 1445 car-

401 1486 682 1552 minibus
739 1487 952 1554 inesse
1011 1487 1338 1566 nonnulla,
1411 1506 1578 1570 quae
1622 1486 1849 1571 primis
1895 1494 2239 1571 postquam
2285 1487 2352 1552 in
2392 1488 2652 1554 Italiam
2696 1507 2793 1553 re·

400 1596 594 1661 vertit
654 1596 842 1662 annis
909 1597 1268 1681 composita
1322 1603 1494 1663 recte
1540 1596 1852 1663 dicamus.
1940 1596 2109 1661 Nam
2174 1596 2334 1679 quid
2398 1603 2555 1679 erat,
2622 1596 2799 1680 quod

399 1704 743 1786 quominus
808 1713 1036 1790 postea
1097 1706 1266 1772 inter
1333 1705 1587 1773 edenda
1630 1706 1919 1773 carmina
1962 1708 2270 1773 nonnulla
2310 1707 2507 1772 etiam
2550 1704 2793 1772 dudum

401 1816 761 1898 composita
843 1815 912 1881 in
984 1814 1372 1898 scriniisque
1455 1822 1715 1883 servata
1784 1816 2105 1900 reciperet
2176 1836 2322 1882 eum
2396 1814 2797 1900 impediret?

401 1921 668 1989 Scilicet
720 1923 902 1989 aliud
955 1930 1054 1991 est
1107 1942 1420 2006 quaerere
1473 1941 1601 2006 quo
1662 1929 1949 2008 tempore
1992 1924 2253 2007 singula
2294 1925 2583 1991 carmina
2626 1942 2797 1989 com-

400 2031 705 2115 posuerit,
778 2030 958 2097 aliud
1030 2030 1287 2115 quando
1359 2032 1702 2099 coniuncta
1772 2031 2070 2098 ediderit.
2172 2032 2340 2097 Nam
2414 2052 2581 2115 quae
2654 2052 2801 2099 car-

404 2142 582 2205 mina
645 2143 1006 2225 composita
1072 2148 1272 2224 erant,
1341 2162 1422 2207 ea.
1463 2142 1683 2208 statim
1728 2162 1873 2209 cum
1919 2143 2149 2208 amicis
2210 2148 2273 2207 et
2326 2142 2497 2223 aliis,
2562 2140 2801 2224 quibus

401 2256 644 2317 rectum
687 2249 772 2315 de
816 2248 1132 2315 eiusmodi
1198 2248 1388 2316 rebus
1455 2249 1766 2315 iudicium
1832 2256 2021 2331 esset,
2092 2248 2570 2327 communicari,
2644 2248 2799 2315 dein

401 2364 630 2442 postea
675 2378 842 2441 quae
885 2357 1167 2424 maxime
1213 2358 1613 2442 placuissent
1670 2358 1740 2424 in
1786 2378 1981 2423 unum
2024 2377 2257 2441 corpus
2301 2357 2645 2424 coniuncta
2686 2357 2799 2425 edi

403 2475 468 2533 et
511 2466 779 2533 divendi
801 2466 880 2548 ²¹)
925 2467 1236 2533 solebant.

600 2575 740 2641 Iam
781 2595 934 2643 vero
978 2595 1122 2642 cum
1163 2596 1206 2641 a
1247 2582 1430 2661 patre
1475 2576 1570 2642 ita
1611 2575 1922 2643 educatus
1966 2582 2137 2642 esset
2166 2576 2491 2659 Horatius,
2536 2582 2607 2642 ut
2635 2575 2799 2659 quid

403 2684 738 2752 honestum
803 2691 976 2753 esset
1040 2685 1198 2769 quid
1259 2690 1465 2767 turpe,
1538 2686 1675 2752 vita
1718 2684 1928 2768 magis
1993 2692 2057 2750 et
2121 2685 2437 2769 exemplis
2462 2686 2541 2765 2¹¹)
2604 2704 2801 2768 quam

401 2793 588 2859 libris
633 2801 699 2860 et
741 2793 1037 2861 doctrina
1096 2803 1532 2878 cognosceret,
1600 2792 1837 2860 deinde
1879 2793 2151 2860 Athenis
2215 2795 2311 2861 ita
2373 2791 2799 2878 philosophos

403 2902 712 2985 audisset,
789 2910 860 2969 ut
922 2903 1118 2969 vellet
1181 2922 1414 2986 „curvo
1484 2902 1823 2969 dinoscere
1887 2901 2169 2969 rectum“
2197 2904 2299 2985 ²⁸),
2370 2904 2637 2969 Romam
2699 2922 2801 2969 re-

400 3031 624 3079 versus
687 3031 816 3077 non
882 3012 1094 3096 potuit
1154 3011 1386 3097 facere,
1451 3012 1611 3094 quin
1673 3029 1909 3095 pravas
1964 3011 2067 3079 sui
2105 2992 2431 3096 ‘temporis
2476 3010 2801 3097 cupidita-

403 3127 520 3204 tes,
587 3128 924 3204 corruptos
987 3120 1319 3187 hominum
1383 3140 1611 3201 mores,
1680 3120 1905 3187 inania
1948 3121 2185 3187 civium
2252 3121 2472 3187 studia
2514 3120 2800 3187 ubicum-

405 3250 529 3315 que
600 3236 1008 3297 oceurrerent
1075 3231 1621 3297 animadverteret
1692 3230 2101 3314 candidoque
2174 3250 2300 3314 quo
2371 3236 2509 3296 erat
2579 3229 2802 3319 animo

405 3346 912 3424 persequeretur.
998 3338 1166 3405 Nam
1231 3346 1302 3405 ut
1365 3339 1709 3422 iniquitate
1773 3339 2089 3423 fortunae,
2154 3359 2285 3423 qua
2342 3359 2506 3423 quas
2568 3338 2801 3405 merito

405 3450 805 3533 concepisset
846 3468 997 3532 spes
1043 3448 1260 3514 irritas
1303 3448 1571 3531 videret,
1636 3449 1898 3533 paulum
1942 3449 2365 3515 exacerbatus
2406 3450 2621 3533 fuerit,
2673 3447 2801 3515 hoc

403 3566 622 3625 tamen
685 3557 1030 3625 tenendum
1095 3565 1212 3635 est,
1279 3558 1577 3625 acerbam
1642 3558 1837 3625 sortis
1900 3559 2417 3627 vicissitudinem
2478 3565 2591 3625 aut
2654 3578 2799 3624 sua-

407 3687 546 3733 rum
591 3686 802 3733 rerum
845 3666 1366 3751 desperationem
1408 3668 1798 3752 praecipuas
1845 3688 2098 3749 causas,
2172 3668 2407 3751 quibus
2460 3667 2546 3734 ad
2606 3667 2799 3733 casti-

404 3775 654 3859 gandos
719 3795 928 3841 mores
996 3775 1520 3859 irridendamque
1584 3778 1929 3842 stultitiam
1991 3783 2309 3860 ageretur,
2380 3797 2509 3842 non
2562 3776 2801 3858 fuisse3

405 3885 522 3951 sed
570 3883 832 3969 proprio
879 3883 1154 3966 quodam
1200 3886 1338 3951 veri
1386 3890 1450 3951 et
1491 3884 1747 3952 honesti
1788 3904 2026 3969 amore,
2088 3884 2241 3953 falsi
2286 3893 2352 3951 et
2394 3885 2604 3969 turpis
2646 3883 2801 3951 odio

483 4130 566 4192 19)
603 4128 828 4185 Frank
857 4128 986 4183 fast.
1024 4130 1218 4185 Horat.
1255 4148 1311 4200 p.
1339 4130 1425 4185 20.
1655 4149 1793 4201 quos
1844 4132 2146 4202 vestigium
2202 4149 2313 4187 non
2372 4136 2471 4186 est..
2546 4130 2617 4186 cf.
2667 4130 2802 4186 Luc.

477 4202 568 4269 20)
606 4200 719 4256 Sat.
757 4201 803 4269 1,
846 4202 927 4265 10,
970 4201 1196 4256 30-55.
1653 4203 1860 4257 Miiller
1904 4204 1939 4258 l.
1976 4204 2013 4257 l.
2059 4221 2113 4273 p.
2155 4206 2239 4271 18,
2294 4204 2386 4257 eui
2442 4204 2561 4258 veri
2618 4202 2803 4257 simile

477 4271 570 4336 21)
608 4272 862 4327 Fuerunt
881 4272 1051 4327 etiam
1087 4284 1210 4328 tum
1231 4292 1370 4343 quos
1405 4291 1557 4329 nunc
1653 4280 1756 4343 est,
1796 4274 1945 4330 inter
1982 4276 2235 4329 carmina
2265 4292 2408 4343 quae
2430 4279 2651 4329 servata
2670 4278 2804 4328 sunt

405 4343 741 4413 bibliopolas
763 4345 1132 4414 appellamus3
1169 4346 1227 4399 in
1262 4347 1441 4415 iisque
1459 4362 1555 4400 no·
1652 4347 1889 4415 reperiri
1947 4362 2089 4415 quae
2144 4363 2193 4400 a.
2240 4364 2295 4400 u.
2341 4364 2388 4401 c.
2431 4349 2553 4409 713,
2600 4346 2803 4401 aetatis

408 4415 696 4470 minantur
735 4416 940 4471 fratres
959 4416 1104 4471 Sosii
1123 4418 1302 4486 Epist.
1323 4417 1367 4485 1,
1388 4418 1477 4485 20,
1499 4419 1553 4470 2.
1654 4418 1877 4471 Horat-ii
1916 4436 1963 4471 a.
1999 4420 2070 4470 24
2106 4418 2318 4486 scripta
2353 4418 2481 4472 sint.

409 4489 476 4539 A.
504 4486 564 4541 P.
602 4490 735 4555 3453
771 4488 868 4543 sed
903 4489 1150 4558 pretium
1185 4506 1278 4543 eos
1319 4488 1551 4557 scripto·
1726 4490 1818 4557 22)
1855 4488 1967 4543 Sat.
2002 4488 2047 4557 Ι,
2084 4492 2136 4552 4,
2177 4490 2277 4543 1Οὸ
2298 4506 2417 4558 sqq.

409 4558 564 4613 ribus
622 4559 854 4629 dedisse,
910 4560 1028 4614 eius
1081 4560 1164 4614 rei
1209 4560 1358 4631 apud
1409 4560 1553 4615 anti-
1724 4560 1819 4628 23)
1856 4559 2037 4629 Epist.
2074 4558 2143 4627 11,
2182 4562 2234 4628 2,
2270 4562 2356 4614 44.
