3092 5059
1131 229 1292 297 LIB.
1337 230 1418 297 11.
1467 230 1655 297 SAT.
1698 229 1807 295 IV.

2541 232 2669 297 455

365 416 859 515 Pythagoran
899 416 1298 517 Anytique
1346 442 1563 492 reum
1618 415 2087 517 doctumque
2138 416 2536 495 Platona.“

363 541 774 619 Peccatum
825 544 1101 637 fateor,
1157 567 1332 617 oum
1385 553 1460 617 te
1509 540 1621 615 sio
1668 552 2019 641 tempore
2066 540 2291 619 laevo

306 700 332 739 ⁵
366 665 980 767 Interpellarim3
1032 666 1164 743 sed
1223 666 1360 741 des
1405 664 1707 741 veniam
1766 666 2011 742 bonus
2066 692 2225 743 oro.

365 789 662 884 Quodsi
713 791 1193 869 interciderit
1241 791 1386 867 tibi
1435 817 1642 867 nuno
1691 791 2010 890 aliquid,
2065 802 2367 889 repetes
2415 818 2619 889 mox,

365 915 544 993 Sive
597 929 712 993 eet
759 928 1079 994 naturae
1128 917 1280 993 hoo
1329 915 1492 991 sive
1542 915 1753 1006 artie,
1808 915 2049 991 mirus
2096 928 2452 1016 utroque.

365 1040 622 1137 „Quin
671 1039 757 1115 id
800 1055 968 1117 erat
1018 1065 1274 1135 curae,
1326 1060 1480 1139 quo
1531 1050 1763 1139 paeto
1818 1052 2091 1117 cuncta
2133 1053 2497 1137 tenerem,

365 1167 644 1264 Utpote
693 1192 816 1244 res
867 1179 1136 1242 tenues
1190 1165 1404 1241 tenui
1453 1190 1809 1242 sermone
1859 1162 2281 1262 peractas.“

283 1327 332 1364 m
365 1290 530 1369 Ede
571 1290 908 1367 hominis
955 1316 1262 1387 nomen,
1311 1288 1538 1367 simul
1590 1302 1669 1366 et
1710 1291 2096 1367 Romanus
2140 1316 2241 1367 an
2291 1289 2597 1390 hospes.

363 1415 594 1516 „Ipsa
643 1441 944 1493 memor
992 1428 1408 1514 praecepta
1453 1440 1751 1511 canam,
1794 1414 2173 1491 celabitur
2218 1427 2514 1493 auctor.

359 1538 637 1637 Longa
687 1540 970 1639 quibus
1019 1539 1258 1617 facies
1313 1540 1479 1615 ovis
1531 1540 1699 1636 erit,
1740 1538 1877 1617 illa
1926 1551 2339 1636 momente,
2414 1618 2419 1623 ,

359 1666 459 1743 Ut
509 1667 674 1741 suoi
721 1663 1064 1741 melioris
1116 1678 1193 1741 et
1239 1678 1326 1741 ut
1375 1666 1625 1764 magis
1676 1666 1857 1743 alba
1904 1665 2285 1762 rotundis,

367 1790 702 1867 Ponere:
755 1814 1091 1890 namque
1141 1815 1437 1868 marem
1487 1790 1850 1867 cohibent
1890 1790 2181 1868 callosa
2236 1790 2612 1869 vitellum.

279 1946 330 1988 ιι
365 1913 606 1995 Caulo
657 1916 1097 1993 suburbano
1154 1916 1292 2016 qui
1340 1916 1562 1991 siccis
1612 1916 1859 1993 erevit
1906 1917 1989 1993 in
2038 1916 2251 2015 agris

257 2148 594 2231 ooneignare
648 2147 874 2209 litteris,
923 2166 990 2203 eo
1045 2149 1284 2205 fortasse
1332 2149 1414 2203 di-

256 2219 542 2287 scrimine,
579 2218 730 2288 quod
765 2220 826 2274 in
861 2220 1121 2289 ponendo
1161 2221 1322 2290 signa
1344 2221 1415 2274 si·

253 2291 378 2347 mul
413 2260 562 2345 ines’t
591 2291 751 2346 notio
779 2291 1092 2360 firmitati„
1131 2292 1238 2346 hoo
1265 2293 1414 2347 enim

251 2362 650 2433 prohibiturus
686 2366 772 2417 est
809 2363 1000 2417 Catius
1035 2380 1106 2417 ne
1139 2363 1275 2433 quid
1305 2364 1414 2418 sibi

253 2434 500 2491 excidat.
519 2463 592 2473 -
606 2434 857 2503 vincunt]
895 2434 988 2490 Sio
1003 2436 1168 2489 multi
1195 2440 1252 2489 et
1271 2436 1413 2489 anti-

254 2506 358 2575 qui
393 2505 637 2571 codioes;
671 2510 842 2573 recte,
873 2523 1000 2561 oum
1031 2506 1174 2561 nihil
1209 2507 1416 2563 certius

253 2578 332 2633 sit
355 2577 534 2633 catio.
575 2576 944 2633 Coniunctivo
971 2577 1213 2645 vincam,

253 2668 328 2705 ex
365 2648 558 2719 paneis
596 2648 756 2705 codd.
792 2649 913 2719 alii,
953 2650 1124 2705 etiam
1155 2649 1414 2705 Mueller.

251 2726 314 2777 et
379 2720 664 2775 Eokstein.
731 2726 1088 2790 temperant,
1155 2720 1412 2790 equidem

249 2792 512 2847 futurum
543 2792 756 2849 vinem
788 2808 858 2847 ex
895 2792 1282 2862 antiquissimo
1323 2810 1414 2849 eo-

251 2864 382 2919 dioe
419 2864 652 2933 Cruquii
701 2868 758 2919 et
795 2881 906 2919 uno
941 2864 1242 2919 Pulmanni
1285 2881 1411 2919 oum

251 2935 493 2991 Lehrsio
513 2935 873 3005 praeferrem.
913 2935 1024 2990 Pro
1055 2937 1410 2992 ooniunotivo

252 3024 370 3061 non
419 3007 556 3063 lieet
605 3008 783 3063 citare
831 3008 1010 3077 Epist.
1047 3007 1094 3076 I,
1132 3011 1184 3076 4,
1223 3011 1274 3074 3,
1313 3009 1410 3078 qui

251 3080 412 3135 loeus
463 3079 538 3135 ab
585 3078 690 3135 hoe
734 3096 898 3135 versu
945 3079 1110 3135 valde
1159 3047 1410 3135 diversus

251 3155 366 3219 θοις
421 3168 685 3219 compara
739 3152 928 3221 potius
982 3150 1098 3206 Sat.
1153 3151 1226 3219 11,
1264 3153 1316 3219 8,
1358 3154 1411 3205 9.

255 3252 324 3261 --
363 3222 647 3291 Anytique
700 3222 870 3292 reum]
931 3220 1002 3276 of.
1047 3222 1194 3277 Plat.
1242 3224 1408 3292 Apol.

253 3294 408 3349 Soor.
465 3311 518 3362 Ρ.
562 3294 649 3348 23.
707 3294 776 3347 Ε.
834 3324 900 3333 -
958 3299 1190 3363 tempore
1241 3293 1410 3365 laevo]

253 3366 373 3420 Sat.
410 3364 482 3425 11.
523 3368 572 3433 1,
613 3367 696 3419 18.
745 3394 811 3404 -
853 3364 966 3420 sive
1012 3364 1178 3435 artis]
1227 3366 1408 3435 „opti-

253 3455 350 3491 ma
405 3454 464 3490 es
512 3436 784 3491 memoria
823 3440 884 3491 et
927 3436 1174 3491 naturali
1221 3442 1280 3491 et
1324 3455 1409 3491 ar-

215 3574 222 3579 ·
257 3508 528 3563 tifioiali“

253 3580 486 3648 moriae,
535 3584 602 3635 ut
638 3577 778 3633 dicit
815 3525 1050 3647 Quintqil.
1097 3579 1197 3647 XI,
1235 3582 1284 3647 2,
1325 3583 1408 3642 ΙΙ.

185 3692 194 3700 .
255 3652 470 3721 primus
508 3650 814 3705 ostendisse
852 3650 1062 3707 dieitur
1082 3650 1410 3707 Simonides.

254 3723 364 3791 Qui
403 3727 528 3777 arte
561 3722 890 3777 memoriam
939 3722 1279 3777 studuerunt
1315 3724 1412 3779 ad-

253 3796 467 3861 iuvare,
505 3812 572 3849 ea
597 3811 740 3862 quae
777 3799 962 3851 essent
999 3794 1241 3850 tenenda
1260 3794 1406 3851 fietis

257 3866 396 3923 loeis
433 3871 491 3920 et
517 3866 856 3936 imaginibus
882 3866 1150 3935 fixerunt3
1190 3866 1260 3923 de
1289 3867 1410 3935 qui-

253 3940 360 3993 bus
393 3936 630 4005 Quintil.
678 3937 778 4002 XI,
821 3940 872 4003 2,
919 3939 1016 3992 21:
1093 3936 1278 4007 ,0,Ριιιι
1325 3942 1412 3993 est

256 4028 393 4079 ergo
435 4009 574 4065 loeis
631 4026 774 4077 quae
829 4008 916 4063 vel
973 4008 1012 4065 fi
1169 4016 1266 4065 tur
1321 4010 1411 4065 vel

257 4087 570 4143 sumuntur,
609 4080 948 4152 imaginibus
985 4098 1052 4135 ve
1099 4082 1411 4137 simulacris

253 4171 400 4223 quae
435 4152 632 4221 utique
673 4151 935 4223 fingenda
981 4158 1126 4207 sunt.
1203 4152 1407 4223 Imagi-

253 4242 352 4279 nes
418 4228 586 4279 notae
650 4229 806 4291 sunt,
863 4222 1065 4292 quibus
1132 4241 1199 4279 ea
1267 4242 1412 4294 quae

252 4295 551 4351 ediscenda
567 4301 697 4349 sunt
715 4264 992 4363 no'tamuS,
1025 4299 1110 4359 ut,
1129 4296 1409 4364 quomodo

254 4368 450 4423 Cicero
495 4367 654 4423 dieit.
703 4366 840 4421 loeis
887 4384 992 4435 pro
1041 4384 1200 4435 cera,
1243 4367 1410 4493 erimu-

1289 4439 1413 4493 onit

1250 2596 1414 2647 quem

604 3508 812 3563 Comm.
853 3506 1019 3576 Cruq.
1057 3510 1256 3563 Artem
1291 3526 1412 3564 me-

259 4439 427 4495 lactis
471 4456 576 4509 pro
621 4438 828 4493 litteris
875 4438 1151 4493 utamurf‘

259 4512 440 4581 igitur
459 4510 730 4567 Horatius
758 4509 978 4565 Catium
1005 4509 1228 4580 singula
1253 4528 1411 4580 prae-

257 4586 424 4653 cepta
459 4582 628 4639 eertis
665 4582 778 4637 iam
814 4582 950 4637 loeis
987 4588 1042 4637 et
1073 4582 1412 4652 imaginibus

1508 2148 1624 2203 fixa
1668 2154 1875 2213 tenere.
1924 2148 2076 2220 quod
2130 2147 2357 2219 quidem
2403 2166 2438 2203 a
2480 2166 2539 2207 se
2582 2149 2665 2203 fa-

1508 2226 1662 2276 ctum
1700 2222 1781 2275 ait
1819 2189 2011 2275 (satius
2047 2237 2215 2274 versu
2257 2221 2309 2274 8.
2348 2246 2413 2259 —
2452 2220 2661 2291 umes]

1507 2292 1758 2347 subtiles.
1855 2292 2192 2361 Metaphora
2239 2291 2389 2345 unde
2436 2297 2663 2361 sumpta

1507 2364 1601 2432 sit,
1638 2352 1930 2434 intelleges
1967 2382 2037 2419 ex
2072 2364 2163 2433 Ep
2164 2364 2253 2417 ist.
2271 2362 2419 2429 11.1,
2440 2364 2565 2419 225.
2594 2392 2663 2403 -

1501 2381 2203 2577 ἕξιζηαῖᾝέιὲωιῗῧξαέο.
2197 2436 2663 2574 10--ΩιῗιιιεῖΙιιοὲιξΣ

1505 2579 1595 2647 pit
1650 2580 1721 2633 ab
1776 2579 1897 2633 ovis
1955 2579 1993 2633 i.
2052 2595 2099 2634 e.
2156 2578 2226 2632 ab
2280 2577 2445 2633 initio
2492 2594 2665 2633 oenoe

1507 2650 1649 2719 (Sat.
1682 2650 1729 2718 1,
1766 2652 1818 2715 3,
1856 2650 1915 2718 6)
1950 2654 2012 2705 et
2054 2648 2467 2718 simplicissimo
2517 2642 2675 2717 eibos

1506 2722 1663 2776 euius
1688 2721 1805 2776 tria
1822 2739 2051 2793 genera,
2070 2738 2195 2786 ova,
2222 2720 2415 2787 caulis,
2434 2718 2665 2791 gallina,

1505 2792 1757 2848 breviter
1804 2797 2124 2848 tractantur
2173 2792 2247 2853 (v.
2289 2790 2435 2845 12-
2368 2794 2661 2857 -20).-

1506 2864 1650 2934 ovis]
1685 2864 1829 2919 Plin.
1867 2864 1935 2919 N.
1970 2864 2043 2918 H.
2081 2863 2151 2932 X,
2190 2864 2283 2919 52.
2343 2862 2531 2933 „Quae
2566 2863 2662 2919 ob-

1505 2936 1674 3006 longa
1741 2940 1873 2991 sunt
1939 2952 2047 2991 ova
2115 2933 2383 3006 gratioris
2446 2934 2663 3017 saporis

1503 3012 1672 3077 putat
1716 3006 1989 3063 Horatius
2040 3006 2293 3061 Flaeous.
2371 3006 2664 3062 Feminam

1505 3078 1681 3133 edunt
1702 3096 1844 3147 quae
1868 3078 2205 3133 rotundiora
2262 3078 2551 3148 ignuntur,
2578 3096 2663 3133 re·

1503 3150 1661 3219 liqua
1685 3151 1947 3205 maremst‘
1922 3096 2298 3205 “Columefia
2315 3149 2467 3217 VIII,
2488 3151 2540 3217 5,
2570 3150 2660 3203 11:

1505 3240 1673 3289 „oum
1709 3222 1835 3291 quis
1870 3222 2025 3277 volet
2050 3239 2219 3291 quam
2246 3188 2540 3291 plurim’as
2547 3238 2662 3276 ma·

1503 3310 1593 3347 res
1638 3293 1883 3360 excludi,
1932 3292 2261 3363 longissima
2310 3309 2563 3361 quaeque
2605 3296 2663 3347 et

1503 3365 1829 3419 acutissima
1885 3381 1994 3419 ova
2048 3364 2303 3429 subiciet,
2356 3369 2415 3419 et
2470 3380 2663 3419 rursus

1504 3454 1633 3490 oum
1684 3434 1939 3504 feminas,
1989 3452 2159 3505 quam
2208 3434 2660 3491 rotundissima.“

1506 3508 1865 3563 Contrarium
1900 3508 2079 3563 tradit
2112 3507 2347 3562 Aristot.
2374 3506 2662 3591 H.A.V1,

1505 3581 1559 3646 6,
1598 3582 1659 3633 2·
1736 3574 1921 3665 :Eqn
1966 3578 2029 3633 δὲ
2078 3577 2143 3631 τὰ
2188 3576 2301 3665 μὲν
2344 3574 2533 3649 μακρὰ
2572 3581 2663 3631 καὶ

1503 3618 1631 3711 ὀξέα
1676 3652 1785 3705 τῶν
1830 3646 1956 3720 ᾠῶν
2004 3646 2192 3716 θήλεα,
2239 3646 2305 3703 τὰ
2354 3650 2417 3703 δὲ
2467 3664 2660 3735 orpoy:

1503 3717 1669 3811 γὺλα
1679 3726 1771 3775 καὶ
1794 3726 2153 3793 περιφέρειαν
2189 3723 2217 3775 ἔ
2258 3738 2387 3775 οντα
2425 3719 2563 3773 κατὰ
2598 3718 2660 3775 τὸ

1503 3791 1613 3875 ὀξὺ.
1633 3786 1855 3877 ἅῤῥενρε.
1896 3824 1963 3833 -
2004 3792 2152 3864 alba]
2244 3810 2317 3847 on
2353 3796 2439 3847 est
2473 3810 2659 3847 neees-

1503 3866 1655 3921 saria
1690 3865 2011 3921 oonieotura
2036 3863 2257 3921 Bentlei
2291 3864 2457 3931 alma,
2492 3881 2659 3933 quam

1503 3937 1744 4091 {2¹33}
1750 3936 2068 4076 1ἱίἲὲἱῖἴξἰῖἔζ.’ἷ’ἡ
2078 3935 2239 4063 35:¹²
2235 3936 2406 4064 23ss
2411 3881 2662 4063 οἷ’ἒὲἓέ

1504 4080 1650 4136 dura
1686 4080 1745 4135 in
1777 4085 1968 4149 partes
1992 4080 2273 4136 dissecta·
2257 4097 2317 4133 ιιι
2349 4095 2541 4133 mensa
2564 4096 2637 4148 ap

1503 4152 1876 4221 ponebantur.
1898 4150 2144 4207 Martial.
2168 4150 2239 4219 X,
2264 4149 2351 4217 48,
2377 4152 2443 4203 10
2470 4096 2663 4218 „Secta

1503 4222 1855 4279 eoronabunt
1892 4227 2111 4279 rutatos
2146 4238 2251 4279 ova
2286 4190 2555 4277 labertos“
2592 4220 2657 4285 V,

1505 4296 1595 4363 79,
1632 4296 1666 4349 5
1704 4294 1937 4363 „divisis
1975 4294 2197 4363 cybium
2245 4292 2447 4349 latebit
2490 4292 2661 4349 ovis.“

1508 4396 1575 4406 -
1611 4366 1825 4435 ponere]
1863 4365 1977 4422 Sat.
1975 4312 2084 4432 ⁰511,
2122 4367 2174 4431 2,
2199 4366 2284 4419 23.
2329 4394 2396 4403 ·-
2432 4364 2659 4435 callosa]

1505 4438 1799 4521 Iudicatur
1833 4442 2100 4507 putamen
2139 4436 2248 4500 ovi,
2284 4436 2494 4491 callosa
2529 4454 2662 4506 pars

1508 4510 1619 4564 ovi.
1659 4539 1724 4549 —
1766 4508 1989 4579 elutius]
2035 4478 2349 4577 insipidius.
2431 4508 2661 4565 eontra-

1509 4581 1657 4635 rium
1696 4597 1889 4635 eorum
1926 4584 2013 4636 est
2048 4578 2317 4637 iudicium
2351 4580 2451 4651 qui
2492 4580 2563 4635 de
2598 4597 2661 4635 re
