3092 5059
1079 254 1242 321 LIB.
1287 256 1336 321 Ι.
1384 254 1632 322 ΟΑΒΜ.
1681 255 1824 322 VII.
2568 262 2650 327 53

331 438 704 540 Undique
755 441 1196 540 decerptam
1249 446 1490 521 fronti
1544 472 2023 545 praeponere
2082 448 2387 523 olivam.

547 565 936 642 Plurimus
987 570 1066 645 in
1117 570 1435 645 Iunonis
1491 571 1869 649 honorem
2202 552 2206 558 ⁵

339 691 642 789 Aptum
699 692 906 769 dicet
960 696 1172 793 equis
1223 695 1478 795 Argos
1524 698 1876 799 ditesque
1923 700 2309 797 Mycenas,

241 851 296 890 ιο
543 818 672 893 Me
724 844 868 895 nec
911 832 1066 895 tam
1113 821 1412 919 patiens
1467 820 2004 900 Lacedaemon

330 943 499 1019 Nec
553 956 705 1017 tam
760 943 1074 1021 Larisae
1125 947 1498 1043 percussit
1550 974 1867 1049 campus
1920 949 2247 1046 opimae,

545 1068 796 1160 Quam
850 1070 1124 1145 domus
1176 1070 1580 1148 Albuneae
1631 1076 2057 1149 resonantis

336 1192 442 1267 Et
489 1218 856 1293 praeceps
912 1194 1115 1270 Anio
1169 1223 1260 1271 ac
1312 1197 1639 1272 Tiburni
1688 1198 1903 1275 lucus
1964 1214 2037 1275 et
2089 1201 2245 1277 uda

541 1318 956 1394 Mobilibus
1015 1325 1362 1416 pomaria
1413 1322 1619 1397 riviS.

251 1475 304 1514 ιι.
339 1442 596 1518 Albus
645 1457 732 1520 ut
783 1446 1108 1520 obscuro
1159 1446 1510 1545 deterget
1563 1449 1829 1525 nubila
1876 1451 2087 1525 caelo

547 1569 794 1671 Saepe
847 1572 1096 1648 Notus
1149 1599 1403 1673 neque
1453 1576 1787 1673 parturit
1835 1576 2121 1651 imbres

234 1784 561 1866 Minervam
597 1783 830 1867 eiusque
865 1783 1064 1838 urbem
1089 1785 1396 1853 celebrare3

237 1854 1106 1997 1ξὲξέἷὲῗὲἓὲῗέἒὲιῖῊὲ
1109 1873 1397 1997 limem

239 1998 581 2054 celebranda
620 2016 776 2053 suam
802 1998 909 2053 sibi
935 2010 1197 2054 coronam
1232 2000 1399 2055 simul

238 2070 554 2125 inveniunt.
629 2069 748 2125 Alii
805 2088 1031 2125 carmen
1077 2076 1396 2141 perpetuum

237 2160 267 2197 e
307 2142 463 2197 icum
490 2159 606 2196 esse
630 2143 952 2211 voluerunt,
975 2146 1040 2197 ut
1065 2142 1214 2213 apud
1234 2142 1397 2197 Ovid.

300 2218 377 2269 et.
416 2214 464 2282 Ι,
501 2216 555 2269 4.
593 2242 659 2253 -
699 2214 772 2285 et]
813 2214 874 2267 in
911 2214 1023 2269 fine
1059 2232 1249 2269 versus
1287 2215 1396 2271 col-

238 2288 430 2341 locata
487 2286 767 2355 particula
813 2302 980 2355 saepe
1026 2286 1176 2355 apud
1221 2287 1399 2341 Hora-

237 2358 384 2413 tium
432 2356 606 2412 etiam
649 2358 710 2411 in
754 2357 968 2425 lyricis:
1026 2358 1202 2411 Car-m.
1252 2358 1296 2426 Ι,
1349 2360 1400 2427 3,

244 2430 325 2483 19.
385 2430 432 2496 1,
472 2432 524 2497 7,
562 2430 611 2482 6.
666 2428 711 2497 Ι,
750 2430 803 2497 9,
844 2432 930 2482 13.
971 2430 1014 2497 Ι,
1054 2430 1142 2497 35,
1183 2432 1270 2483 11.
1329 2430 1400 2499 11,

242 2502 292 2562 6,
337 2504 384 2554 1.
427 2502 480 2555 2.
554 2500 626 2569 11,
669 2502 755 2569 13,
793 2503 877 2555 23.
953 2500 1025 2569 ΙΙ,
1070 2502 1154 2570 16,
1192 2504 1277 2554 47.
1328 2503 1398 2557 al.

241 2572 314 2627 cf.
353 2572 430 2627 ad
469 2572 650 2627 Carm.
689 2572 730 2639 Ι,
771 2573 821 2638 3,
860 2574 945 2627 38.
983 2572 1172 2627 Habet
1211 2577 1400 2628 autem

240 2644 379 2699 haec
413 2644 700 2713 particula
737 2642 792 2697 h.
807 2612 850 2697 ⁹1.
877 2643 1206 2699 facultatem
1233 2663 1400 2714 quam

241 2716 482 2771 dicimus
507 2715 940 2769 consecutivam.
979 2721 1030 2769 et
1051 2716 1206 2787 inde3
1245 2717 1400 2771 cuius

241 2806 372 2842 usus
414 2787 569 2856 apud
603 2787 901 2841 Horatium
945 2786 1084 2843 haec
1127 2758 1273 2842 addo
1311 2806 1401 2843 ex·

243 2859 535 2929 empla.1,
565 2858 646 2921 16,
675 2859 763 2911 24.
802 2858 844 2924 Ι,
877 2858 1400 2927 17,2.27.„.1292

243 2898 833 3001 1‚,.302’‚'112‚.11
880 2899 1400 2999 15.ΙΙ,3,19.27.

245 2970 532 3069 11,6,.18
590 3000 916 3069 Π,1.8,24
973 2970 1400 3073 1111,'1l.n1,

245 3073 294 3141 3,
331 3042 421 3129 35'.
464 3075 550 3126 71.
589 3041 688 3140 ΠΙ,
727 3074 780 3141 6,
821 3074 908 3125 42.
947 3073 1273 3143 111,11,11.
1314 3076 1400 3128 51.

247 3113 1396 3214 1i1,15,.61V’,7',211V,1:-3,1o.-

247 3214 564 3286 Plurimus]
621 3214 931 3286 Singularis
989 3234 1114 3271 cum
1168 3216 1402 3272 audacia

247 3288 492 3357 quadam
550 3288 852 3342 collocatus
911 3292 1020 3342 est:
1089 3306 1214 3343 cum
1252 3288 1400 3344 enim

245 3358 488 3413 Romani
514 3358 767 3414 dicerent
807 3360 1003 3413 multus
1038 3360 1228 3423 hostis,
1269 3361 1400 3415 muz-

247 3436 332 3486 tas
347 3430 534 3501 pedae,
554 3430 726 3484 multa
748 3431 905 3485 canis
921 3430 1079 3498 (Hor.
1095 3432 1199 3501 Ep.
1219 3434 1272 3499 2,
1289 3433 1401 3500 31),

247 3502 352 3558 hoc
388 3518 614 3571 quoque
639 3519 804 3556 ausus
834 3506 937 3571 est,
973 3508 1039 3557 ut
1063 3504 1402 3559 adiectivum

248 3574 420 3628 etiam
456 3574 794 3628 substantivi
832 3574 1043 3628 auxilio
1067 3576 1400 3629 destitutum

249 3645 444 3700 eadem
483 3645 701 3699 ratione
743 3644 1000 3701 inferret.
1076 3646 1235 3713 Quod
1275 3664 1398 3701 cum

254 3734 443 3771 omnes
483 3715 640 3771 codd.
682 3718 1008 3785 praebeant,
1065 3722 1253 3773 tamen
1292 3717 1402 3772 Ou-

250 3788 589 3857 dendorpius
626 3789 856 3860 negavit
894 3790 1069 3844 latine
1107 3791 1186 3844 sic
1231 3790 1401 3844 scribi

251 3876 412 3928 posse
451 3864 508 3914 et
547 3860 938 3931 corrigendum
966 3862 1192 3931 putavit
1221 3862 1400 3931 pluri·

250 3948 370 3986 mus
406 3932 470 3985 in.
495 3930 732 3986 Iunonis
755 3932 973 3999 honore,
1011 3938 1076 3987 ut
1101 3934 1197 3987 sit:
1238 3934 1400 4004 alter,

254 4003 348 4071 qui
373 4003 650 4073 plurimus
687 4004 804 4058 sive
839 4004 1050 4059 multus
1083 4010 1172 4059 est
1209 4005 1270 4059 in
1307 4006 1401 4059 1ιο·

254 4092 388 4130 nore
427 4076 675 4143 Iunonis,
718 4076 866 4131 dicet
891 4078 1090 4147 Argos.
1133 4076 1402 4131 Similiter

253 4148 522 4216 scriptum
561 4152 643 4200 est
666 4147 815 4217 apud
842 4146 1076 4215 Quintil.
1101 4148 1198 4217 XI,
1221 4151 1272 4212 2,
1304 4150 1397 4202 12;

253 4236 410 4285 „cum
455 4222 597 4273 esset
637 4218 850 4289 grande
875 4220 1193 4274 convivium
1222 4220 1281 4274 in
1307 4222 1402 4274 ho-

255 4306 446 4344 norem
485 4290 732 4344 eiusdem
768 4290 1073 4345 victoriae“
1159 4296 1215 4345 et
1252 4292 1402 4346 infra

257 4360 432 4430 Epod.
456 4365 504 4429 1,
523 4362 611 4415 24.
648 4360 796 4415 Eum
834 4364 1008 4417 secuti
1029 4368 1160 4417 sunt
1181 4362 1401 4431 Miiller,

253 4431 530 4495 Eckstein‚
597 4432 806 4501 Keller,
866 4452 978 4487 non
1027 4434 1255 4502 Schiitz,
1313 4434 1402 4489 cui

257 4503 465 4575 Ungeri
502 4503 824 4559 coniectura
866 4504 1140 4574 plurimas
1175 4505 1264 4560 hic
1301 4506 1403 4560 Iu-

257 4578 412 4633 nom’s
471 4576 732 4631 honorum
795 4594 908 4631 non
969 4577 1268 4647 displicuit.
1335 4608 1398 4616 —-

1495 1790 1691 1855 aptum
1719 1785 1893 1857 equis]
1920 1780 2295 1869 ἱπποτρόφον,
2321 1778 2649 1853 ἱππόβοτον,

1495 1857 1854 1911 Homericum
1884 1857 2199 1926 epitheton3
2240 1858 2320 1911 sic
2355 1856 2497 1911 dites
2522 1856 2647 1927 My-

1493 1945 1654 1984 cenae
1690 1946 1757 1983 ex
1795 1929 1961 1983 Hom.
2000 1900 2226 1983 11.V1'1.
2272 1928 2376 1981 180
2412 1928 2647 1994 βασιλῆα

1497 1996 1869 2071 πολυχρύσοιο
1910 1996 2187 2067 Μυκήνης.
2216 2000 2513 2070 -patiens
2539 2000 2648 2053 La-

1493 2071 1805 2142 cedaemon]
1819 2076 2054 2141 propter
2062 2088 2282 2127 morum
2294 2070 2649 2139 disciplinam

1497 2148 1555 2198 et
1588 2160 1807 2198 severas
1845 2144 2092 2215 Lycurgi
2135 2144 2303 2228 leges.
2377 2142 2647 2197 Horatius

1496 2216 1685 2285 prisca
1704 2220 1960 2284 tempora
1981 2215 2245 2285 respexit,
2282 2219 2364 2282 ut,
2400 2230 2527 2270 cum
2547 2232 2649 2269 sua

1496 2290 1683 2341 aetate
1720 2290 1777 2341 et
1807 2288 2078 2356 equestris
2099 2287 2285 2357 gloria
2303 2286 2647 2369 Argivorum

1497 2364 1555 2413 et
1592 2358 1825 2413 divitiae
1864 2358 2227 2427 Mycenarum
2265 2362 2322 2412 et
2369 2357 2648 2427 patientia

1496 2430 2067 2485 Lacedaemoniorum
2104 2430 2219 2484 iam
2255 2429 2525 2484 diuturna
2550 2430 2646 2484 ob-

1496 2502 1702 2557 livione
1762 2507 2174 2572 premerentur,
2238 2519 2405 2584 quam
2466 2500 2647 2555 inanis

1495 2578 1632 2628 tunc
1669 2579 1813 2628 esset
1850 2591 2041 2629 earum
2076 2572 2305 2627 urbium
2329 2573 2503 2627 nimia
2528 2572 2645 2626 lau·

1495 2646 1670 2713 datie,
1715 2646 1850 2717 ipsis
1889 2646 2154 2729 epithetis
2197 2644 2439 2699 dilucide
2465 2648 2647 2698 osten·

1496 2717 1671 2771 deret.
1714 2746 1778 2755 —
1818 2715 2080 2785 Larisae]
2136 2716 2456 2771 Thessaliae
2491 2716 2647 2769 urbis

1497 2806 1631 2859 ager
1674 2788 2049 2843 fertilissimus
2090 2793 2227 2843 erat.
2268 2788 2431 2842 Hom.
2467 2786 2533 2840 11.
2572 2786 2645 2855 ΙΙ,

1497 2862 1601 2913 841
1640 2854 1901 2927 Λάρισσα
1940 2860 2217 2929 ἐριβῶλαξ.
2257 2887 2327 2900 -
2358 2858 2647 2928 percussit]

1495 2932 1749 3003 graviter
1785 2931 1980 2985 movit.

1568 3002 1635 3057 V.
1660 3004 1741 3057 12.
1779 3002 1971 3058 domas
2008 3000 2311 3071 Albuneae]
2352 3001 2646 3055 Praestan-

1497 3074 1637 3128 tiam
1676 3080 1733 3129 et
1760 3074 2157 3129 amoenitatem
2194 3074 2319 3145 agri
2342 3072 2646 3141 Tiburtini,

1497 3147 1557 3199 in
1596 3164 1705 3215 quo
1740 3151 1797 3201 et
1834 3146 2101 3200 Horatius
2142 3162 2305 3214 saepe
2343 3160 2644 3199 commora-

1485 3218 1667 3271 -batur
1708 3222 1764 3272 et
1788 3218 2077 3271 Munatius
2116 3217 2309 3271 villam
2347 3215 2548 3270 habuit
2569 3216 2645 3282 (v.

1497 3290 1607 3359 21),
1644 3307 1757 3343 non
1795 3290 1913 3343 sine
1954 3304 2161 3371 magno
2200 3288 2419 3356 patriae
2459 3291 2647 3341 terrae

1497 3379 1687 3415 amore
1724 3362 1807 3415 ita
1835 3360 2121 3427 describit,
2160 3364 2225 3413 ut
2250 3358 2403 3413 omni
2427 3358 2645 3413 ratione

1495 3450 1623 3486 cum
1672 3432 1937 3487 Graeciae
1992 3400 2355 3485 nobilissimis
2415 3434 2472 3485 et
2522 3430 2645 3499 pul·

1496 3504 1786 3558 cherrimis
1821 3504 1959 3557 locis
1997 3508 2213 3557 certare
2238 3502 2462 3557 Italiam
2486 3518 2646 3571 posse

1495 3576 1922 3630 demonstraret.
1996 3574 2255 3629 Albunea
2293 3578 2378 3628 est
2416 3572 2645 3642 Sibylla,

1495 3664 1639 3715 quae
1688 3646 1887 3701 Tiburi
1935 3651 2001 3701 ut
2046 3645 2152 3701 dea
2198 3647 2515 3713 colebatur,
2577 3644 2647 3699 de

1496 3719 1655 3773 cuius
1676 3723 1857 3787 antro,
1894 3736 1995 3789 per
2016 3718 2167 3788 quod
2186 3718 2419 3772 Anienis
2438 3716 2647 3770 flumen

1495 3791 1713 3861 ingenti
1752 3790 1993 3860 strepitu
2028 3789 2409 3861 perfunditur,
2448 3787 2643 3857 Vergi-

1496 3862 1636 3917 lium
1674 3862 1797 3933 lege
1832 3864 1973 3915 Aen.
2010 3862 2135 3928 VII,
2158 3863 2228 3915 82
2254 3880 2279 3916 s
2282 3878 2373 3931 q.q
2400 3889 2463 3899 —
2484 3874 2646 3942 prae-

1494 3931 1805 4005 cepsAm'o]
1828 3933 1971 3987 Plin.
1984 3901 2165 4003 Epist.
2168 3934 2319 4003 Vm,
2339 3934 2461 4000 172,
2466 3931 2647 4000 ,Anio,

1497 4006 1925 4059 delicatissimus
1977 4006 2225 4060 amnium
2271 3972 2507 4073 ideoque
2554 3972 2647 4055 ad:

1497 4078 1809 4131 iacentibus
1846 4076 1997 4131 villis
2037 4078 2194 4132 velut
2241 4076 2511 4130 invitatus
2561 4091 2645 4126 re-

1494 4152 1815 4217 tentusque,
1852 4166 2059 4219 magna
2095 4166 2163 4203 ex
2198 4152 2362 4217 parte
2398 4162 2645 4213 nemora,

1497 4220 1698 4289 quibus
1736 4220 2107 4286 inumbratur,
2160 4224 2216 4273 et
2234 4218 2431 4301 fregit
2467 4221 2523 4272 et
2561 4234 2645 4270 ra—

1495 4292 1675 4361 puit.“
1719 4320 1779 4331 -—
1842 4289 2097 4359 Tiburna]
2153 4289 2249 4359 qui
2288 4289 2434 4343 filius
2472 4306 2512 4341 s.
2552 4306 2645 4342 ne-

1494 4379 1597 4432 pos
1651 4362 1984 4432 Amphiarai
2039 4380 2164 4416 cum
2221 4360 2491 4414 fratribus
2547 4360 2643 4415 Ca-

1494 4434 1625 4489 tillo
1674 4438 1733 4488 et
1781 4434 1923 4488 Cora
1972 4432 2153 4486 Tibur
2200 4431 2469 4500 oppidum
2519 4448 2643 4485 con-

1496 4506 1703 4560 didisse
1760 4505 1956 4560 fertur.
2034 4504 2103 4558 cf.
2145 4502 2325 4558 Carm.
2374 4502 2420 4568 Ι,
2475 4503 2557 4569 18,
2595 4506 2644 4556 2.

1465 4577 1709 4648 :VergiL
1747 4580 1887 4631 Aen.
1926 4574 2047 4638 VII,
2096 4578 2215 4629 671.
2290 4544 2453 4628 Ovid.
2492 4574 2644 4628 Fast.
