3092 5059
469 231 594 294 612
1099 229 1214 294 DE
1259 229 1487 294 ARTE
1530 225 1907 294 POETIOA
1954 225 2227 293 LIBER.

473 414 672 491 dinis
717 414 996 490 leniter
1031 429 1346 516 possent
1387 440 1771 492 revocare.
1826 415 1993 491 Iam
2038 412 2330 512 duplici
2366 413 2671 490 ratione
2700 439 2879 514 pec-

471 555 726 618 catum
779 549 944 638 est3'
987 541 1280 618 scilicet
1333 568 1532 642 quae
1586 540 2055 618 alienissima
2100 550 2274 614 sunt
2325 540 2404 614 in
2459 538 2743 616 eadem
2796 565 2877 614 re

471 692 701 763 saepe
734 666 1087 765 proxima
1126 681 1436 766 praeter
1477 694 1697 765 spem
1741 666 2335 764 coniunguntur.
2391 665 2707 740 Etenim
2754 663 2885 738 alii

471 793 788 868 fuerunt
857 791 990 889 qui
1059 792 1489 869 absolutam
1543 804 1788 868 artem
1855 792 1954 868 de
2022 793 2385 866 universa
2436 816 2519 865 re
2574 790 2887 889 poetica

472 931 746 1016 poetae
796 919 1089 994 nolenti
1137 931 1703 1018 extorquerent,
1758 916 1893 993 alii
1935 917 2069 1016 qui
2122 915 2462 1014 vulgaris
2502 914 2889 1014 epistulae

473 1055 828 1118 naturam
880 1041 1374 1140 pertinaciter
1409 1052 1868 1138 prementes,
1918 1053 2004 1116 ut
2041 1065 2181 1116 nos
2232 1065 2405 1115 cum
2443 1039 2543 1114 ad
2588 1039 2889 1114 amicos

477 1167 898 1242 scribamus
932 1191 1462 1265 quaecumque
1488 1167 1567 1241 in
1602 1166 1981 1241 calamum
2010 1166 2263 1265 prima
2290 1166 2507 1264 quasi
2540 1163 2891 1238 incidant

476 1289 690 1368 nullo
741 1290 1057 1366 consilio
1111 1303 1243 1366 aut
1292 1290 1570 1366 ordine
1622 1316 1717 1366 ex
1770 1289 2087 1365 arbitrio
2142 1289 2733 1386 coniungamus,
2788 1289 2891 1363 ita

477 1429 778 1518 poetam
852 1417 954 1492 ad
1020 1417 1336 1492 Pisones
1409 1415 1861 1492 scribentem
1936 1415 2193 1491 omnia
2263 1415 2415 1490 alia
2491 1415 2891 1490 miscuisse

477 1543 994 1619 adfirmarent.
1049 1541 1244 1616 Mihi
1283 1541 1593 1642 quidem
1632 1542 1785 1616 hoc
1818 1565 2127 1616 carmen
2167 1541 2267 1616 ab
2290 1540 2621 1634 Horatio
2670 1539 2892 1638 quasi

485 1669 876 1768 quoddam
901 1680 1442 1744 testamentum
1471 1666 1822 1742 relictum
1858 1666 2185 1764 videtur,
2226 1691 2382 1765 quo
2430 1665 2637 1742 cives
2688 1690 2889 1756 suos,

481 1795 859 1892 imprimis
915 1807 1204 1892 poetas,
1259 1793 1356 1869 ab
1415 1795 1504 1869 iis
1550 1794 1749 1868 vitiis
1804 1793 2080 1892 quibus
2132 1817 2263 1868 eos
2316 1790 2621 1866 videret
2674 1788 2890 1865 labo-

480 1946 652 1995 rare
707 1920 1127 1996 deterreret
1173 1921 1827 2018 coniungeretque
1864 1943 2062 2017 quae
2108 1916 2259 1993 sibi
2312 1942 2450 2013 per
2500 1941 2729 1991 suam
2786 1913 2889 1989 vi-

481 2059 638 2120 tam
689 2071 831 2120 usu
883 2059 960 2122 et
1011 2045 1478 2143 experientia
1525 2045 1837 2122 edoctus
1871 2069 2059 2118 sana
2100 2042 2411 2120 fecisset
2444 2055 2889 2142 praecepta,

485 2170 670 2245 olim
715 2172 870 2245 iam
908 2195 1270 2269 magnam
1323 2183 1644 2270 partem,
1702 2195 1877 2244 cum
1930 2168 2167 2244 ferret
2217 2167 2539 2262 occasi0,
2594 2191 2890 2266 propo-

483 2296 625 2372 sita
675 2321 817 2395 per
868 2298 1292 2396 satirasque
1334 2312 1410 2372 et
1453 2295 1819 2394 epistulas
1866 2294 2247 2392 dispersa3
2300 2292 2513 2392 quod
2566 2293 2887 2392 quidem

483 2425 591 2499 ita
627 2422 829 2517 fecit,
861 2435 946 2498 ut
980 2448 1134 2496 non
1169 2420 1577 2496 consilium
1611 2419 1843 2494 fixum
1880 2419 2352 2518 praeviaque
2378 2417 2887 2494 meditatione

485 2559 870 2647 repertum
929 2547 1316 2623 rhetorum
1375 2545 1607 2622 modo
1646 2557 2113 2644 sequeretur,
2156 2543 2293 2620 sed
2331 2543 2621 2640 ingenii
2660 2567 2889 2640 prae·

487 2674 758 2748 stantia
830 2673 1096 2747 ductus
1167 2671 1266 2748 ab
1327 2697 1480 2746 una
1546 2695 1634 2746 re
1695 2670 1794 2746 ad
1848 2669 2193 2765 alteram,
2249 2683 2657 2764 cognatam
2717 2693 2886 2744 eam

489 2798 804 2898 quidem
869 2811 945 2872 et
1002 2796 1203 2871 ultro
1273 2807 1797 2896 apparentem,
1852 2794 2072 2892 quasi
2120 2819 2262 2890 per
2313 2793 2626 2890 planam
2682 2791 2887 2866 viam

486 2923 866 2999 transiret.
973 2921 1098 2998 Sic
1151 2923 1274 2996 cui
1326 2947 1632 2996 meeum
1674 2945 2121 3016 persuasum
2172 2917 2337 3012 erit,
2392 2917 2461 2992 ei
2514 2918 2676 2992 iam
2728 2943 2886 2992 non

487 3048 877 3123 videbitur
919 3049 1222 3140 mirum,
1263 3073 1398 3121 cur
1444 3071 1584 3142 per
1620 3046 1991 3120 maiorem
2038 3056 2338 3140 partem
2380 3043 2743 3120 carminis
2788 3041 2887 3118 de

492 3173 911 3248 dramatica
959 3172 1176 3270 poesi
1228 3183 1458 3268 poeta
1513 3169 2015 3270 disputaverit
2081 3169 2567 3268 plurimaque
2618 3179 2699 3244 et
2756 3193 2886 3242 ex·

492 3296 749 3396 empla
801 3310 873 3374 et
924 3311 1336 3394 praecepta
1386 3295 1488 3371 ad
1537 3296 1751 3370 illam
1804 3294 2341 3394 applicaverit3
2392 3293 2489 3370 de
2540 3318 2635 3368 ea
2682 3293 2887 3368 enim

492 3422 900 3498 falsissime
953 3435 1113 3497 tum
1165 3422 1587 3498 iudicatum
1644 3435 1758 3496 est
1809 3433 1884 3496 et
1942 3447 1989 3495 a
2041 3419 2331 3517 populo
2396 3419 2761 3494 universo
2816 3429 2890 3492 et

491 3576 538 3624 a
597 3549 862 3649 poetis,
933 3549 1066 3648 qui
1115 3548 1575 3646 popularem
1640 3543 1947 3622 laudem
2004 3558 2395 3646 captantes
2446 3543 2548 3619 ad
2613 3542 2887 3642 populi

491 3673 859 3750 iudicium
911 3673 1211 3749 fabulas
1266 3672 1679 3770 diligenter
1732 3669 2427 3747 accommodarent.

692 3797 822 3874 Ad
848 3799 1160 3874 Pisones
1201 3797 1565 3893 scriptam
1606 3821 1768 3871 esse
1806 3793 2209 3892 epistulam
2251 3794 2532 3870 docent
2568 3792 2653 3868 hi
2692 3791 2883 3868 loci:

494 3954 565 4003 v.
598 3933 665 4002 5.
711 3931 776 4002 6.
815 3929 932 4000 24.
965 3921 1192 4022 (153.)
1226 3929 1392 4000 235.
1439 3929 1605 4000 268.
1642 3929 1810 3998 272.
1840 3927 2009 3998 292.
2040 3923 2209 3998 366.
2249 3915 2447 4016 (385.
2483 3913 2690 4014 426.)
2718 3919 2884 3990 436.

350 4072 357 4081 ·
493 4054 610 4128 De
661 4052 1066 4126 Pisonibus
1132 4050 1316 4126 haec
1366 4050 1853 4127 tradiderunt
1902 4049 2389 4126 scholiastae:
2464 4043 2749 4140 „Hunc
2794 4042 2883 4116 li-

498 4180 720 4286 brum
757 4178 890 4278 qui
924 4176 1362 4252 inscribitur
1405 4177 1502 4252 de
1543 4190 1705 4252 arte
1746 4177 2049 4275 poetica
2088 4173 2191 4251 ad
2218 4172 2307 4249 L.
2334 4172 2719 4266 Pisonem,
2762 4167 2885 4268 qui

494 4317 764 4401 postea
811 4302 1024 4377 urbis
1079 4314 1330 4376 custos
1381 4302 1550 4396 fuit,
1604 4303 1920 4399 eiusque
1970 4299 2253 4374 liberos
2292 4297 2521 4372 misit.
2574 4295 2773 4371 Nam
2816 4305 2885 4368 et

495 4429 662 4525 ipse
709 4427 888 4502 Piso
941 4439 1172 4525 poeta
1223 4429 1371 4503 fuit
1422 4439 1497 4503 et
1547 4424 1977 4501 studiorum
2018 4421 2455 4498 liberalium
2502 4413 2880 4496 antistes.“

499 4551 593 4626 Et
637 4553 814 4626 Tac.
857 4549 1059 4626 Ann.
1101 4551 1239 4653 VI,
1297 4555 1423 4627 10:
1477 4551 1676 4648 „Per
1726 4549 1931 4626 idem
1986 4563 2287 4647 tempus
2342 4541 2439 4647 (a.
2481 4575 2556 4624 u.
2604 4571 2671 4622 c.
2714 4537 2875 4642 785)
