3092 5059
477 237 604 303 474

1423 240 1923 308 SATIRARUM

583 426 788 503 Ante
837 426 1119 503 Larem
1161 429 1565 529 proprium
1620 453 1891 505 vescor
1921 452 2373 525 ·vernasque
2425 448 2793 524 procaces

578 550 818 627 Pasco
867 551 1125 628 libatis
1177 551 1529 652 dapibus.

1631 555 1871 631 Prout
1922 552 2199 651 cuique
2248 548 2495 627 libido
2546 561 2686 641 est,

577 676 830 753 Siccat
873 677 1312 777 inaequales
1359 678 1638 756 calices
1694 680 2020 755 conviva
2070 677 2365 754 solutus

577 802 914 899 Legibus
963 804 1272 900 insanis,
1325 830 1462 881 seu
1509 805 1679 903 quis
1732 805 1939 905 capit
1988 804 2199 880 acria
2250 802 2475 877 fortis

493 958 544 1001 το
578 928 865 1004 Pocula
913 954 1048 1003 seu
1101 929 1425 1005 modicis
1477 931 1769 1005 uvescit
1808 929 2107 1007 laetius.

2208 927 2417 1024 Ergo

579 1052 847 1129 Sermo
899 1054 1164 1151 oritur,
1217 1080 1374 1129 non
1425 1055 1524 1132 de
1578 1054 1781 1131 villis
1835 1053 2289 1130 domibusve
2338 1051 2637 1145 alienis,

574 1178 738 1255 Nec
777 1177 978 1254 male
1016 1203 1258 1255 necne
1283 1178 1538 1277 Lepos
1566 1179 1827 1275 saltet3
1875 1180 2011 1256 sed
2043 1178 2255 1279 quod
2298 1178 2545 1275 magis
2586 1175 2691 1252 ad
2732 1201 2877 1249 nos

573 1300 918 1379 Pertinet
963 1314 1040 1377 et
1087 1305 1386 1379 nescire
1432 1303 1723 1379 malum
1776 1316 1889 1379 est
1938 1305 2361 1403 agitamus:
2415 1314 2777 1377 utrumne

573 1426 878 1501 Divitiis
927 1426 1276 1503 homines
1328 1454 1426 1503 an
1477 1430 1633 1505 sint
1682 1428 1965 1505 virtute
2016 1429 2260 1516 beati;

491 1582 540 1624 us
577 1550 884 1645 Quidve
935 1552 1036 1627 ad
1087 1552 1481 1650 amicitias,
1537 1580 1717 1631 usus
1768 1566 2185 1651 rectumne,
2240 1552 2493 1629 trahat·
2541 1576 2723 1636 nosz

574 1674 669 1749 Et
721 1702 920 1775 quae
971 1678 1070 1753 sit
1121 1691 1393 1755 natura
1447 1679 1630 1753 boni
1679 1703 2218 1778 summumque
2272 1678 2457 1778 quid
2510 1677 2699 1753 eius.

579 1801 903 1879 Cervius
953 1802 1144 1879 haec
1194 1804 1397 1879 inter
1438 1804 1733 1879 vicinus
1786 1802 2032 1900 garrit
2082 1802 2325 1879 aniles

573 1926 690 2001 Ex
733 1952 822 2003 re
869 1927 1220 2004 fabellas.
1324 1928 1407 2006 Si
1457 1928 1631 2027 quis
1682 1954 1861 2005 nam
1912 1928 2176 2005 laudat
2224 1926 2476 2005 Arelli

579 2050 957 2129 Sollicitas
1008 2052 1322 2151 ignarus
1375 2078 1586 2153 opes,
1639 2054 1746 2129 sic
1797 2053 2115 2152 incipit:
2169 2050 2429 2149 „Olim

490 2209 544 2250 ao
578 2178 940 2253 Rusticus
983 2180 1364 2254 urbanum
1420 2204 1717 2255 murem
1762 2205 1931 2254 mus
1977 2202 2320 2277 paupere
2368 2176 2615 2253 fertur

578 2302 996 2403 Accepisse
1045 2328 1256 2399 cavo,
1308 2315 1647 2379 veterem
1692 2316 1912 2379 vetus
1961 2300 2242 2401 hospes
2292 2301 2651 2397 amicum,

577 2427 832 2525 Asper
882 2440 962 2504 et
1009 2440 1338 2505 attentus
1381 2428 1767 2527 quaesitis,
1818 2442 1904 2504 ut
1954 2442 2209 2503 tamen
2256 2440 2511 2503 artum

577 2552 934 2630 Solveret
983 2554 1334 2654 hospitiis
1389 2555 1753 2630 animum.
1839 2552 2045 2646 Quid
2099 2551 2387 2628 multa?
2434 2574 2689 2650 neque
2740 2550 2883 2626 1116

575 2676 912 2776 Sepositi
967 2678 1232 2754 ciceris
1283 2704 1426 2755 nec
1477 2677 1757 2776 longae
1808 2677 2088 2753 invidit
2133 2700 2446 2772 avenae,

473 2836 527 2877 ss
578 2802 908 2880 Aridum
961 2815 1037 2879 et
1085 2827 1221 2878 ore
1274 2802 1529 2878 ferens
1582 2804 1889 2879 acinum
1935 2826 2385 2901 semesaque
2434 2800 2641 2877 lardi

573 2928 847 3004 Frusta
894 2928 1130 3025 dedit,
1185 2928 1500 3029 cupiens
1552 2928 1769 3004 varia
1818 2928 2131 3005 fastidia
2154 2936 2159 2939 ’
2182 2953 2371 3003 cena

478 3157 590 3212 Cic.
612 3157 682 3212 de
702 3158 850 3229 legg.
880 3159 953 3226 11,
975 3160 1034 3213 8:
1075 3159 1410 3229 „certasque
1433 3158 1626 3229 fruges

475 3234 768 3299 certasque
819 3231 982 3285 bacas
1031 3231 1344 3286 sacerdotes
1401 3230 1627 3300 publice

475 3301 743 3355 libanto.“
819 3302 939 3356 Alii
987 3304 1434 3372 interpretantur
1465 3302 1627 3372 dequ-

475 3377 668 3435 statas,
705 3374 972 3443 reliquias
1008 3390 1180 3428 cenae
1223 3375 1626 3444 intellegentes.

479 3472 542 3483 —
567 3445 753 3528 prout]
793 3446 1336 3529 monosyllabum.—
1365 3446 1627 3514 inaequa-

475 3514 574 3584 los]
613 3516 730 3571 sive
756 3518 1013 3585 maiores,
1037 3518 1158 3573 sive
1175 3518 1416 3571 minores
1421 3520 1629 3586 ,prout

477 3588 678 3656 cuique
711 3588 890 3643 libido
923 3593 1023 3644 est.
1077 3590 1148 3643 cf.
1187 3588 1299 3643 Sat.
1339 3588 1409 3654 ΙΙ,
1447 3592 1500 3658 8,
1537 3589 1628 3642 35.

478 3686 545 3699 --
601 3660 810 3743 leyibus
867 3661 1110 3745 insanis]
1174 3628 1428 3728 bibendi,
1489 3676 1627 3729 quas

476 3747 948 3871 ’.ξίἴέᾜῖἰξέῗθ
963 3732 1232 3859 '⁰¹:333‘
1251 3730 1518 3857 tm}
1558 3732 1627 3841 ,³¹3

477 3874 1146 3941 acriajvideadcarm.
1183 3875 1398 3943 111‚19,
1433 3877 1516 3928 11.
1554 3874 1625 3929 cf.

477 3945 592 3999 Sat.
638 3945 710 4014 11,
751 3947 802 4013 8,
852 3950 938 4001 86.
997 3976 1060 3987 ·-
1119 3946 1316 4017 Lepos]
1373 3947 1628 4014 saltator,

477 3984 836 4071 archimimus
873 4018 1096 4073 Caesari
1131 4022 1455 4101 3661.ηεῖ-
1503 4016 1627 4073 Ger-

477 4086 620 4155 vius]
676 4088 784 4142 Hie
835 4095 894 4145 et
947 4090 1194 4144 Arellius
1240 4090 1412 4145 vicini
1469 4093 1630 4143 erant

479 4158 702 4213 Horatii
738 4161 796 4213 in
817 4160 1054 4216 Sabinis.
1088 4192 1160 4202 —
1193 4161 1388 4232 aniles]
1427 4179 1496 4215 ex
1533 4180 1627 4214 nu-

477 4231 682 4285 tricum
719 4234 1138 4287 narrationibus
1167 4238 1344 4287 notas.
1376 4262 1436 4273 -
1462 4248 1530 4287 ex
1552 4232 1629 4300 re]

479 4318 621 4369 quac
657 4320 795 4371 rem,
835 4304 906 4358 de
953 4322 1064 4373 qua
1109 4309 1195 4359 est
1231 4304 1628 4366 confabulatio,

475 4373 620 4427 bene
651 4374 956 4430 illustrant.

549 4444 615 4497 V.
661 4446 748 4498 80.
811 4445 970 4513 Olim]
1025 4448 1117 4501 Sic
1155 4462 1322 4515 saepe
1356 4446 1415 4499 in
1453 4446 1631 4500 initiis

479 4514 820 4581 fabularum3
853 4517 1630 4585 ef.Phaed1-.111,2,2.17,1.

481 4586 562 4641 616
615 4592 892 4643 nostrates
949 4606 1040 4661 „cs
1093 4606 1212 4645 war
1267 4556 1504 4645 e’inmal“
1574 4594 1633 4645 et

1722 3159 1921 3215 Graeci
1962 3152 2031 3225 ἦν
2064 3178 2214 3215 ποτε.
2254 3160 2471 3215 Fabula
2502 3164 2693 3215 autem
2730 3161 2883 3215 inter

1720 3232 1927 3300 Aesopi
1964 3233 2246 3301 reperitur
2276 3232 2394 3300 121,
2432 3232 2583 3301 apud
2606 3231 2881 3287 Babrium

1729 3304 1852 3357 108·
1902 3304 2171 3357 tractavit
2206 3304 2377 3359 etiam
2419 3309 2591 3372 poeta
2624 3322 2881 3387 graecus,

1720 3375 1879 3429 cuius
1935 3374 2034 3429 hos
2090 3392 2283 3429 versus
2342 3374 2543 3429 Suidas
2598 3376 2883 3431 servavit.

1724 3448 1930 3513 „Semo
1954 3445 2088 3535 μετ’
2122 3441 2435 3510 ἀλλήλοισιν
2470 3448 2788 3534 ἑταιρείην
2782 3442 2883 3500 αὖε

1720 3513 1873 3580 doum,
1896 3524 1975 3573 Ου
1985 3516 2237 3600 καθομὰ
2272 3512 2514 3585 ζώοντες,
2542 3538 2575 3571 o
2546 3514 2760 3643 “sah
2740 3518 2881 3571 κατὰ

1722 3587 1870 3643 νειὸν
1906 3584 2117 3677 ἐρήμην
2145 3588 2448 3661 'Eros‘cpe-W,
2488 3588 2551 3648 ὃς
2624 3584 2885 3674 {chiper-

1722 3676 1814 3715 σιν
1856 3663 1917 3716 ἐν
1962 3658 2211 3733 ἀφνειῶν
2252 3663 2469 3731 φάρε’
2512 3657 2625 3715 ἂνδ
2622 3661 2757 3730 ρῶν.
2816 3692 2881 3701 -

1720 3749 1925 3787 murem
1956 3733 2097 3803 mus]
2146 3732 2313 3788 Vides
2349 3733 2437 3787 bis
2472 3733 2701 3803 (murem
2742 3749 2884 3799 nus,

1720 3810 1941 3860 veterem
1978 3804 2152 3875 vetus)
2197 3806 2279 3859 ita
2325 3804 2667 3874 disposuisse
2702 3804 2881 3859 Hora-

1722 3876 1867 3929 tium
1903 3877 2093 3940 verba,
2126 3882 2192 3930 ut
2226 3876 2476 3930 eiusdem
2520 3876 2769 3931 nominis
2802 3875 2885 3929 di-

1723 3964 1917 4002 versae
1964 3948 2179 4003 formae
2228 3948 2409 4002 altera
2456 3948 2699 4003 alteram
2734 3948 2885 4002 exci-

1724 4024 1915 4087 peret3
1956 4019 2017 4074 id
2051 4020 2203 4088 quod
2238 4018 2507 4073 amabant
2542 4019 2711 4073 latini
2746 4020 2885 4073 suri·

1721 4094 1929 4159 ptores.
1988 4120 2054 4129 —
2114 4092 2318 4159 artum]
2354 4096 2731 4157 contractum,
2780 4092 2884 4144 ita-

1722 4178 1833 4287 33?
1854 4178 2125 4288 3323&
2142 4160 2884 4302 {xsseuzfflnffioffihssssssa

1722 4308 1927 4359 vocant
1961 4305 2231 4374 hospitiis.
2296 4306 2367 4359 cf.
2404 4306 2588 4374 Epist.
2626 4305 2673 4371 I,
2707 4306 2759 4366 7,
2800 4306 2885 4358 91.

1722 4375 1793 4437 11,
1844 4380 1892 4438 1,
1949 4378 2065 4430 172.
2130 4406 2198 4415 —-
2254 4376 2459 4431 invidit
2512 4375 2738 4445 amm]
2796 4375 2887 4430 Sic

1722 4446 1921 4501 Graeci
1994 4453 2234 4518 φθονεῖν
2292 4454 2402 4501 τινί
2458 4465 2619 4506 τινος.
2696 4447 2885 4501 Aliam

1724 4534 1855 4572 vere
1874 4518 2192 4573 Romanam
2208 4520 2685 4575 constructionem
2712 4518 2887 4573 habet

1730 4590 1996 4647 Horatius
2032 4590 2147 4648 Sat.
2184 4592 2229 4661 1,
2268 4592 2319 4657 6,
2354 4592 2443 4647 50.
2490 4590 2675 4663 Epist,
2714 4590 2761 4659 1,
2804 4592 2889 4653 14,
