3092 5059
1032 237 1388 306 GARMEN
1430 236 1959 306 SAEGULARE.

2567 243 2692 308 335

690 423 1013 525 Semper
1059 439 1136 502 et
1173 423 1379 521 culti,
1423 425 1600 502 date
1636 450 1837 524 quae
1886 451 2294 527 precamur

821 613 826 618 .
892 550 1278 649 Tempore
1329 575 1571 646 taem,

291 790 444 846 facta
481 795 540 844 et
573 790 812 846 recitata
856 808 990 857 esse,
1045 789 1248 845 deinde
1301 807 1446 859 cum,

333 880 438 917 uae
471 863 644 917 tertio
685 862 776 916 die
813 862 1158 917 canebantur
1197 861 1446 916 carmina

344 951 503 988 raeca
526 939 584 988 et
607 934 832 1002 Latina,
859 935 1156 989 videantur
1179 933 1292 988 alia
1329 950 1448 989 esse

295 1006 610 1074 antiquitus
647 1009 876 1075 accepta
924 1011 981 1061 et
1026 1005 1288 1074 religiose
1334 1021 1447 1058 ser-

293 1083 445 1146 vata,
473 1078 748 1132 Dumtm
772 1077 1047 1132 conclusit
1073 1076 1447 1132 Horatianum

292 1166 518 1204 carmen
552 1149 738 1218 prima
782 1149 895 1202 iam
942 1153 1105 1204 nocte
1155 1149 1216 1202 ιιι
1253 1165 1374 1202 eam
1413 1165 1447 1202 o

291 1220 502 1275 Martio
543 1239 576 1274 a
610 1220 781 1274 choro
819 1237 936 1274 esse
972 1221 1288 1275 recitatum.
1403 1221 1446 1273 ι-

291 1293 498 1348 dentur
561 1296 749 1346 autem
809 1296 1023 1362 septem
1087 1291 1175 1346 illi
1237 1297 1298 1346 et
1367 1292 1445 1345 vi-

1537 789 1687 861 ginti
1724 791 1888 860 pueri
1922 791 2105 847 tribus
2150 792 2442 848 ordinibus
2483 792 2691 848 instru-

1539 863 1617 916 cti
1655 863 1843 931 fuisse,
1890 864 2237 932 totidemque
2282 864 2575 920 ordinibus
2612 881 2692 919 se-

1539 938 1695 1004 ptem
1754 939 1811 988 et
1865 935 2072 1006 viginti
2130 936 2367 1006 puellae.
2440 936 2512 991 cf.
2567 936 2693 991 Liv.

1539 1005 1771 1074 XXVII,
1809 1007 1897 1060 37.
1959 1005 2162 1076 XXXI,
2208 1010 2294 1062 12.
2364 1009 2557 1077 Atque
2604 1009 2687 1062 in-

1539 1081 1629 1133 ter
1665 1077 1764 1132 hos
1802 1078 1941 1132 duos
1980 1079 2175 1134 choros
2201 1080 2464 1137 carminis
2506 1096 2691 1134 saecu-

1539 1149 1674 1203 laris
1712 1149 1971 1219 strophas
2006 1150 2113 1204 hoc
2148 1151 2314 1205 modo
2358 1152 2693 1206 distribuen-

1541 1220 1641 1274 das
1680 1237 1797 1276 esse
1831 1221 2045 1276 Steiner
2087 1221 2325 1277 censuit:

1091 1362 1335 1433 Stropha
1388 1367 1412 1416 1
1471 1367 1528 1416 et
1575 1363 1609 1415 2
1648 1362 1897 1432 proodus

1129 1435 1308 1489 iuneti
1342 1435 1504 1504 pueri
1542 1439 1601 1489 et
1636 1435 1860 1504 puellae

293 1505 404 1561 Str.
443 1508 478 1561 8
514 1505 677 1576 pueri
711 1534 785 1546 —
823 1507 858 1558 4
891 1506 1114 1576 puellae

1802 1505 1914 1561 Str.
1954 1509 2025 1561 10
2057 1505 2219 1576 pueri
2256 1535 2321 1548 —
2363 1511 2427 1562 11
2469 1508 2689 1578 puellae

1255 1577 1364 1634 Str.
1399 1579 1434 1632 9
1469 1577 1729 1634 mesodus

493 1651 527 1703 5
562 1648 725 1719 pueri
765 1678 831 1688 —
870 1650 906 1702 6
941 1649 1166 1719 puellae

1964 1651 2027 1703 12
2062 1650 2224 1720 pueri
2258 1679 2329 1690 -
2369 1653 2435 1704 13
2472 1651 2695 1720 puellae

1237 1737 1318 1775 vs.
1361 1723 1388 1774 1
1433 1725 1492 1776 et
1527 1723 1563 1774 2
1600 1722 1763 1791 pueri

1205 1809 1288 1846 vs.
1326 1793 1360 1846 3
1399 1797 1456 1847 et
1491 1793 1526 1845 4
1561 1794 1781 1862 puellae

492 1866 525 1918 7
563 1864 727 1934 pueri
765 1893 830 1904 -
868 1867 902 1919 8
937 1864 1157 1934 puellae
1191 1935 1304 1990 Su·

1960 1866 2028 1917 14
2062 1864 2225 1934 pueri
2263 1893 2331 1904 —
2370 1866 2437 1918 15
2473 1864 2695 1934 puellae

1345 1935 1555 1989 16-19
1592 1937 1806 2006 epodus

1125 2007 1304 2062 innoti
1337 2007 1502 2076 pueri
1539 2013 1598 2062 et
1632 2008 1871 2078 puellae.

297 2077 404 2146 Qui
460 2077 600 2132 ordo
655 2078 835 2132 multo
891 2082 977 2133 est
1035 2079 1158 2133 veri
1211 2078 1450 2133 similior

297 2167 466 2218 quam
506 2149 603 2218 qui
658 2150 785 2205 aliis
817 2150 1032 2219 placuit
1077 2151 1280 2219 puellis
1314 2167 1447 2220 pue-

227 2283 234 2295 ·
294 2222 484 2290 risque
504 2221 1087 2289 Quindecimvirorum
1113 2222 1282 2276 etiam
1321 2222 1446 2277 cho-

295 2310 422 2347 rum
457 2293 916 2349 immiscentibus.
986 2293 1208 2348 Puellas
1245 2313 1280 2350 a
1315 2311 1447 2363 pue·

293 2381 490 2419 rorum
546 2365 733 2419 choris
791 2366 1066 2420 seiunctas
1120 2365 1290 2420 fuisse
1351 2383 1443 2434 pa-

243 2502 250 2511 ,
294 2441 380 2491 tet
416 2437 776 2492 ex‘versibus
814 2436 1102 2506 Sibyllinis
1157 2437 1306 2507 apud
1343 2437 1445 2490 Zo-

295 2508 416 2562 sim.
466 2507 598 2574 1.1.‚
646 2525 776 2561 nam
821 2526 872 2563 v.
923 2510 996 2562 20
1049 2509 1130 2562 sic
1185 2509 1444 2579 legimus:

227 2570 324 2711 i„
298 2583 499 2650 „xwplc
546 2548 608 2632 (5⁹3
657 2573 814 2648 κόραι
845 2577 1024 2664 χορὸν
1067 2576 1223 2633 αὐταὶ
1268 2582 1450 2681 εχοιεν

225 2714 230 2725 ⁵
298 2656 410 2704 Καὶ
463 2655 633 2722 χωρὶς
681 2652 901 2704 παίδων
955 2645 1134 2722 ἅρσην
1192 2653 1428 2722 στιιιχυς.ι

295 2721 447 2776 Bene
499 2727 686 2777 autem
725 2721 962 2777 Iahnius
1000 2723 1072 2777 ad
1109 2723 1272 2778 Ver.
1314 2723 1446 2778 Buc-

295 2797 349 2860 4,
393 2797 480 2848 10·
547 2793 734 2862 „Fuit‚
780 2794 984 2863 inquit,
1021 2796 1172 2865 apud
1257 2813 1448 2850 raecos

295 2865 528 2936 vulgata
571 2870 739 2935 atque
785 2885 819 2920 a
869 2867 1215 2936 philosophis
1262 2866 1448 2921 Plato·

295 2937 436 2992 niois
508 2936 822 3006 Stoicisque
903 2940 1146 2993 maxime
1226 2940 1449 2994 exculta

295 3009 487 3078 opinio
549 3009 618 3064 de
672 3026 880 3079 magno
940 3027 1086 3064 anno
1147 3011 1447 3078 mundano,

296 3085 418 3134 tum
453 3080 678 3134 demum
712 3081 964 3151 implete,
1001 3099 1128 3136 cum
1161 3083 1349 3136 omnia
1378 3082 1447 3135 si·

297 3151 436 3206 dera
507 3153 566 3205 in
637 3157 796 3206 ortus
863 3169 991 3206 suos
1065 3153 1318 3208 redirent
1391 3158 1450 3207 et

299 3223 548 3278 omnium
583 3241 770 3278 rerum
808 3218 1182 3282 ἀνακύκλωσις
1217 3230 1273 3280 et
1311 3221 1447 3278 ἀπο-

295 3290 627 3354 κατάστασις
647 3295 840 3349 futura
865 3302 1026 3350 esset.
1064 3296 1278 3350 Eadem
1296 3296 1450 3350 fama

297 3367 468 3422 etiam
525 3366 672 3420 inter
724 3367 996 3421 Etruscos
1051 3373 1110 3422 et
1164 3368 1448 3422 Romanos

295 3437 432 3500 fuit,
487 3436 584 3490 ubi
632 3437 692 3491 in
737 3438 899 3493 libris
941 3439 1242 3496 ritualibus
1279 3439 1449 3494 Etru·

297 3526 516 3564 acorum
556 3513 614 3564 et
647 3509 1030 3593 Romanorum
1076 3510 1236 3565 libris
1273 3511 1450 3580 Sibyl-

297 3580 426 3634 linis
484 3579 580 3634 ille
638 3599 816 3636 annus
875 3582 935 3636 in
989 3583 1182 3637 decem
1237 3599 1450 3637 menses

297 3669 529 3722 magnos
572 3653 692 3707 sive
737 3654 960 3708 saecula
1003 3654 1232 3720 divisus,
1268 3671 1451 3723 neque

296 3728 486 3778 tamen
522 3741 715 3778 eorum
749 3726 1024 3780 mensium
1059 3725 1355 3797 longitudo
1393 3729 1451 3781 et

299 3796 481 3850 exitus
527 3796 696 3850 certis
745 3795 950 3850 finibus
996 3797 1450 3881 circumscriptus

297 3872 439 3936 erat,
489 3867 588 3921 sed
632 3869 910 3937 portentis
948 3869 1220 3924 divinitus
1266 3869 1450 3924 missis

297 3939 472 3994 indici
509 3939 860 3994 credebatur.
925 3940 1084 3995 Unde
1121 3943 1294 3996 etiam
1330 3940 1450 3995 ludi

298 4012 606 4066 saeculares
663 4011 813 4081 apud
872 4011 1152 4067 Romanos
1215 4013 1450 4068 diversis

297 4082 614 4137 intervallis
659 4083 910 4137 instituti
951 4089 1098 4138 sunt·
1173 4085 1240 4138 In
1288 4084 1450 4138 libris

297 4153 586 4236 Sibyllinis
642 4159 934 4224 praeterea
987 4156 1260 4224 seriptum
1312 4160 1450 4220 erat,

298 4225 423 4294 quis
461 4243 682 4294 quoque
717 4243 908 4282 mense
955 4226 1261 4296 imperaret
1296 4227 1450 4282 deus.

297 4295 490 4352 Primo
525 4297 703 4352 mensi
740 4297 1010 4351 Saturnus
1053 4304 1331 4368 praeerat,
1368 4299 1450 4352 ul·

299 4369 470 4423 timus
526 4369 643 4423 Soli
695 4369 814 4423 sive
859 4369 1114 4438 Apollini
1167 4369 1450 4425 tribueba-

297 4445 411 4494 tur.
504 4439 828 4509 Apollinem
877 4442 1242 4509 praecessisse
1296 4441 1451 4496 vide-

299 4516 394 4566 tur
431 4512 636 4578 Diana,
681 4512 770 4566 cui
807 4511 976 4566 etiam
1013 4513 1076 4568 in
1109 4513 1266 4568 civili
1305 4531 1452 4568 anno

301 4583 502 4638 mensis
527 4583 844 4638 November
878 4600 1034 4639 sacer
1069 4589 1206 4640 erat.
1250 4584 1450 4653 Quam·

1541 2080 1738 2134 obrem
1773 2080 1833 2134 in
1869 2078 2093 2133 Horatii
2132 2077 2379 2134 carmine
2420 2078 2695 2134 saeculari

1541 2151 1749 2221 Apollo
1810 2156 1869 2205 et
1922 2150 2107 2204 Diana
2160 2166 2298 2219 prae
2354 2150 2553 2204 ceteris
2605 2149 2693 2204 dis

1541 2223 1813 2278 celebrati
1866 2226 2013 2275 sunt.
2101 2221 2341 2276 Romani
2397 2238 2531 2276 vero
2590 2221 2696 2276 hoc

1541 2294 1663 2364 ipso
1702 2299 1958 2365 tempore
2003 2293 2222 2348 saeculo
2262 2291 2477 2347 decimo
2520 2309 2579 2346 se
2614 2294 2695 2346 vi·

1542 2384 1675 2421 vere
1710 2369 2069 2436 putaverunt
2134 2364 2364 2419 Etenim
2401 2382 2529 2419 cum
2567 2369 2697 2434 post

1541 2443 1783 2492 mortem
1822 2437 1879 2491 C.
1918 2437 2047 2490 Iulii
2087 2437 2339 2491 Caesaris
2387 2435 2553 2490 stella
2589 2436 2693 2490 cri-

1540 2510 1667 2566 nita
1702 2509 2071 2579 apparuisset,
2091 2507 2376 2562 Volcatius
2416 2508 2696 2590 haruspex

1540 2581 1691 2635 hune
1760 2584 2035 2635 cometam
2104 2577 2420 2650 significare
2481 2580 2694 2633 exitum

1541 2651 1753 2707 saeculi
1787 2652 1921 2706 noni
1959 2656 2018 2706 et
2051 2651 2367 2721 ingressum
2396 2651 2598 2705 decimi
2636 2652 2697 2704 in

1542 2725 1802 2779 contione
1837 2723 2035 2776 dixitf‘
2074 2721 2195 2776 Hac
2226 2721 2377 2776 fama
2413 2740 2543 2776 usus
2579 2724 2695 2777 Au·

1539 2801 1757 2866 gustus,
1795 2800 1859 2849 ut
1886 2811 1945 2848 se
1980 2811 2252 2863 suumque
2274 2794 2573 2863 imperium
2596 2811 2694 2864 po-

1541 2867 1674 2936 pulo
1728 2865 2160 2932 commendaret,
2217 2870 2275 2920 et
2309 2867 2591 2935 Apollinis
2637 2883 2695 2920 se

1540 2939 1722 2993 filium
1771 2955 1889 2992 esse
1923 2905 2293 3008 gloriabatur,
2343 2943 2401 2992 et
2438 2937 2697 3007 Apollini

1541 3010 1817 3080 templum
1862 3007 2197 3076 aedificavit,
2252 3008 2545 3077 eidemque
2591 3008 2695 3064 deo

1539 3087 1601 3146 ‚et
1646 3083 1862 3136 Dianae
1910 3097 2153 3137 summos
2202 3080 2265 3134 in
2318 3080 2696 3135 saecularibus

1541 3153 1690 3207 ludis
1724 3153 1963 3206 honores
2000 3151 2281 3207 attribuit.
2350 3151 2495 3206 Nam
2530 3156 2698 3206 antea

1542 3225 1604 3278 hi
1641 3225 1759 3278 ludi
1796 3224 2035 3278 maxime
2068 3223 2267 3277 inferis
2291 3223 2399 3277 diis
2425 3223 2699 3278 celebrari

1543 3297 1813 3351 solebant.
1878 3295 2233 3364 Quapropter
2268 3294 2539 3348 Horatius
2578 3312 2695 3349 car—

1542 3385 1671 3422 men
1722 3385 1883 3421 suum
1923 3367 2007 3420 ita
2048 3366 2315 3435 instituit,
2360 3370 2425 3419 ut
2463 3384 2531 3421 ex
2569 3383 2696 3422 oon·

1543 3440 1669 3494 silio
1726 3438 1969 3509 Augusti
2022 3437 2227 3507 Apollo
2286 3443 2344 3493 et
2394 3437 2576 3493 Diana
2632 3442 2699 3492 ut

1543 3511 1625 3566 dii
1668 3511 1937 3566 tutelares
1982 3509 2177 3578 populi
2215 3509 2457 3564 Romani
2502 3510 2695 3564 lauda-

1543 3588 1756 3637 rentur.
1814 3583 1883 3636 cf.
1922 3582 2102 3635 Carm.
2140 3579 2238 3649 IV,
2274 3583 2325 3634 6.
2398 3581 2697 3636 Praeterea

1544 3654 1639 3709 Sol
1675 3659 1732 3708 et
1768 3653 1934 3708 Luna
1969 3653 2113 3707 aeris
2163 3653 2402 3707 salubris
2440 3658 2497 3706 et
2534 3671 2696 3722 agro·

1542 3744 1671 3781 rum
1708 3724 2027 3780 fertilitatis
2062 3725 2286 3778 datores
2326 3729 2488 3778 erant
2530 3729 2591 3780 et
2626 3725 2698 3780 ad

1541 3802 1760 3869 pestem
1806 3797 2027 3865 aliaque
2078 3797 2229 3850 mala
2272 3797 2697 3878 averruncanda

1546 3869 1999 3940 praesentissima
2053 3867 2405 3922 habebantur
2448 3867 2697 3922 numina.

1543 3941 1646 3997 efr.
1687 3941 1871 3995 Carm.
1906 3940 1949 4004 Ι,
1989 3941 2075 3994 21.

1616 4012 1681 4066 V.
1706 4015 1752 4066 1.
1794 4011 2016 4080 Phoebe]
2058 4010 2128 4066 cf.
2171 4010 2352 4065 Carm.
2388 4010 2433 4078 1,
2470 4011 2558 4063 21.
2595 4009 2700 4077 111,

1545 4085 1635 4152 22,
1674 4088 1721 4139 1.
1756 4113 1829 4124 -
1868 4083 2043 4152 decus]
2084 4081 2397 4153 Singularis
2432 4098 2697 4135 numerus

1542 4155 1615 4210 de
1660 4154 1897 4226 geminis
1948 4154 2268 4208 numinibus
2316 4152 2697 4221 Latoidarum,

1543 4232 1611 4282 ut
1667 4227 1846 4281 Carm.
1905 4225 2002 4294 IV,
2052 4228 2104 4292 8,
2154 4227 2239 4279 31.
2300 4253 2365 4264 -
2436 4223 2701 4294 Sibyllini

1545 4299 1753 4367 versus]
1811 4297 1885 4352 Hi
1932 4298 2055 4366 ipso
2100 4297 2349 4352 carmine
2396 4297 2701 4352 memorari

1543 4369 1843 4434 debebant,
1910 4370 2043 4438 quia
2104 4385 2299 4423 eorum
2358 4368 2697 4423 auctoritate

1545 4440 1747 4496 duetus
1791 4409 2080 4510 A'ugustus
2134 4438 2297 4493 ludos
2350 4439 2559 4494 habere
2614 4438 2696 4493 di-

1547 4512 1795 4568 cebatur.
1844 4541 1911 4551 -
1948 4510 2133 4581 lectas]
2169 4511 2301 4565 vide
2335 4509 2544 4565 Zosimi
2582 4511 2618 4565 1.
2657 4512 2697 4567 l.

1545 4584 1723 4640 Recte
1755 4588 1944 4639 autem
1966 4583 2325 4638 observatum
2352 4587 2457 4653 est,
2480 4587 2697 4639 utrum·
