3092 5059
882 226 1044 293 LIB.
1092 226 1145 291 Ι.
1192 224 1445 292 GARM.
1486 223 1732 293 XXVI.
1781 222 2058 291 XXVII.

593 446 645 485 ιο
682 412 1016 488 Prosunt
1064 410 1435 487 honores:
1488 407 1696 483 hunc
1731 406 2010 483 fidibus
2057 408 2301 505 novis,

778 537 1011 612 Hunc
1062 534 1346 611 Lesbio
1399 558 1704 609 sacrare
1753 532 2047 632 plectro

876 662 1141 763 Teque
1194 672 1518 759 tuasque
1571 657 1796 735 decet
1843 683 2170 737 sorores.
2223 714 2232 723 ·

1092 979 1475 1068 GARMEN
1538 980 1872 1067 XXVII.

673 1149 891 1225 Natis
943 1149 1023 1225 in
1074 1175 1297 1224 usum
1342 1147 1682 1224 laetitiae
1735 1146 2041 1247 scyphis

677 1274 1039 1372 Pugnare
1081 1273 1469 1350 Thracum
1520 1285 1671 1349 est:
1723 1271 1974 1348 tollite
2032 1272 2443 1348 barbarum

772 1400 1093 1495 Morem,
1150 1396 1834 1497 verecundumque
1878 1396 2266 1473 Bacchum

868 1520 1326 1621 Sanguineis
1378 1521 1784 1621 prohibete
1838 1520 2037 1596 rixis.

611 1708 637 1748 ιε
674 1673 872 1789 §Iino
925 1686 999 1749 et
1050 1672 1386 1750 lucernis
1433 1672 1711 1747 Medus
1759 1672 2103 1748 acinaces

670 1797 1019 1875 Immane
1073 1811 1442 1897 quantum
1498 1796 1920 1895 discrepat3
1972 1798 2298 1896 impium

246 2015 401 2087 plen]
446 2017 748 2087 Πίμπλεια
802 2020 888 2071 est
940 2032 1099 2072 mons
1146 2016 1423 2072 Thraciae

256 2104 387 2143 cum
422 2086 587 2142 fonte
624 2086 800 2142 Musis
838 2105 1015 2143 sacro·
1088 2090 1139 2143 A
1174 2106 1285 2158 quo
1323 2105 1418 2142 no-

258 2159 413 2213 mine
457 2158 702 2214 latinum
762 2159 829 2214 fit
884 2159 1222 2214 adiectivum
1273 2158 1423 2215 Pim-

250 2230 432 2300 pleia,
468 2236 534 2285 ut
576 2230 729 2300 apud
768 2231 1195 2299 Catu11.105,1·
1238 2231 1419 2301 „Pim-

259 2303 455 2371 pleum
502 2301 771 2357 scandere
823 2307 1087 2358 montem.
1089 2304 1123 2333 “
1180 2332 1245 2341 —
1291 2318 1423 2373 pro-

266 2372 425 2442 sunt]
462 2372 557 2429 Sic
576 2373 813 2443 plurimi
838 2374 1075 2443 codices,
1104 2374 1273 2445 pauci
1292 2390 1421 2445 pos-

262 2450 413 2499 sunt.
479 2444 799 2515 Utrumque
843 2447 985 2501 bens
1034 2447 1267 2516 dicitur3
1326 2446 1424 2501 sed

262 2516 559 2586 praevalet
598 2516 849 2572 codicum
886 2518 1303 2575 auctoritas.-
1332 2518 1423 2573 ho·

262 2587 448 2656 nores]
483 2592 616 2643 sunt
653 2590 903 2645 carmina
942 2591 1145 2659 quibus
1181 2591 1421 2645 honores

264 2658 614 2715 tribuuntur.
654 2660 725 2714 cf.
764 2661 944 2716 Carm
982 2662 1077 2729 IV,
1100 2664 1155 2732 9,
1190 2663 1419 2716 25—30.

264 2760 337 2771 --
363 2730 527 2815 hunc]
552 2730 745 2787 Facile
778 2733 1131 2805 intellegitur
1167 2734 1422 2789 Lamiam

261 2800 852 2931 ἓῖιῗέἂξῗιὲἶῗῗ-
840 2806 1421 2932 (Ιιῗὲηἷὶῗῖζῖῖῑὲἱῗὲ

261 2949 400 3001 sunt
454 2946 807 3002 includenda.
865 2976 932 2987 —-
984 2946 1185 3015 fidibus
1243 2946 1421 3021 novis]

260 3034 415 3072 novo
447 3018 711 3086 carmine,
744 3019 851 3087 lym
838 3019 937 3085 ’,co
973 3037 1101 3075 nam
1181 3020 1420 3075 lectrum

264 3086 535 3145 Lesbium
573 3094 675 3145 est.
738 3090 1031 3147 cf.Ca1-m.
1156 3094 1319 3161 ,,-30
1338 3094 1421 3145 13.

264 3191 335 3200 -
372 3176 593 3217 sacrare
656 3166 933 3246 perpetuo
976 3162 1189 3219 honore
1241 3163 1419 3219 extol-

260 3234 403 3302 lere,
456 3238 519 3287 ut
616 3232 746 3303 pist.
792 3234 875 3303 11,
918 3238 973 3301 1,
1011 3237 1095 3289 49.
1184 3235 1421 3305 „Versus

262 3321 467 3431 mm
528 3306 795 3360 concinne
815 3275 1209 3448 lfftmlssosim„
1245 3307 1421 3433 (llilunc

416 3394 471 3430 ιο
518 3392 739 3431 sacrare
927 3396 991 3433 ro
1064 3396 1155 3433 cui
1200 3398 1279 3433 nu
1326 3396 1421 3433 um

262 3448 439 3503 alium
475 3447 715 3503 similem
757 3394 1267 3518 rln’eperian.0u1tis
1306 3450 1419 3507 Ho-

262 3518 401 3574 ratii
440 3519 671 3573 auribus
706 3519 766 3574 in
802 3526 1007 3591 quarta
1044 3522 1213 3577 huius
1250 3523 1417 3577 versi-

263 3590 379 3647 culi
416 3590 632 3658 syllaba
656 3592 912 3648 desinens
937 3594 1269 3649 vocabulum
1306 3612 1421 3649 non

262 3662 403 3717 satis
449 3661 696 3717 faciebat
732 3664 842 3719 nisi
879 3665 937 3719 id
974 3666 1421 3737 monosyllabum

264 3738 429 3789 esset.
505 3732 856 3790 Vocabulum
913 3734 1134 3808 longius
1192 3742 1420 3807 praeter

265 3804 631 3861 huncLesbio
666 3808 857 3863 inveni
897 3808 1085 3877 semel,
1120 3808 1194 3873 11,
1215 3812 1267 3877 3,
1292 3810 1415 3863 27.“

262 3876 609 3931 Lachmann.
631 3878 781 3947 apud
800 3878 1070 3950 Frankp
1072 3882 1229 3935 .239.
1263 3880 1419 3936 Com·

262 3966 406 4019 para
442 3965 635 4003 versus
674 3948 855 4005 Carm.
893 3950 937 4020 1,
976 3952 1027 4015 9,
1032 3898 1151 4007 Ρ15.
1194 3955 1276 4006 19.
1335 3952 1417 4021 16,

262 3994 1420 4095 23.17,15.,.29731,7.15..1934,

270 4092 699 4159 7.15.37,15.
744 4094 809 4146 19
845 4094 1003 4149 alios.

578 4204 858 4259 Carmen
897 4204 1125 4260 XXVII.

338 4299 419 4355 Ut
464 4316 614 4355 nono
660 4302 905 4357 carmine
952 4302 1117 4357 huius
1160 4302 1294 4359 libri
1340 4304 1420 4359 sic

260 4374 372 4427 hoc
410 4372 570 4442 quasi
606 4374 668 4427 in
705 4374 951 4429 medium
988 4374 1309 4429 convivium
1346 4376 1418 4431 ab

262 4442 505 4501 Horatio
544 4448 603 4499 et
639 4446 833 4500 amicis
878 4446 1221 4503 celebratum
1266 4447 1418 4502 duci·

260 4531 407 4571 mur.
484 4512 571 4569 Ibi
621 4515 925 4571 fervidiore
960 4517 1203 4572 Falerno
1249 4510 1421 4574 calidi

257 4587 401 4645 facti
440 4586 655 4643 sodales
692 4606 727 4643 a
770 4588 971 4661 iurgiis
1002 4589 1075 4645 ad
1112 4590 1419 4647 certamina

1522 2018 1926 2085 prorumpunt3
1987 2012 2174 2086 surgit
2229 2014 2517 2085 Horatius,
2579 2016 2678 2085 qui

1524 2086 1944 2141 vehementiore
1966 2087 2100 2143 vino
2137 2086 2490 2141 abstinuerat
2523 2086 2678 2155 (vide

1524 2176 1579 2212 v.
1599 2158 1674 2227 9),
1711 2162 2049 2227 revocatque
2086 2157 2302 2213 sodales
2328 2158 2401 2212 ad
2423 2157 2676 2214 modera-

1524 2230 1737 2285 tionem
1791 2234 1850 2284 et
1903 2229 2224 2285 amicitiam.
2299 2230 2560 2300 Pugnare
2617 2231 2678 2285 in

1524 2301 1796 2357 conviviis
1831 2304 1888 2355 et
1921 2302 2125 2370 pocula
2161 2302 2221 2355 in
2257 2318 2414 2356 arma
2451 2318 2678 2357 conver·

1522 2378 1646 2428 tere
1688 2373 2064 2429 barbarorum
2111 2377 2168 2428 et
2209 2374 2456 2429 ferorum
2501 2373 2677 2428 homi-

1522 2462 1657 2499 num
1679 2446 1754 2508 (v.
1775 2446 1825 2499 2.
1849 2444 1921 2517 5),
1945 2462 2060 2499 non
2080 2444 2464 2500 Romanorum
2485 2449 2544 2500 et
2561 2446 2675 2500 cul-

1521 2520 1714 2573 torum
1751 2534 1868 2572 esse
1905 2516 2064 2583 dicit,
2099 2520 2221 2571 tum
2255 2515 2390 2571 inde
2427 2535 2462 2572 a
2505 2518 2678 2573 tertia

1523 2588 1776 2658 stropha,
1813 2592 2111 2658 postquam
2162 2587 2378 2643 duabus
2427 2590 2676 2658 superio·

1520 2661 1680 2715 ribus
1727 2676 1890 2716 aures
1935 2665 1992 2715 ct
2041 2659 2256 2715 animos
2312 2661 2562 2716 omnium
2617 2662 2677 2715 in

1522 2750 1582 2787 se
1629 2750 1840 2802 suaque
1883 2732 2055 2787 verba
2100 2732 2396 2798 convertit,
2445 2750 2558 2801 quo
2593 2730 2675 2788 fa-

1523 2803 1686 2859 cilius
1753 2804 2022 2859 convivas
2077 2802 2195 2858 irae
2251 2803 2675 2873 obliviscantur,

1522 2876 1712 2931 subito
1751 2876 1922 2930 aliam
1947 2892 2066 2931 rem
2101 2874 2278 2930 obicit
2311 2873 2468 2930 rixae
2505 2875 2676 2945 plane

1522 2946 1866 3002 contrariam
1912 2963 2147 3015 eamque
2182 2947 2265 3003 ita
2303 2946 2571 3010 instituit,
2609 2951 2675 3002 ut

1520 3036 1626 3087 per
1679 3020 1854 3074 risum
1903 3023 1962 3073 et.
2011 3018 2194 3073 iocum
2241 3036 2380 3087 pace
2425 3020 2674 3075 reconci-

1520 3090 1663 3145 liata
1712 3090 1784 3145 ad
1831 3090 2175 3145 hilaritatem
2224 3106 2415 3145 omnes
2468 3090 2675 3146 leniter

1661 3166 1705 3217 t.
1779 3160 2023 3232 Tempus
2059 3162 2256 3231 nequit
2292 3160 2543 3217 definiri·
2575 3162 2674 3245 sed

1520 3233 1579 3287 vi
1522 3179 1747 3290 eostur
1793 3232 2038 3289 eiusdem
2083 3233 2286 3289 aetatis
2333 3250 2468 3302 esse,
2517 3233 2675 3289 cuius

1521 3308 1608 3359 est
1656 3304 1797 3374 c.1,
1848 3306 1929 3359 16.
2003 3303 2383 3377 Porphyrion:
2447 3322 2674 3375 „sensus

1521 3381 1776 3447 sumptus
1823 3380 1909 3431 est
1957 3376 2029 3433 ab
2065 3374 2476 3445 Anacreonte“,
2523 3378 2674 3465 apud

1523 3466 1689 3517 quem
1749 3447 1960 3519 legitur
2024 3448 2094 3503 fr.
2144 3450 2214 3501 64
2268 3446 2505 3531 (Bergk)
2552 3457 2674 3536 Λγε

1522 3520 1682 3586 δηῦτε
1717 3520 1938 3605 μηκέθ’
1958 3514 2099 3573 οὕτω
2137 3513 2367 3591 πατάγῳ
2414 3538 2468 3573 τε
2504 3517 2674 3575 κάλα-

1521 3592 1663 3659 λητῷ
1698 3588 1984 3657 Σκυθικὴν
2019 3585 2192 3646 πόσιν
2222 3592 2362 3679 παρ’
2399 3598 2529 3663 οἴνῳ
2565 3610 2670 3660 με·

1486 3662 1794 3765 -λετῶμεν·
1831 3659 1966 3716 ἀλλὰ
1991 3664 2176 3723 καλοῖς
2209 3659 2572 3725 ὑποπίνοντες
2611 3668 2675 3721 ἐν

1520 3730 1764 3861 υμῧωὲῗ·
1774 3806 2239 3875 verecundumque
2270 3806 2564 3875 Bacchum]
2601 3806 2674 3863 cf

1521 3877 1785 3947 Carm.1,
1829 3880 1910 3947 18,
1949 3880 1998 3932 7.
2047 3878 2226 3947 Epod.
2267 3880 2351 3946 11,
2391 3881 2475 3932 33.
2552 3878 2674 3933 Ηοο

1516 3966 1572 4001 ιιι
1657 3951 1700 4003 's
1759 3949 1922 4005 decet
1979 3954 2256 4019 poetamf
2291 3966 2460 4018 quam
2521 3948 2673 4018 quod

1520 4022 1630 4076 scri
1671 4038 1764 4077 ere
1815 4021 1999 4075 voluit
2048 4020 2486 4092 Cuninghamius
2530 4036 2671 4075 vere-

1518 4092 1800 4175 nandique.
1839 4122 1910 4132 —
1940 4092 2253 4175 prohibete]
2276 4092 2381 4162 Ep.
2419 4090 2548 4160 1,1,
2585 4092 2670 4146 31.

1522 4163 1634 4219 Cic.
1671 4164 1868 4219 Manil.
1910 4166 1962 4228 7,
2003 4166 2084 4219 18.
2127 4194 2192 4203 —-
2230 4162 2462 4219 immane
2533 4178 2669 4217 uan-

1516 4236 1656 4307 tum]
1694 4239 1760 4290 ut
1794 4235 1994 4289 mirum
2035 4240 2304 4305 quantum
2343 4234 2490 4305 (Liv.
2499 4179 2646 4303 ⁹11,1

1525 4306 1616 4377 11)
1681 4308 1932 4363 adverbii
1983 4325 2161 4378 prope
2223 4308 2346 4363 vioe
2395 4306 2670 4377 fungitur.

1519 4376 1698 4433 Tacit.
1744 4378 1890 4433 nist.
1935 4380 2036 4449 111,
2072 4380 2142 4433 62
2200 4418 2232 4447 ,,
2219 4380 2512 4446 ‚exercitus
2563 4378 2664 4433 im-

1518 4467 1682 4504 mane
1729 4456 1998 4519 quantum
2043 4450 2232 4505 animo
2287 4450 2522 4504 exitium
2558 4449 2666 4505 Va-

1519 4522 1687 4576 lentis
1723 4527 1790 4575 ut
1823 4520 1991 4577 finem
2033 4521 2170 4577 belli
2219 4522 2450 4591 accepit.
2453 4522 2488 4551 “
2564 4520 2664 4578 Ca-

1517 4592 1738 4662 pitolin.
1801 4593 1900 4647 vii.
1965 4592 2256 4649 Maximin.
2329 4593 2443 4647 iun.
2505 4609 2550 4648 c.
2604 4596 2667 4647 2:
