<?xml version="1.0" encoding="UTF-8"?>
<!DOCTYPE html PUBLIC "-//W3C//DTD XHTML 1.0 Transitional//EN"
    "http://www.w3.org/TR/xhtml1/DTD/xhtml1-transitional.dtd">
<html xmlns="http://www.w3.org/1999/xhtml" xml:lang="en" lang="en">
 <head>
  <title>
</title>
<meta http-equiv="Content-Type" content="text/html;charset=utf-8" />
  <meta name='ocr-system' content='tesseract 3.04.00' />
  <meta name='ocr-capabilities' content='ocr_page ocr_carea ocr_par ocr_line ocrx_word'/>
</head>
<body>
  <div class='ocr_page' id='page_1' title='image "./qhoratiiflaccio05unkngoog_0210.png"; bbox 0 0 3092 5059; ppageno 0'>
   <div class='ocr_carea' id='block_1_1' title="bbox 489 271 612 340">
    <p class='ocr_par' dir='ltr' id='par_1_1' title="bbox 489 271 612 340">
     <span class='ocr_line' id='line_1_1' title="bbox 489 271 612 340; baseline 0.016 -2"><span class='ocrx_word' id='word_1_1' title='bbox 489 271 612 340; x_wconf 89' lang='grc'><strong>180</strong></span> 
     </span>
    </p>
   </div>
   <div class='ocr_carea' id='block_1_2' title="bbox 1463 273 1921 343">
    <p class='ocr_par' dir='ltr' id='par_1_2' title="bbox 1463 273 1921 343">
     <span class='ocr_line' id='line_1_2' title="bbox 1463 273 1921 343; baseline 0.007 -3"><span class='ocrx_word' id='word_1_2' title='bbox 1463 273 1921 343; x_wconf 80' lang='grc' dir='ltr'><strong>ΟΑΒΜΙΝΠΜ</strong></span> 
     </span>
    </p>
   </div>
   <div class='ocr_carea' id='block_1_3' title="bbox 809 455 2599 810">
    <p class='ocr_par' dir='ltr' id='par_1_3' title="bbox 809 455 2599 810">
     <span class='ocr_line' id='line_1_3' title="bbox 894 455 2507 540; baseline -0.003 -4"><span class='ocrx_word' id='word_1_3' title='bbox 894 461 1216 536; x_wconf 87' lang='lat' dir='ltr'><strong>Possent·</strong></span> <span class='ocrx_word' id='word_1_4' title='bbox 1263 475 1571 540; x_wconf 86' lang='lat' dir='ltr'><strong>ruentes</strong></span> <span class='ocrx_word' id='word_1_5' title='bbox 1589 465 1627 539; x_wconf 69' lang='grc' dir='ltr'><strong>*Ρ</strong></span> <span class='ocrx_word' id='word_1_6' title='bbox 1730 461 1935 538; x_wconf 91' lang='lat' dir='ltr'><strong>Hinc</strong></span> <span class='ocrx_word' id='word_1_7' title='bbox 1985 460 2254 539; x_wconf 84' lang='lat' dir='ltr'><strong>avidus</strong></span> <span class='ocrx_word' id='word_1_8' title='bbox 2302 455 2507 534; x_wconf 88' lang='lat' dir='ltr'><strong>stetit</strong></span> 
     </span>
     <span class='ocr_line' id='line_1_4' title="bbox 987 585 2417 684; baseline -0.003 -23"><span class='ocrx_word' id='word_1_9' title='bbox 987 586 1400 684; x_wconf 87' lang='lat' dir='ltr'><strong>Volcanus,</strong></span> <span class='ocrx_word' id='word_1_10' title='bbox 1454 587 1639 665; x_wconf 88' lang='lat' dir='ltr'><strong>hinc</strong></span> <span class='ocrx_word' id='word_1_11' title='bbox 1690 601 2039 666; x_wconf 88' lang='lat' dir='ltr'><strong>matrona</strong></span> <span class='ocrx_word' id='word_1_12' title='bbox 2089 585 2282 662; x_wconf 91' lang='lat' dir='ltr'><strong>Iuno</strong></span> <span class='ocrx_word' id='word_1_13' title='bbox 2342 595 2417 659; x_wconf 92' lang='lat' dir='ltr'><strong>et</strong></span> 
     </span>
     <span class='ocr_line' id='line_1_5' title="bbox 809 708 2599 810; baseline -0.002 -28"><span class='ocrx_word' id='word_1_14' title='bbox 809 742 861 782; x_wconf 73' lang='lat' dir='ltr'><strong>eo</strong></span> <span class='ocrx_word' id='word_1_15' title='bbox 1091 708 1504 810; x_wconf 83' lang='lat' dir='ltr'><strong>Nunquam</strong></span> <span class='ocrx_word' id='word_1_16' title='bbox 1556 713 1836 790; x_wconf 87' lang='lat' dir='ltr'><strong>umeris</strong></span> <span class='ocrx_word' id='word_1_17' title='bbox 1889 712 2271 810; x_wconf 86' lang='lat' dir='ltr'><strong>positurus</strong></span> <span class='ocrx_word' id='word_1_18' title='bbox 2315 731 2599 800; x_wconf 87' lang='lat' dir='ltr'><strong>arcum,</strong></span> 
     </span>
    </p>
   </div>
   <div class='ocr_carea' id='block_1_4' title="bbox 892 858 2309 1332">
    <p class='ocr_par' dir='ltr' id='par_1_4' title="bbox 892 858 2309 1214">
     <span class='ocr_line' id='line_1_6' title="bbox 892 858 2190 959; baseline 0.001 -25"><span class='ocrx_word' id='word_1_19' title='bbox 892 858 1047 950; x_wconf 84' lang='lat' dir='ltr'><strong>Qui</strong></span> <span class='ocrx_word' id='word_1_20' title='bbox 1095 886 1271 936; x_wconf 85' lang='lat' dir='ltr'><strong>rore</strong></span> <span class='ocrx_word' id='word_1_21' title='bbox 1320 887 1516 959; x_wconf 87' lang='lat' dir='ltr'><strong>puro</strong></span> <span class='ocrx_word' id='word_1_22' title='bbox 1570 861 1949 939; x_wconf 79' lang='lat' dir='ltr'>Castaliae</span> <span class='ocrx_word' id='word_1_23' title='bbox 2000 860 2190 937; x_wconf 84' lang='lat' dir='ltr'><strong>lavit</strong></span> 
     </span>
     <span class='ocr_line' id='line_1_7' title="bbox 896 985 2309 1088; baseline -0.004 -24"><span class='ocrx_word' id='word_1_24' title='bbox 896 985 1164 1064; x_wconf 86' lang='lat' dir='ltr'><strong>Crines</strong></span> <span class='ocrx_word' id='word_1_25' title='bbox 1217 986 1526 1084; x_wconf 87' lang='lat' dir='ltr'><strong>solutos,</strong></span> <span class='ocrx_word' id='word_1_26' title='bbox 1586 990 1721 1088; x_wconf 89' lang='lat' dir='ltr'><strong>qui</strong></span> <span class='ocrx_word' id='word_1_27' title='bbox 1772 987 2053 1086; x_wconf 80' lang='lat' dir='ltr'>Lyciae</span> <span class='ocrx_word' id='word_1_28' title='bbox 2102 997 2309 1062; x_wconf 89' lang='lat' dir='ltr'><strong>tenet</strong></span> 
     </span>
     <span class='ocr_line' id='line_1_8' title="bbox 989 1111 2196 1214; baseline 0.002 -30"><span class='ocrx_word' id='word_1_29' title='bbox 989 1111 1316 1188; x_wconf 90' lang='lat' dir='ltr'><strong>Dumeta</strong></span> <span class='ocrx_word' id='word_1_30' title='bbox 1367 1115 1859 1214; x_wconf 78' lang='lat' dir='ltr'><strong>natalemque</strong></span> <span class='ocrx_word' id='word_1_31' title='bbox 1901 1112 2196 1204; x_wconf 86' lang='lat' dir='ltr'><strong>silvam,</strong></span> 
     </span>
    </p>

    <p class='ocr_par' dir='ltr' id='par_1_5' title="bbox 1093 1233 2265 1332">
     <span class='ocr_line' id='line_1_9' title="bbox 1093 1233 2265 1332; baseline 0.001 -24"><span class='ocrx_word' id='word_1_32' title='bbox 1093 1235 1354 1312; x_wconf 88' lang='lat' dir='ltr'><strong>Delius</strong></span> <span class='ocrx_word' id='word_1_33' title='bbox 1407 1249 1481 1312; x_wconf 92' lang='lat' dir='ltr'><strong>et</strong></span> <span class='ocrx_word' id='word_1_34' title='bbox 1532 1236 1899 1313; x_wconf 73' lang='lat' dir='ltr'><strong>Patareus</strong></span> <span class='ocrx_word' id='word_1_35' title='bbox 1953 1233 2265 1332; x_wconf 79' lang='lat' dir='ltr'>Apollo,</span> 
     </span>
    </p>
   </div>
   <div class='ocr_carea' id='block_1_5' title="bbox 809 1384 2609 1838">
    <p class='ocr_par' dir='ltr' id='par_1_6' title="bbox 809 1384 2609 1838">
     <span class='ocr_line' id='line_1_10' title="bbox 809 1384 2357 1486; baseline 0.001 -30"><span class='ocrx_word' id='word_1_36' title='bbox 809 1416 858 1456; x_wconf 56' lang='grc' dir='ltr'><strong>εὖ</strong></span> <span class='ocrx_word' id='word_1_37' title='bbox 893 1387 1025 1461; x_wconf 91' lang='lat' dir='ltr'><strong>Vis</strong></span> <span class='ocrx_word' id='word_1_38' title='bbox 1077 1386 1348 1462; x_wconf 89' lang='lat' dir='ltr'><strong>consili</strong></span> <span class='ocrx_word' id='word_1_39' title='bbox 1398 1411 1675 1486; x_wconf 86' lang='lat' dir='ltr'><strong>expers</strong></span> <span class='ocrx_word' id='word_1_40' title='bbox 1721 1384 1927 1462; x_wconf 90' lang='lat' dir='ltr'><strong>mole</strong></span> <span class='ocrx_word' id='word_1_41' title='bbox 1976 1387 2133 1461; x_wconf 89' lang='lat' dir='ltr'><strong>ruit</strong></span> <span class='ocrx_word' id='word_1_42' title='bbox 2181 1409 2357 1460; x_wconf 74' lang='lat' dir='ltr'><strong>suat</strong></span> 
     </span>
     <span class='ocr_line' id='line_1_11' title="bbox 893 1505 2609 1610; baseline -0.003 -25"><span class='ocrx_word' id='word_1_43' title='bbox 893 1508 1074 1585; x_wconf 79' lang='lat' dir='ltr'><strong>Vim</strong></span> <span class='ocrx_word' id='word_1_44' title='bbox 1126 1522 1630 1608; x_wconf 78' lang='lat' dir='ltr'><strong>temperatam</strong></span> <span class='ocrx_word' id='word_1_45' title='bbox 1684 1509 1766 1586; x_wconf 86' lang='lat' dir='ltr'><strong>di</strong></span> <span class='ocrx_word' id='word_1_46' title='bbox 1817 1535 2128 1610; x_wconf 88' lang='lat' dir='ltr'><strong>quoque</strong></span> <span class='ocrx_word' id='word_1_47' title='bbox 2175 1505 2609 1607; x_wconf 80' lang='lat' dir='ltr'><strong>provehunt</strong></span> 
     </span>
     <span class='ocr_line' id='line_1_12' title="bbox 989 1633 2207 1732; baseline 0.002 -23"><span class='ocrx_word' id='word_1_48' title='bbox 989 1634 1082 1710; x_wconf 91' lang='lat' dir='ltr'><strong>In</strong></span> <span class='ocrx_word' id='word_1_49' title='bbox 1135 1637 1416 1732; x_wconf 82' lang='lat' dir='ltr'><strong>maius3</strong></span> <span class='ocrx_word' id='word_1_50' title='bbox 1462 1636 1671 1711; x_wconf 87' lang='lat' dir='ltr'><strong>idem</strong></span> <span class='ocrx_word' id='word_1_51' title='bbox 1724 1633 1959 1710; x_wconf 87' lang='lat' dir='ltr'><strong>odere</strong></span> <span class='ocrx_word' id='word_1_52' title='bbox 2008 1636 2207 1711; x_wconf 82' lang='lat' dir='ltr'><strong>vires</strong></span> 
     </span>
     <span class='ocr_line' id='line_1_13' title="bbox 1093 1757 2396 1838; baseline -0.002 -2"><span class='ocrx_word' id='word_1_53' title='bbox 1093 1757 1344 1838; x_wconf 89' lang='lat' dir='ltr'><strong>Omne</strong></span> <span class='ocrx_word' id='word_1_54' title='bbox 1395 1761 1614 1835; x_wconf 88' lang='lat' dir='ltr'><strong>nefas</strong></span> <span class='ocrx_word' id='word_1_55' title='bbox 1664 1761 1923 1836; x_wconf 90' lang='lat' dir='ltr'><strong>animo</strong></span> <span class='ocrx_word' id='word_1_56' title='bbox 1980 1771 2396 1836; x_wconf 84' lang='lat' dir='ltr'><strong>moventes.</strong></span> 
     </span>
    </p>
   </div>
   <div class='ocr_carea' id='block_1_6' title="bbox 813 1907 2325 2382">
    <p class='ocr_par' dir='ltr' id='par_1_7' title="bbox 813 1907 2325 2382">
     <span class='ocr_line' id='line_1_14' title="bbox 895 1907 2325 2006; baseline 0.001 -24"><span class='ocrx_word' id='word_1_57' title='bbox 895 1907 1142 1984; x_wconf 87' lang='lat' dir='ltr'><strong>Testis</strong></span> <span class='ocrx_word' id='word_1_58' title='bbox 1195 1935 1539 1984; x_wconf 90' lang='lat' dir='ltr'><strong>mearum</strong></span> <span class='ocrx_word' id='word_1_59' title='bbox 1594 1911 2065 1985; x_wconf 80' lang='lat' dir='ltr'><strong>centimanus</strong></span> <span class='ocrx_word' id='word_1_60' title='bbox 2120 1911 2325 2006; x_wconf 80' lang='lat' dir='ltr'><strong>Gyas</strong></span> 
     </span>
     <span class='ocr_line' id='line_1_15' title="bbox 813 2029 2287 2130; baseline 0.004 -28"><span class='ocrx_word' id='word_1_61' title='bbox 813 2063 863 2103; x_wconf 67' lang='grc' dir='ltr'><strong>το</strong></span> <span class='ocrx_word' id='word_1_62' title='bbox 899 2029 1485 2130; x_wconf 83' lang='lat' dir='ltr'><strong>Sententiarum,</strong></span> <span class='ocrx_word' id='word_1_63' title='bbox 1539 2045 1765 2108; x_wconf 85' lang='lat' dir='ltr'><strong>notus</strong></span> <span class='ocrx_word' id='word_1_64' title='bbox 1819 2047 1896 2110; x_wconf 91' lang='lat' dir='ltr'><strong>et</strong></span> <span class='ocrx_word' id='word_1_65' title='bbox 1942 2034 2287 2130; x_wconf 84' lang='lat' dir='ltr'><strong>integrae</strong></span> 
     </span>
     <span class='ocr_line' id='line_1_16' title="bbox 996 2156 1993 2235; baseline 0.003 -4"><span class='ocrx_word' id='word_1_66' title='bbox 996 2157 1362 2235; x_wconf 87' lang='lat' dir='ltr'><strong>Tentator</strong></span> <span class='ocrx_word' id='word_1_67' title='bbox 1413 2156 1659 2234; x_wconf 89' lang='lat' dir='ltr'><strong>Orion</strong></span> <span class='ocrx_word' id='word_1_68' title='bbox 1703 2159 1993 2234; x_wconf 88' lang='lat' dir='ltr'><strong>Dianae</strong></span> 
     </span>
     <span class='ocr_line' id='line_1_17' title="bbox 1097 2282 2199 2382; baseline 0 -26"><span class='ocrx_word' id='word_1_69' title='bbox 1097 2282 1468 2381; x_wconf 87' lang='lat' dir='ltr'><strong>Virginea</strong></span> <span class='ocrx_word' id='word_1_70' title='bbox 1518 2284 1853 2359; x_wconf 86' lang='lat' dir='ltr'><strong>domitus</strong></span> <span class='ocrx_word' id='word_1_71' title='bbox 1902 2283 2199 2382; x_wconf 85' lang='lat' dir='ltr'><strong>sagitta.</strong></span> 
     </span>
    </p>
   </div>
   <div class='ocr_carea' id='block_1_7' title="bbox 813 2431 2456 2908">
    <p class='ocr_par' dir='ltr' id='par_1_8' title="bbox 895 2431 2423 2658">
     <span class='ocr_line' id='line_1_18' title="bbox 895 2431 2351 2509; baseline -0.001 -2"><span class='ocrx_word' id='word_1_72' title='bbox 895 2431 1190 2508; x_wconf 82' lang='lat' dir='ltr'><strong>Iniecta</strong></span> <span class='ocrx_word' id='word_1_73' title='bbox 1240 2436 1601 2509; x_wconf 80' lang='lat' dir='ltr'><strong>monstris</strong></span> <span class='ocrx_word' id='word_1_74' title='bbox 1654 2434 1893 2509; x_wconf 86' lang='lat' dir='ltr'><strong>Terra</strong></span> <span class='ocrx_word' id='word_1_75' title='bbox 1939 2432 2150 2509; x_wconf 86' lang='lat' dir='ltr'><strong>dolet</strong></span> <span class='ocrx_word' id='word_1_76' title='bbox 2199 2433 2351 2509; x_wconf 88' lang='lat' dir='ltr'><strong>suis</strong></span> 
     </span>
     <span class='ocr_line' id='line_1_19' title="bbox 896 2555 2423 2658; baseline 0 -26"><span class='ocrx_word' id='word_1_77' title='bbox 896 2558 1342 2658; x_wconf 85' lang='lat' dir='ltr'><strong>Maeretque</strong></span> <span class='ocrx_word' id='word_1_78' title='bbox 1393 2570 1657 2656; x_wconf 82' lang='lat' dir='ltr'><strong>partus</strong></span> <span class='ocrx_word' id='word_1_79' title='bbox 1709 2557 2037 2633; x_wconf 83' lang='lat' dir='ltr'><strong>fulmine</strong></span> <span class='ocrx_word' id='word_1_80' title='bbox 2085 2555 2423 2632; x_wconf 86' lang='lat' dir='ltr'><strong>luridum</strong></span> 
     </span>
    </p>

    <p class='ocr_par' dir='ltr' id='par_1_9' title="bbox 813 2681 2456 2908">
     <span class='ocr_line' id='line_1_20' title="bbox 813 2681 2345 2781; baseline -0.001 -24"><span class='ocrx_word' id='word_1_81' title='bbox 813 2711 862 2750; x_wconf 66' lang='grc' dir='ltr'><strong>τε</strong></span> <span class='ocrx_word' id='word_1_82' title='bbox 998 2683 1272 2758; x_wconf 89' lang='lat' dir='ltr'><strong>Missos</strong></span> <span class='ocrx_word' id='word_1_83' title='bbox 1325 2683 1425 2758; x_wconf 87' lang='lat' dir='ltr'><strong>ad</strong></span> <span class='ocrx_word' id='word_1_84' title='bbox 1472 2681 1798 2760; x_wconf 87' lang='lat' dir='ltr'><strong>Orcum:</strong></span> <span class='ocrx_word' id='word_1_85' title='bbox 1851 2707 1991 2757; x_wconf 92' lang='lat' dir='ltr'><strong>nec</strong></span> <span class='ocrx_word' id='word_1_86' title='bbox 2048 2681 2345 2781; x_wconf 86' lang='lat' dir='ltr'><strong>peredit</strong></span> 
     </span>
     <span class='ocr_line' id='line_1_21' title="bbox 1099 2804 2456 2908; baseline -0.001 -26"><span class='ocrx_word' id='word_1_87' title='bbox 1099 2807 1550 2908; x_wconf 89' lang='lat' dir='ltr'><strong>Impositam</strong></span> <span class='ocrx_word' id='word_1_88' title='bbox 1602 2807 1805 2883; x_wconf 90' lang='lat' dir='ltr'><strong>celer</strong></span> <span class='ocrx_word' id='word_1_89' title='bbox 1852 2807 2053 2905; x_wconf 84' lang='lat' dir='ltr'><strong>ignis</strong></span> <span class='ocrx_word' id='word_1_90' title='bbox 2104 2804 2456 2902; x_wconf 82' lang='lat' dir='ltr'><strong>Aetnam,</strong></span> 
     </span>
    </p>
   </div>
   <div class='ocr_carea' id='block_1_8' title="bbox 899 2956 2163 3054">
    <p class='ocr_par' dir='ltr' id='par_1_10' title="bbox 899 2956 2163 3054">
     <span class='ocr_line' id='line_1_22' title="bbox 899 2956 2163 3054; baseline -0.002 -22"><span class='ocrx_word' id='word_1_91' title='bbox 899 2957 1448 3032; x_wconf 85' lang='lat' dir='ltr'><strong>Incontinentis</strong></span> <span class='ocrx_word' id='word_1_92' title='bbox 1499 2982 1643 3032; x_wconf 89' lang='lat' dir='ltr'><strong>nec</strong></span> <span class='ocrx_word' id='word_1_93' title='bbox 1695 2956 1900 3054; x_wconf 86' lang='lat' dir='ltr'><strong>Tityi</strong></span> <span class='ocrx_word' id='word_1_94' title='bbox 1950 2957 2163 3032; x_wconf 89' lang='lat' dir='ltr'><strong>iecur</strong></span> 
     </span>
    </p>
   </div>
   <div class='ocr_carea' id='block_1_9' title="bbox 501 3189 1653 4683">
    <p class='ocr_par' dir='ltr' id='par_1_11' title="bbox 501 3189 1653 4683">
     <span class='ocr_line' id='line_1_23' title="bbox 502 3189 1646 3260; baseline 0.001 -17"><span class='ocrx_word' id='word_1_95' title='bbox 502 3189 682 3244; x_wconf 87' lang='lat' dir='ltr'><strong>stibus</strong></span> <span class='ocrx_word' id='word_1_96' title='bbox 720 3189 1032 3244; x_wconf 81' lang='lat' dir='ltr'><strong>terribilem</strong></span> <span class='ocrx_word' id='word_1_97' title='bbox 1077 3189 1209 3244; x_wconf 78' lang='lat' dir='ltr'><strong>edit.</strong></span> <span class='ocrx_word' id='word_1_98' title='bbox 1259 3219 1322 3229; x_wconf 91' lang='lat'>-</span> <span class='ocrx_word' id='word_1_99' title='bbox 1371 3190 1646 3260; x_wconf 73' lang='lat' dir='ltr'><strong>Palladis]</strong></span> 
     </span>
     <span class='ocr_line' id='line_1_24' title="bbox 503 3260 1649 3330; baseline 0 -16"><span class='ocrx_word' id='word_1_100' title='bbox 503 3263 554 3314; x_wconf 83' lang='lat' dir='ltr'>A</span> <span class='ocrx_word' id='word_1_101' title='bbox 607 3261 756 3315; x_wconf 82' lang='lat' dir='ltr'><strong>Iovis</strong></span> <span class='ocrx_word' id='word_1_102' title='bbox 807 3265 970 3330; x_wconf 85' lang='lat' dir='ltr'><strong>parte</strong></span> <span class='ocrx_word' id='word_1_103' title='bbox 1027 3260 1252 3315; x_wconf 86' lang='lat' dir='ltr'><strong>stabant</strong></span> <span class='ocrx_word' id='word_1_104' title='bbox 1315 3278 1504 3316; x_wconf 88' lang='lat' dir='ltr'><strong>omnes</strong></span> <span class='ocrx_word' id='word_1_105' title='bbox 1568 3261 1649 3315; x_wconf 88' lang='lat' dir='ltr'><strong>dii</strong></span> 
     </span>
     <span class='ocr_line' id='line_1_25' title="bbox 501 3332 1647 3402; baseline 0 -16"><span class='ocrx_word' id='word_1_106' title='bbox 501 3333 784 3401; x_wconf 86' lang='lat' dir='ltr'><strong>deaeque;</strong></span> <span class='ocrx_word' id='word_1_107' title='bbox 829 3350 896 3386; x_wconf 85' lang='lat' dir='ltr'><strong>ex</strong></span> <span class='ocrx_word' id='word_1_108' title='bbox 934 3332 1134 3402; x_wconf 87' lang='lat' dir='ltr'><strong>quibus</strong></span> <span class='ocrx_word' id='word_1_109' title='bbox 1168 3333 1531 3387; x_wconf 85' lang='lat' dir='ltr'><strong>nominantur</strong></span> <span class='ocrx_word' id='word_1_110' title='bbox 1568 3350 1647 3386; x_wconf 87' lang='lat' dir='ltr'><strong>sa—</strong></span> 
     </span>
     <span class='ocr_line' id='line_1_26' title="bbox 503 3403 1648 3472; baseline 0.002 -16"><span class='ocrx_word' id='word_1_111' title='bbox 503 3403 718 3472; x_wconf 85' lang='lat' dir='ltr'><strong>pientia</strong></span> <span class='ocrx_word' id='word_1_112' title='bbox 751 3403 1055 3471; x_wconf 82' lang='lat' dir='ltr'><strong>Minervae,</strong></span> <span class='ocrx_word' id='word_1_113' title='bbox 1093 3403 1344 3458; x_wconf 83' lang='lat' dir='ltr'><strong>officiosa</strong></span> <span class='ocrx_word' id='word_1_114' title='bbox 1379 3404 1648 3458; x_wconf 81' lang='lat' dir='ltr'><strong>sedulitas</strong></span> 
     </span>
     <span class='ocr_line' id='line_1_27' title="bbox 505 3475 1649 3544; baseline 0.002 -16"><span class='ocrx_word' id='word_1_115' title='bbox 505 3475 738 3528; x_wconf 80' lang='lat' dir='ltr'><strong>Volcani</strong></span> <span class='ocrx_word' id='word_1_116' title='bbox 785 3475 1046 3544; x_wconf 76' lang='lat' dir='ltr'><strong>(avidus).</strong></span> <span class='ocrx_word' id='word_1_117' title='bbox 1095 3475 1356 3530; x_wconf 75' lang='lat' dir='ltr'><strong>maiestas</strong></span> <span class='ocrx_word' id='word_1_118' title='bbox 1403 3476 1649 3543; x_wconf 87' lang='lat' dir='ltr'><strong>Iunonis,</strong></span> 
     </span>
     <span class='ocr_line' id='line_1_28' title="bbox 504 3545 1651 3616; baseline 0.002 -18"><span class='ocrx_word' id='word_1_119' title='bbox 504 3545 787 3614; x_wconf 85' lang='lat' dir='ltr'><strong>Apollinis</strong></span> <span class='ocrx_word' id='word_1_120' title='bbox 827 3547 1116 3600; x_wconf 81' lang='lat' dir='ltr'><strong>sinceritas</strong></span> <span class='ocrx_word' id='word_1_121' title='bbox 1165 3551 1223 3601; x_wconf 89' lang='lat' dir='ltr'><strong>et</strong></span> <span class='ocrx_word' id='word_1_122' title='bbox 1257 3548 1483 3610; x_wconf 80' lang='lat' dir='ltr'><strong>veritas,</strong></span> <span class='ocrx_word' id='word_1_123' title='bbox 1539 3564 1651 3616; x_wconf 82' lang='lat' dir='ltr'><strong>qua</strong></span> 
     </span>
     <span class='ocr_line' id='line_1_29' title="bbox 507 3617 1652 3688; baseline 0.004 -20"><span class='ocrx_word' id='word_1_124' title='bbox 507 3617 775 3684; x_wconf 84' lang='lat' dir='ltr'><strong>quicquid</strong></span> <span class='ocrx_word' id='word_1_125' title='bbox 811 3617 1090 3686; x_wconf 87' lang='lat' dir='ltr'><strong>impurum</strong></span> <span class='ocrx_word' id='word_1_126' title='bbox 1129 3621 1188 3672; x_wconf 86' lang='lat' dir='ltr'><strong>et</strong></span> <span class='ocrx_word' id='word_1_127' title='bbox 1211 3619 1529 3688; x_wconf 90' lang='lat' dir='ltr'><strong>improbum</strong></span> <span class='ocrx_word' id='word_1_128' title='bbox 1564 3623 1652 3672; x_wconf 82' lang='lat' dir='ltr'><strong>est</strong></span> 
     </span>
     <span class='ocr_line' id='line_1_30' title="bbox 507 3687 1649 3757; baseline 0.003 -17"><span class='ocrx_word' id='word_1_129' title='bbox 507 3687 782 3742; x_wconf 84' lang='lat' dir='ltr'><strong>indefessa</strong></span> <span class='ocrx_word' id='word_1_130' title='bbox 817 3687 1152 3743; x_wconf 85' lang='lat' dir='ltr'><strong>fortitudine</strong></span> <span class='ocrx_word' id='word_1_131' title='bbox 1197 3689 1463 3744; x_wconf 83' lang='lat' dir='ltr'><strong>adoritur.</strong></span> <span class='ocrx_word' id='word_1_132' title='bbox 1503 3689 1649 3757; x_wconf 80' lang='lat' dir='ltr'><strong>Quas</strong></span> 
     </span>
     <span class='ocr_line' id='line_1_31' title="bbox 507 3758 1648 3830; baseline 0.002 -18"><span class='ocrx_word' id='word_1_133' title='bbox 507 3758 738 3812; x_wconf 87' lang='lat' dir='ltr'><strong>deorum</strong></span> <span class='ocrx_word' id='word_1_134' title='bbox 793 3759 1092 3815; x_wconf 77' lang='lat' dir='ltr'><strong>facultates</strong></span> <span class='ocrx_word' id='word_1_135' title='bbox 1145 3764 1314 3828; x_wconf 81' lang='lat' dir='ltr'><strong>poeta</strong></span> <span class='ocrx_word' id='word_1_136' title='bbox 1360 3778 1492 3815; x_wconf 86' lang='lat' dir='ltr'><strong>rara</strong></span> <span class='ocrx_word' id='word_1_137' title='bbox 1535 3761 1648 3830; x_wconf 87' lang='lat' dir='ltr'><strong>epi-</strong></span> 
     </span>
     <span class='ocr_line' id='line_1_32' title="bbox 507 3829 1649 3886; baseline 0.004 -4"><span class='ocrx_word' id='word_1_138' title='bbox 507 3829 793 3883; x_wconf 86' lang='lat' dir='ltr'><strong>thetorum</strong></span> <span class='ocrx_word' id='word_1_139' title='bbox 828 3831 1106 3886; x_wconf 86' lang='lat' dir='ltr'><strong>brevitate</strong></span> <span class='ocrx_word' id='word_1_140' title='bbox 1141 3831 1433 3886; x_wconf 85' lang='lat' dir='ltr'><strong>indicavit.</strong></span> <span class='ocrx_word' id='word_1_141' title='bbox 1452 3861 1524 3871; x_wconf 92' lang='lat'><strong>-—-</strong></span> <span class='ocrx_word' id='word_1_142' title='bbox 1547 3831 1649 3886; x_wconf 80' lang='lat' dir='ltr'><strong>Ga-</strong></span> 
     </span>
     <span class='ocr_line' id='line_1_33' title="bbox 507 3901 1650 3984; baseline 0.002 -30"><span class='ocrx_word' id='word_1_143' title='bbox 507 3901 727 3970; x_wconf 68' lang='lat' dir='ltr'><strong>etuliae]</strong></span> <span class='ocrx_word' id='word_1_144' title='bbox 769 3901 1062 3971; x_wconf 86' lang='lat' dir='ltr'><strong>Limpidus</strong></span> <span class='ocrx_word' id='word_1_145' title='bbox 1107 3901 1232 3958; x_wconf 85' lang='lat' dir='ltr'><strong>fons</strong></span> <span class='ocrx_word' id='word_1_146' title='bbox 1281 3907 1366 3958; x_wconf 86' lang='lat' dir='ltr'><strong>est</strong></span> <span class='ocrx_word' id='word_1_147' title='bbox 1407 3905 1467 3957; x_wconf 89' lang='lat' dir='ltr'><strong>in</strong></span> <span class='ocrx_word' id='word_1_148' title='bbox 1517 3903 1650 3984; x_wconf 76' lang='lat' dir='ltr'><strong>iugo</strong></span> 
     </span>
     <span class='ocr_line' id='line_1_34' title="bbox 506 3970 1628 4042; baseline 0.004 -17"><span class='ocrx_word' id='word_1_149' title='bbox 506 3970 768 4036; x_wconf 82' lang='lat' dir='ltr'><strong>Parnasi,</strong></span> <span class='ocrx_word' id='word_1_150' title='bbox 819 3973 1075 4042; x_wconf 85' lang='lat' dir='ltr'><strong>Apollini</strong></span> <span class='ocrx_word' id='word_1_151' title='bbox 1127 3991 1298 4030; x_wconf 82' lang='lat' dir='ltr'><strong>sacer.</strong></span> <span class='ocrx_word' id='word_1_152' title='bbox 1364 4004 1430 4013; x_wconf 92' lang='lat'>—</span> <span class='ocrx_word' id='word_1_153' title='bbox 1491 3975 1628 4029; x_wconf 74' lang='lat' dir='ltr'><strong>lamt</strong></span> 
     </span>
     <span class='ocr_line' id='line_1_35' title="bbox 507 4043 1627 4115; baseline 0.001 -17"><span class='ocrx_word' id='word_1_154' title='bbox 507 4044 636 4098; x_wconf 86' lang='lat' dir='ltr'><strong>vide</strong></span> <span class='ocrx_word' id='word_1_155' title='bbox 673 4043 744 4097; x_wconf 86' lang='lat' dir='ltr'><strong>ad</strong></span> <span class='ocrx_word' id='word_1_156' title='bbox 771 4043 952 4099; x_wconf 86' lang='lat' dir='ltr'><strong>Carm.</strong></span> <span class='ocrx_word' id='word_1_157' title='bbox 981 4045 1054 4115; x_wconf 89' lang='lat'><strong>11,</strong></span> <span class='ocrx_word' id='word_1_158' title='bbox 1075 4048 1124 4098; x_wconf 86' lang='lat'><strong>3.</strong></span> <span class='ocrx_word' id='word_1_159' title='bbox 1155 4048 1235 4100; x_wconf 80' lang='lat'><strong>18.</strong></span> <span class='ocrx_word' id='word_1_160' title='bbox 1264 4075 1330 4086; x_wconf 89' lang='lat'><em>-</em></span> <span class='ocrx_word' id='word_1_161' title='bbox 1355 4045 1488 4101; x_wconf 77' lang='lat' dir='ltr'><strong>mole</strong></span> <span class='ocrx_word' id='word_1_162' title='bbox 1523 4061 1627 4100; x_wconf 72' lang='lat' dir='ltr'><strong>sua</strong></span> 
     </span>
     <span class='ocr_line' id='line_1_36' title="bbox 507 4115 1651 4184; baseline 0.003 -16"><span class='ocrx_word' id='word_1_163' title='bbox 507 4116 641 4184; x_wconf 85' lang='lat' dir='ltr'><strong>quia</strong></span> <span class='ocrx_word' id='word_1_164' title='bbox 695 4115 870 4168; x_wconf 86' lang='lat' dir='ltr'><strong>nimia</strong></span> <span class='ocrx_word' id='word_1_165' title='bbox 923 4120 1008 4171; x_wconf 82' lang='lat' dir='ltr'><strong>est</strong></span> <span class='ocrx_word' id='word_1_166' title='bbox 1053 4122 1111 4171; x_wconf 85' lang='lat' dir='ltr'><strong>et.</strong></span> <span class='ocrx_word' id='word_1_167' title='bbox 1154 4117 1380 4172; x_wconf 85' lang='lat' dir='ltr'><strong>modum</strong></span> <span class='ocrx_word' id='word_1_168' title='bbox 1433 4121 1651 4171; x_wconf 86' lang='lat' dir='ltr'><strong>rectum</strong></span> 
     </span>
     <span class='ocr_line' id='line_1_37' title="bbox 509 4187 1650 4258; baseline 0.001 -17"><span class='ocrx_word' id='word_1_169' title='bbox 509 4187 812 4256; x_wconf 81' lang='lat' dir='ltr'><strong>egreditur,</strong></span> <span class='ocrx_word' id='word_1_170' title='bbox 857 4187 905 4240; x_wconf 87' lang='lat' dir='ltr'><strong>si</strong></span> <span class='ocrx_word' id='word_1_171' title='bbox 941 4205 1054 4242; x_wconf 92' lang='lat' dir='ltr'><strong>non</strong></span> <span class='ocrx_word' id='word_1_172' title='bbox 1079 4193 1162 4242; x_wconf 83' lang='lat' dir='ltr'><strong>est</strong></span> <span class='ocrx_word' id='word_1_173' title='bbox 1185 4192 1500 4258; x_wconf 83' lang='lat' dir='ltr'><strong>temperata</strong></span> <span class='ocrx_word' id='word_1_174' title='bbox 1522 4203 1650 4242; x_wconf 85' lang='lat' dir='ltr'><strong>con-</strong></span> 
     </span>
     <span class='ocr_line' id='line_1_38' title="bbox 509 4258 1652 4330; baseline 0.002 -19"><span class='ocrx_word' id='word_1_175' title='bbox 509 4259 652 4311; x_wconf 84' lang='lat' dir='ltr'><strong>silio.</strong></span> <span class='ocrx_word' id='word_1_176' title='bbox 719 4287 786 4296; x_wconf 90' lang='lat'><strong>———</strong></span> <span class='ocrx_word' id='word_1_177' title='bbox 851 4259 1027 4329; x_wconf 76' lang='lat' dir='ltr'><strong>testis]</strong></span> <span class='ocrx_word' id='word_1_178' title='bbox 1097 4258 1414 4330; x_wconf 74' lang='lat' dir='ltr'><strong>stropham,</strong></span> <span class='ocrx_word' id='word_1_179' title='bbox 1483 4276 1652 4327; x_wconf 84' lang='lat' dir='ltr'><strong>quam</strong></span> 
     </span>
     <span class='ocr_line' id='line_1_39' title="bbox 507 4327 1652 4399; baseline 0.003 -19"><span class='ocrx_word' id='word_1_180' title='bbox 507 4327 898 4391; x_wconf 87' lang='lat' dir='ltr'><strong>Buttmannus‚</strong></span> <span class='ocrx_word' id='word_1_181' title='bbox 910 4329 1400 4399; x_wconf 83' lang='lat' dir='ltr'><strong>Peerlk.,Meinek.,</strong></span> <span class='ocrx_word' id='word_1_182' title='bbox 1413 4330 1652 4398; x_wconf 69' lang='lat' dir='ltr'><strong>Sohiitz„</strong></span> 
     </span>
     <span class='ocr_line' id='line_1_40' title="bbox 510 4398 1653 4456; baseline 0.004 -5"><span class='ocrx_word' id='word_1_183' title='bbox 510 4398 729 4453; x_wconf 79' lang='lat' dir='ltr'><strong>Miiller.</strong></span> <span class='ocrx_word' id='word_1_184' title='bbox 782 4400 938 4454; x_wconf 86' lang='lat' dir='ltr'><strong>nulla</strong></span> <span class='ocrx_word' id='word_1_185' title='bbox 1003 4401 1258 4456; x_wconf 84' lang='lat' dir='ltr'><strong>codicum</strong></span> <span class='ocrx_word' id='word_1_186' title='bbox 1316 4401 1653 4456; x_wconf 84' lang='lat' dir='ltr'><strong>auctoritate</strong></span> 
     </span>
     <span class='ocr_line' id='line_1_41' title="bbox 513 4469 1652 4541; baseline 0.004 -20"><span class='ocrx_word' id='word_1_187' title='bbox 513 4469 692 4522; x_wconf 81' lang='lat' dir='ltr'><strong>adiuti</strong></span> <span class='ocrx_word' id='word_1_188' title='bbox 718 4471 965 4539; x_wconf 85' lang='lat' dir='ltr'><strong>spuriam</strong></span> <span class='ocrx_word' id='word_1_189' title='bbox 989 4489 1105 4526; x_wconf 87' lang='lat' dir='ltr'><strong>esse</strong></span> <span class='ocrx_word' id='word_1_190' title='bbox 1128 4478 1417 4541; x_wconf 82' lang='lat' dir='ltr'><strong>putarunt,</strong></span> <span class='ocrx_word' id='word_1_191' title='bbox 1442 4475 1652 4541; x_wconf 84' lang='lat' dir='ltr'><strong>Acron,</strong></span> 
     </span>
     <span class='ocr_line' id='line_1_42' title="bbox 511 4537 1650 4620; baseline 0.006 -29"><span class='ocrx_word' id='word_1_192' title='bbox 511 4537 824 4620; x_wconf 74' lang='lat' dir='ltr'><strong>Porphyrio</strong></span> <span class='ocrx_word' id='word_1_193' title='bbox 837 4581 851 4608; x_wconf 95' lang='lat'><strong>,</strong></span> <span class='ocrx_word' id='word_1_194' title='bbox 909 4542 1212 4597; x_wconf 80' lang='lat' dir='ltr'><strong>comment.</strong></span> <span class='ocrx_word' id='word_1_195' title='bbox 1277 4543 1442 4611; x_wconf 85' lang='lat' dir='ltr'><strong>Cruq.</strong></span> <span class='ocrx_word' id='word_1_196' title='bbox 1501 4543 1650 4598; x_wconf 85' lang='lat' dir='ltr'><strong>Pris-</strong></span> 
     </span>
     <span class='ocr_line' id='line_1_43' title="bbox 513 4611 1649 4683; baseline 0.006 -21"><span class='ocrx_word' id='word_1_197' title='bbox 513 4625 703 4662; x_wconf 75' lang='lat' dir='ltr'><strong>cianus</strong></span> <span class='ocrx_word' id='word_1_198' title='bbox 750 4611 860 4664; x_wconf 85' lang='lat' dir='ltr'><strong>iam</strong></span> <span class='ocrx_word' id='word_1_199' title='bbox 905 4613 1190 4683; x_wconf 79' lang='lat' dir='ltr'><strong>legerunt3</strong></span> <span class='ocrx_word' id='word_1_200' title='bbox 1241 4619 1407 4682; x_wconf 88' lang='lat' dir='ltr'><strong>atque</strong></span> <span class='ocrx_word' id='word_1_201' title='bbox 1453 4631 1649 4669; x_wconf 85' lang='lat' dir='ltr'><strong>caven·</strong></span> 
     </span>
    </p>
   </div>
   <div class='ocr_carea' id='block_1_10' title="bbox 1748 3188 2911 4686">
    <p class='ocr_par' dir='ltr' id='par_1_12' title="bbox 1748 3188 2911 4686">
     <span class='ocr_line' id='line_1_44' title="bbox 1750 3188 2906 3258; baseline 0 -14"><span class='ocrx_word' id='word_1_202' title='bbox 1750 3190 1885 3244; x_wconf 85' lang='lat' dir='ltr'><strong>dum</strong></span> <span class='ocrx_word' id='word_1_203' title='bbox 1909 3194 1995 3244; x_wconf 86' lang='lat' dir='ltr'><strong>est</strong></span> <span class='ocrx_word' id='word_1_204' title='bbox 2026 3207 2095 3243; x_wconf 91' lang='lat' dir='ltr'><strong>ne</strong></span> <span class='ocrx_word' id='word_1_205' title='bbox 2120 3189 2299 3244; x_wconf 88' lang='lat' dir='ltr'><strong>eiecta</strong></span> <span class='ocrx_word' id='word_1_206' title='bbox 2321 3205 2435 3243; x_wconf 86' lang='lat' dir='ltr'><strong>una</strong></span> <span class='ocrx_word' id='word_1_207' title='bbox 2456 3188 2737 3258; x_wconf 87' lang='lat' dir='ltr'><strong>reliquam</strong></span> <span class='ocrx_word' id='word_1_208' title='bbox 2766 3205 2906 3258; x_wconf 90' lang='lat' dir='ltr'><strong>quo·</strong></span> 
     </span>
     <span class='ocr_line' id='line_1_45' title="bbox 1751 3259 2903 3331; baseline 0 -17"><span class='ocrx_word' id='word_1_209' title='bbox 1751 3279 1859 3330; x_wconf 87' lang='lat' dir='ltr'><strong>que</strong></span> <span class='ocrx_word' id='word_1_210' title='bbox 1896 3261 2156 3316; x_wconf 87' lang='lat' dir='ltr'><strong>carminis</strong></span> <span class='ocrx_word' id='word_1_211' title='bbox 2180 3265 2397 3331; x_wconf 84' lang='lat' dir='ltr'><strong>partem</strong></span> <span class='ocrx_word' id='word_1_212' title='bbox 2432 3261 2493 3314; x_wconf 89' lang='lat' dir='ltr'><strong>in</strong></span> <span class='ocrx_word' id='word_1_213' title='bbox 2524 3259 2758 3314; x_wconf 83' lang='lat' dir='ltr'><strong>eandem</strong></span> <span class='ocrx_word' id='word_1_214' title='bbox 2790 3260 2903 3314; x_wconf 82' lang='lat' dir='ltr'><strong>ela-</strong></span> 
     </span>
     <span class='ocr_line' id='line_1_46' title="bbox 1750 3331 2902 3401; baseline -0.001 -15"><span class='ocrx_word' id='word_1_215' title='bbox 1750 3333 1877 3387; x_wconf 85' lang='lat' dir='ltr'><strong>dem</strong></span> <span class='ocrx_word' id='word_1_216' title='bbox 1914 3332 2173 3401; x_wconf 84' lang='lat' dir='ltr'><strong>abripiat.</strong></span> <span class='ocrx_word' id='word_1_217' title='bbox 2211 3333 2437 3387; x_wconf 87' lang='lat' dir='ltr'><strong>Kellero</strong></span> <span class='ocrx_word' id='word_1_218' title='bbox 2475 3337 2533 3386; x_wconf 87' lang='lat' dir='ltr'><strong>et</strong></span> <span class='ocrx_word' id='word_1_219' title='bbox 2568 3331 2902 3386; x_wconf 78' lang='lat' dir='ltr'><strong>Ecksteinio</strong></span> 
     </span>
     <span class='ocr_line' id='line_1_47' title="bbox 1750 3401 2905 3474; baseline -0.001 -17"><span class='ocrx_word' id='word_1_220' title='bbox 1750 3404 1982 3473; x_wconf 83' lang='lat' dir='ltr'><strong>stropha</strong></span> <span class='ocrx_word' id='word_1_221' title='bbox 2006 3403 2249 3474; x_wconf 83' lang='lat' dir='ltr'><strong>genuina</strong></span> <span class='ocrx_word' id='word_1_222' title='bbox 2279 3403 2504 3458; x_wconf 84' lang='lat' dir='ltr'><strong>videtur</strong></span> <span class='ocrx_word' id='word_1_223' title='bbox 2537 3419 2672 3457; x_wconf 86' lang='lat' dir='ltr'><strong>esse.</strong></span> <span class='ocrx_word' id='word_1_224' title='bbox 2711 3401 2905 3457; x_wconf 88' lang='lat' dir='ltr'><strong>Peerl-</strong></span> 
     </span>
     <span class='ocr_line' id='line_1_48' title="bbox 1750 3474 2905 3544; baseline -0.001 -16"><span class='ocrx_word' id='word_1_225' title='bbox 1750 3475 2005 3544; x_wconf 86' lang='lat' dir='ltr'><strong>kampius</strong></span> <span class='ocrx_word' id='word_1_226' title='bbox 2055 3492 2124 3530; x_wconf 80' lang='lat' dir='ltr'><strong>ex</strong></span> <span class='ocrx_word' id='word_1_227' title='bbox 2174 3479 2297 3530; x_wconf 91' lang='lat' dir='ltr'><strong>toto</strong></span> <span class='ocrx_word' id='word_1_228' title='bbox 2342 3475 2591 3529; x_wconf 84' lang='lat' dir='ltr'><strong>carmine</strong></span> <span class='ocrx_word' id='word_1_229' title='bbox 2638 3474 2789 3528; x_wconf 82' lang='lat' dir='ltr'><strong>nihil</strong></span> <span class='ocrx_word' id='word_1_230' title='bbox 2836 3479 2905 3527; x_wconf 83' lang='lat' dir='ltr'><strong>ut</strong></span> 
     </span>
     <span class='ocr_line' id='line_1_49' title="bbox 1751 3545 2907 3618; baseline 0 -18"><span class='ocrx_word' id='word_1_231' title='bbox 1751 3546 2124 3601; x_wconf 84' lang='lat' dir='ltr'><strong>Horatianum</strong></span> <span class='ocrx_word' id='word_1_232' title='bbox 2172 3546 2426 3618; x_wconf 81' lang='lat' dir='ltr'><strong>agnoscit</strong></span> <span class='ocrx_word' id='word_1_233' title='bbox 2472 3545 2581 3600; x_wconf 86' lang='lat' dir='ltr'><strong>nisi</strong></span> <span class='ocrx_word' id='word_1_234' title='bbox 2636 3546 2907 3616; x_wconf 81' lang='lat' dir='ltr'><strong>strophas</strong></span> 
     </span>
     <span class='ocr_line' id='line_1_50' title="bbox 1757 3616 2909 3673; baseline 0 -2"><span class='ocrx_word' id='word_1_235' title='bbox 1757 3622 1801 3671; x_wconf 88' lang='lat'><strong>1.</strong></span> <span class='ocrx_word' id='word_1_236' title='bbox 1851 3620 1900 3672; x_wconf 85' lang='lat'><strong>2.</strong></span> <span class='ocrx_word' id='word_1_237' title='bbox 1950 3620 1998 3671; x_wconf 82' lang='lat'><strong>6.</strong></span> <span class='ocrx_word' id='word_1_238' title='bbox 2036 3620 2085 3673; x_wconf 85' lang='lat'><strong>7.</strong></span> <span class='ocrx_word' id='word_1_239' title='bbox 2121 3619 2171 3673; x_wconf 86' lang='lat'><strong>8.</strong></span> <span class='ocrx_word' id='word_1_240' title='bbox 2214 3619 2265 3671; x_wconf 87' lang='grc'><strong>9.</strong></span> <span class='ocrx_word' id='word_1_241' title='bbox 2308 3618 2387 3671; x_wconf 86' lang='grc'><strong>10.</strong></span> <span class='ocrx_word' id='word_1_242' title='bbox 2431 3617 2513 3670; x_wconf 90' lang='grc'><strong>11.</strong></span> <span class='ocrx_word' id='word_1_243' title='bbox 2558 3618 2639 3670; x_wconf 81' lang='lat'><strong>12.</strong></span> <span class='ocrx_word' id='word_1_244' title='bbox 2682 3616 2765 3671; x_wconf 77' lang='lat'><strong>19.</strong></span> <span class='ocrx_word' id='word_1_245' title='bbox 2808 3617 2909 3671; x_wconf 82' lang='lat' dir='ltr'><strong>de·</strong></span> 
     </span>
     <span class='ocr_line' id='line_1_51' title="bbox 1750 3687 2909 3758; baseline -0.001 -15"><span class='ocrx_word' id='word_1_246' title='bbox 1750 3705 1871 3744; x_wconf 92' lang='lat' dir='ltr'><strong>cem</strong></span> <span class='ocrx_word' id='word_1_247' title='bbox 1906 3690 2149 3758; x_wconf 85' lang='lat' dir='ltr'><strong>reliquas</strong></span> <span class='ocrx_word' id='word_1_248' title='bbox 2198 3689 2347 3743; x_wconf 88' lang='lat' dir='ltr'><strong>eicit.</strong></span> <span class='ocrx_word' id='word_1_249' title='bbox 2382 3717 2455 3728; x_wconf 86' lang='lat'><strong>-—-</strong></span> <span class='ocrx_word' id='word_1_250' title='bbox 2490 3687 2668 3758; x_wconf 74' lang='lat' dir='ltr'><strong>Gyas]</strong></span> <span class='ocrx_word' id='word_1_251' title='bbox 2708 3687 2787 3743; x_wconf 82' lang='lat' dir='ltr'><strong>cf.</strong></span> <span class='ocrx_word' id='word_1_252' title='bbox 2830 3688 2909 3742; x_wconf 82' lang='lat' dir='ltr'><strong>ad</strong></span> 
     </span>
     <span class='ocr_line' id='line_1_52' title="bbox 1753 3757 2909 3829; baseline -0.001 -14"><span class='ocrx_word' id='word_1_253' title='bbox 1753 3761 1935 3815; x_wconf 87' lang='lat' dir='ltr'><strong>Carm.</strong></span> <span class='ocrx_word' id='word_1_254' title='bbox 1982 3761 2055 3824; x_wconf 90' lang='grc' dir='ltr'><strong>ΙΙ,</strong></span> <span class='ocrx_word' id='word_1_255' title='bbox 2099 3763 2181 3822; x_wconf 83' lang='grc'><strong>17,</strong></span> <span class='ocrx_word' id='word_1_256' title='bbox 2226 3763 2307 3814; x_wconf 85' lang='grc'><strong>14.</strong></span> <span class='ocrx_word' id='word_1_257' title='bbox 2346 3789 2415 3800; x_wconf 95' lang='grc'>-</span> <span class='ocrx_word' id='word_1_258' title='bbox 2456 3757 2631 3815; x_wconf 74' lang='lat' dir='ltr'><strong>Orion</strong></span> <span class='ocrx_word' id='word_1_259' title='bbox 2666 3760 2909 3829; x_wconf 80' lang='lat' dir='ltr'><strong>Apollo-</strong></span> 
     </span>
     <span class='ocr_line' id='line_1_53' title="bbox 1751 3825 2911 3901; baseline -0.001 -15"><span class='ocrx_word' id='word_1_260' title='bbox 1751 3832 1871 3886; x_wconf 86' lang='lat' dir='ltr'><strong>dor.</strong></span> <span class='ocrx_word' id='word_1_261' title='bbox 1893 3833 1934 3900; x_wconf 91' lang='grc' dir='ltr'><strong>Ι,</strong></span> <span class='ocrx_word' id='word_1_262' title='bbox 1954 3834 2006 3899; x_wconf 83' lang='grc'><strong>4,</strong></span> <span class='ocrx_word' id='word_1_263' title='bbox 2033 3835 2091 3886; x_wconf 87' lang='lat'><strong>3:</strong></span> <span class='ocrx_word' id='word_1_264' title='bbox 2132 3828 2389 3901; x_wconf 59' lang='lat' dir='ltr'><strong>„Retenta</strong></span> <span class='ocrx_word' id='word_1_265' title='bbox 2414 3831 2479 3884; x_wconf 78' lang='grc' dir='ltr'><strong>δὲ</strong></span> <span class='ocrx_word' id='word_1_266' title='bbox 2494 3825 2751 3901; x_wconf 69' lang='grc' dir='ltr'><em>Ἄρτεμις</em></span> <span class='ocrx_word' id='word_1_267' title='bbox 2766 3828 2911 3885; x_wconf 76' lang='grc' dir='ltr'><strong>ἀπέ-</strong></span> 
     </span>
     <span class='ocr_line' id='line_1_54' title="bbox 1752 3899 2911 3972; baseline 0.001 -16"><span class='ocrx_word' id='word_1_268' title='bbox 1752 3919 1957 3958; x_wconf 76' lang='grc' dir='ltr'><strong><em>κτεινεν</em></strong></span> <span class='ocrx_word' id='word_1_269' title='bbox 2007 3903 2068 3957; x_wconf 74' lang='grc' dir='ltr'><strong>ἐν</strong></span> <span class='ocrx_word' id='word_1_270' title='bbox 2104 3899 2283 3972; x_wconf 75' lang='grc' dir='ltr'><em>Δήλῳ,</em></span> <span class='ocrx_word' id='word_1_271' title='bbox 2328 3903 2520 3958; x_wconf 78' lang='grc' dir='ltr'><strong><em>τοῦτον</em></strong></span> <span class='ocrx_word' id='word_1_272' title='bbox 2564 3902 2774 3971; x_wconf 71' lang='grc' dir='ltr'><em>γηγενῆ</em></span> <span class='ocrx_word' id='word_1_273' title='bbox 2821 3905 2911 3957; x_wconf 75' lang='grc' dir='ltr'><strong>λέ-</strong></span> 
     </span>
     <span class='ocr_line' id='line_1_55' title="bbox 1750 3971 2909 4046; baseline 0.001 -19"><span class='ocrx_word' id='word_1_274' title='bbox 1750 3991 1945 4044; x_wconf 82' lang='grc' dir='ltr'><strong><em>γουσιν</em></strong></span> <span class='ocrx_word' id='word_1_275' title='bbox 1968 3974 2323 4046; x_wconf 71' lang='grc' dir='ltr'><strong><em>ὑπερμεγέθη</em></strong></span> <span class='ocrx_word' id='word_1_276' title='bbox 2353 3971 2416 4028; x_wconf 77' lang='grc' dir='ltr'><strong>τὸ</strong></span> <span class='ocrx_word' id='word_1_277' title='bbox 2446 3974 2665 4046; x_wconf 51' lang='lat' dir='ltr'><strong>effipia!</strong></span> <span class='ocrx_word' id='word_1_278' title='bbox 2694 4003 2767 4014; x_wconf 89' lang='lat'><strong>-—-</strong></span> <span class='ocrx_word' id='word_1_279' title='bbox 2795 3974 2909 4028; x_wconf 70' lang='lat' dir='ltr'><strong>vir-</strong></span> 
     </span>
     <span class='ocr_line' id='line_1_56' title="bbox 1748 4045 2911 4116; baseline -0.002 -16"><span class='ocrx_word' id='word_1_280' title='bbox 1748 4046 1935 4116; x_wconf 68' lang='lat' dir='ltr'><strong>qima]</strong></span> <span class='ocrx_word' id='word_1_281' title='bbox 1972 4046 2045 4100; x_wconf 87' lang='lat' dir='ltr'><strong>cf.</strong></span> <span class='ocrx_word' id='word_1_282' title='bbox 2070 4047 2325 4116; x_wconf 78' lang='lat' dir='ltr'><strong>Propert.</strong></span> <span class='ocrx_word' id='word_1_283' title='bbox 2363 4046 2436 4114; x_wconf 88' lang='lat'><strong>11,</strong></span> <span class='ocrx_word' id='word_1_284' title='bbox 2479 4049 2525 4113; x_wconf 93' lang='lat'><strong>1,</strong></span> <span class='ocrx_word' id='word_1_285' title='bbox 2563 4046 2656 4099; x_wconf 83' lang='lat'><strong>67:</strong></span> <span class='ocrx_word' id='word_1_286' title='bbox 2698 4045 2911 4114; x_wconf 82' lang='lat' dir='ltr'><strong>„Dolia</strong></span> 
     </span>
     <span class='ocr_line' id='line_1_57' title="bbox 1753 4117 2907 4188; baseline -0.001 -17"><span class='ocrx_word' id='word_1_287' title='bbox 1753 4118 2020 4188; x_wconf 77' lang='lat' dir='ltr'><strong>virgineis</strong></span> <span class='ocrx_word' id='word_1_288' title='bbox 2041 4117 2403 4188; x_wconf 84' lang='lat' dir='ltr'><strong>(Danaidum)</strong></span> <span class='ocrx_word' id='word_1_289' title='bbox 2424 4117 2575 4172; x_wconf 86' lang='lat' dir='ltr'><strong>idem</strong></span> <span class='ocrx_word' id='word_1_290' title='bbox 2596 4117 2697 4171; x_wconf 88' lang='lat' dir='ltr'><strong>ille</strong></span> <span class='ocrx_word' id='word_1_291' title='bbox 2718 4117 2907 4186; x_wconf 83' lang='lat' dir='ltr'><strong>reple—</strong></span> 
     </span>
     <span class='ocr_line' id='line_1_58' title="bbox 1752 4187 2905 4256; baseline -0.002 -14"><span class='ocrx_word' id='word_1_292' title='bbox 1752 4189 1899 4243; x_wconf 85' lang='lat' dir='ltr'><strong>verit</strong></span> <span class='ocrx_word' id='word_1_293' title='bbox 1933 4189 2141 4242; x_wconf 86' lang='lat' dir='ltr'><strong>urnis.“</strong></span> <span class='ocrx_word' id='word_1_294' title='bbox 2179 4189 2388 4243; x_wconf 85' lang='lat' dir='ltr'><strong>Lucan.</strong></span> <span class='ocrx_word' id='word_1_295' title='bbox 2426 4187 2620 4242; x_wconf 76' lang='lat' dir='ltr'><strong>Phars-</strong></span> <span class='ocrx_word' id='word_1_296' title='bbox 2658 4187 2729 4256; x_wconf 83' lang='lat' dir='ltr'><strong>V,</strong></span> <span class='ocrx_word' id='word_1_297' title='bbox 2770 4189 2905 4242; x_wconf 78' lang='lat'>142:</span> 
     </span>
     <span class='ocr_line' id='line_1_59' title="bbox 1754 4259 2909 4329; baseline -0.001 -17"><span class='ocrx_word' id='word_1_298' title='bbox 1754 4259 2041 4329; x_wconf 84' lang='lat' dir='ltr'><strong>„Virginei</strong></span> <span class='ocrx_word' id='word_1_299' title='bbox 2076 4265 2309 4328; x_wconf 85' lang='lat' dir='ltr'><strong>patuere</strong></span> <span class='ocrx_word' id='word_1_300' title='bbox 2344 4260 2515 4314; x_wconf 86' lang='lat' dir='ltr'><strong>doli.“</strong></span> <span class='ocrx_word' id='word_1_301' title='bbox 2586 4259 2681 4314; x_wconf 89' lang='lat' dir='ltr'><strong>Sic</strong></span> <span class='ocrx_word' id='word_1_302' title='bbox 2716 4259 2909 4314; x_wconf 81' lang='lat' dir='ltr'><strong>Carm.</strong></span> 
     </span>
     <span class='ocr_line' id='line_1_60' title="bbox 1751 4329 2909 4401; baseline 0 -17"><span class='ocrx_word' id='word_1_303' title='bbox 1751 4331 1849 4398; x_wconf 85' lang='grc' dir='ltr'><strong>ΠΙ,</strong></span> <span class='ocrx_word' id='word_1_304' title='bbox 1870 4333 1919 4400; x_wconf 88' lang='grc'><strong>3,</strong></span> <span class='ocrx_word' id='word_1_305' title='bbox 1941 4333 2009 4384; x_wconf 81' lang='lat'><strong>28</strong></span> <span class='ocrx_word' id='word_1_306' title='bbox 2034 4331 2336 4386; x_wconf 74' lang='lat' dir='ltr'><strong>Hectoreis.</strong></span> <span class='ocrx_word' id='word_1_307' title='bbox 2358 4359 2425 4371; x_wconf 88' lang='lat'><strong>--</strong></span> <span class='ocrx_word' id='word_1_308' title='bbox 2446 4329 2717 4401; x_wconf 71' lang='lat' dir='ltr'><strong>inteyrae]</strong></span> <span class='ocrx_word' id='word_1_309' title='bbox 2758 4332 2909 4385; x_wconf 85' lang='lat' dir='ltr'><strong>inta—</strong></span> 
     </span>
     <span class='ocr_line' id='line_1_61' title="bbox 1752 4401 2910 4470; baseline 0 -14"><span class='ocrx_word' id='word_1_310' title='bbox 1752 4407 1890 4456; x_wconf 84' lang='lat' dir='ltr'><strong>ctae.</strong></span> <span class='ocrx_word' id='word_1_311' title='bbox 1912 4431 1976 4442; x_wconf 94' lang='lat'>—</span> <span class='ocrx_word' id='word_1_312' title='bbox 1994 4403 2256 4470; x_wconf 75' lang='lat' dir='ltr'><strong>tentator]</strong></span> <span class='ocrx_word' id='word_1_313' title='bbox 2272 4419 2415 4457; x_wconf 82' lang='lat' dir='ltr'><strong>nove</strong></span> <span class='ocrx_word' id='word_1_314' title='bbox 2438 4403 2671 4457; x_wconf 85' lang='lat' dir='ltr'><strong>dictum.</strong></span> <span class='ocrx_word' id='word_1_315' title='bbox 2688 4431 2757 4442; x_wconf 91' lang='lat'><strong>-——</strong></span> <span class='ocrx_word' id='word_1_316' title='bbox 2784 4401 2910 4457; x_wconf 79' lang='lat' dir='ltr'><strong>Ter-</strong></span> 
     </span>
     <span class='ocr_line' id='line_1_62' title="bbox 1752 4472 2907 4544; baseline -0.001 -16"><span class='ocrx_word' id='word_1_317' title='bbox 1752 4473 1839 4542; x_wconf 80' lang='lat' dir='ltr'><strong>ra]</strong></span> <span class='ocrx_word' id='word_1_318' title='bbox 1880 4479 2037 4541; x_wconf 78' lang='grc' dir='ltr'><strong><em>Γαῖα,</em></strong></span> <span class='ocrx_word' id='word_1_319' title='bbox 2085 4479 2267 4528; x_wconf 85' lang='lat' dir='ltr'><strong>mater</strong></span> <span class='ocrx_word' id='word_1_320' title='bbox 2302 4473 2621 4544; x_wconf 81' lang='lat' dir='ltr'><strong>Gigantum.</strong></span> <span class='ocrx_word' id='word_1_321' title='bbox 2662 4501 2733 4514; x_wconf 88' lang='lat'><strong>—-</strong></span> <span class='ocrx_word' id='word_1_322' title='bbox 2772 4472 2907 4528; x_wconf 67' lang='lat' dir='ltr'><strong>ltu-n·-</strong></span> 
     </span>
     <span class='ocr_line' id='line_1_63' title="bbox 1752 4543 2907 4616; baseline 0 -18"><span class='ocrx_word' id='word_1_323' title='bbox 1752 4544 1904 4615; x_wconf 78' lang='lat' dir='ltr'><strong>dwm]</strong></span> <span class='ocrx_word' id='word_1_324' title='bbox 1942 4543 2050 4612; x_wconf 76' lang='lat' dir='ltr'><strong>Qui</strong></span> <span class='ocrx_word' id='word_1_325' title='bbox 2086 4545 2243 4601; x_wconf 88' lang='lat' dir='ltr'><strong>color</strong></span> <span class='ocrx_word' id='word_1_326' title='bbox 2279 4544 2643 4616; x_wconf 76' lang='lat' dir='ltr'><strong>significetur,</strong></span> <span class='ocrx_word' id='word_1_327' title='bbox 2684 4544 2907 4600; x_wconf 81' lang='lat' dir='ltr'><strong>videbis</strong></span> 
     </span>
     <span class='ocr_line' id='line_1_64' title="bbox 1750 4615 2909 4686; baseline 0.002 -17"><span class='ocrx_word' id='word_1_328' title='bbox 1750 4633 1818 4669; x_wconf 82' lang='lat' dir='ltr'><strong>ex</strong></span> <span class='ocrx_word' id='word_1_329' title='bbox 1848 4615 2028 4670; x_wconf 85' lang='lat' dir='ltr'><strong>Carm.</strong></span> <span class='ocrx_word' id='word_1_330' title='bbox 2057 4615 2152 4684; x_wconf 85' lang='lat' dir='ltr'><strong>IV,</strong></span> <span class='ocrx_word' id='word_1_331' title='bbox 2186 4619 2269 4685; x_wconf 83' lang='lat'><strong>13,</strong></span> <span class='ocrx_word' id='word_1_332' title='bbox 2295 4620 2376 4672; x_wconf 89' lang='grc'><strong>10.</strong></span> <span class='ocrx_word' id='word_1_333' title='bbox 2402 4616 2583 4686; x_wconf 84' lang='lat' dir='ltr'><strong>Epod.</strong></span> <span class='ocrx_word' id='word_1_334' title='bbox 2615 4619 2699 4686; x_wconf 84' lang='lat'><strong>17,</strong></span> <span class='ocrx_word' id='word_1_335' title='bbox 2722 4618 2813 4671; x_wconf 75' lang='lat'><strong>22.</strong></span> <span class='ocrx_word' id='word_1_336' title='bbox 2836 4643 2909 4655; x_wconf 91' lang='lat'><strong>—-</strong></span> 
     </span>
    </p>
   </div>
  </div>
 </body>
</html>
