3092 5059
445 173 570 238 566

1334 170 1953 239 EPISTULARUM

549 359 676 436 Ad
728 372 806 436 te
857 375 1034 460 post
1083 362 1314 462 paulo
1371 375 1691 440 ventura
1740 358 2093 461 pericula
2140 355 2433 434 sentis?

550 483 746 559 Nam
803 495 932 559 tua
978 511 1100 561 res
1152 486 1430 584 agitur,
1477 486 1734 581 paries
1790 509 1959 559 cum
2014 482 2412 582 proximus
2469 479 2721 574 ardet,

464 643 516 685 ss
549 610 648 683 Et
700 609 1052 706 neglecta
1101 611 1350 687 solent
1401 609 1762 686 incendia
1812 633 2115 685 sumere
2162 608 2387 688 vires.

551 733 818 810 Dulcis
869 735 1287 833 inexpertis
1337 735 1641 812 cultura
1690 733 2025 835 potentis
2078 732 2343 825 amici3

550 859 926 958 Expertus
979 859 1276 934 metuit.

1378 858 1519 954 Tu,
1581 858 1764 934 dum
1818 870 1950 931 tua
1998 857 2217 932 navis
2266 857 2349 930 in
2394 854 2559 930 alto
2610 865 2749 948 est,

551 983 730 1058 Hoc
779 1008 927 1080 age
981 1009 1078 1058 ne
1123 995 1413 1058 mutata
1463 995 1881 1058 retrorsum
1936 993 2011 1056 te
2062 980 2265 1056 ferat
2312 1005 2525 1055 aura.

555 1105 910 1184 Oderunt
959 1108 1286 1186 hilarem
1342 1108 1595 1184 tristes
1646 1107 2101 1206 tristemque
2152 1104 2413 1200 iocosi,

465 1267 517 1307 oo
559 1229 924 1308 Sedatum
981 1231 1289 1328 celeres,
1345 1233 1631 1330 agilem
1676 1255 2116 1330 navumque
2162 1228 2501 1304 remissi:

554 1355 874 1432 Potores
925 1356 1176 1434 bibuli
1229 1358 1486 1434 media
1540 1357 1639 1434 de
1690 1367 1913 1432 nocte
1968 1355 2281 1432 Falerni

558 1480 914 1568 Oderunt
959 1495 1316 1581 porrecta
1365 1495 1778 1580 negantem
1832 1481 2135 1580 poeula,
2191 1481 2541 1580 quamvis

554 1606 627 1682 N
631 1620 992 1684 octurnos
1045 1609 1250 1684 iures
1291 1621 1366 1684 te
1417 1608 1845 1684 formidare
1896 1618 2227 1705 tepores.

555 1731 798 1807 Deme
853 1732 1267 1832 supercilio
1327 1736 1649 1809 nubem:
1704 1733 2167 1834 plerumque
2214 1730 2619 1808 modestus

473 1887 526 1930 οι
563 1854 920 1955 Occupat
971 1859 1278 1934 obscuri
1329 1860 1689 1957 speciem,
1744 1860 2165 1935 taciturnus
2216 1857 2501 1934 acerbi.

559 1983 774 2058 Inter
819 1995 1095 2059 cuncta
1143 1984 1356 2080 leges
1413 1999 1490 2060 et
1540 1984 2101 2082 percontabere
2152 1981 2447 2080 doctos,

457 2229 608 2280 teros
629 2225 712 2280 ita
732 2228 1036 2294 patronum
1061 2241 1224 2278 suum
1240 2225 1615 2294 exasperavit,

461 2301 528 2350 ut
563 2296 729 2351 domo
755 2297 872 2351 eius
907 2299 1351 2351 summoveretur
1387 2300 1446 2351 et
1480 2313 1614 2366 qua-

462 2369 715 2424 ternario
751 2367 812 2437 (i.
849 2387 896 2422 e.
936 2368 1270 2437 quadrante)
1307 2368 1496 2440 legato
1533 2369 1615 2422 iu·

461 2441 694 2496 beretur
737 2445 944 2494 restem
989 2440 1096 2494 sibi
1131 2440 1434 2509 palamque
1471 2457 1615 2495 eme-

461 2513 574 2566 re.“
633 2511 843 2566 Gomm.
882 2511 1048 2580 Cruq.
1089 2511 1456 2580 suspicantur
1495 2529 1615 2566 cor-

460 2589 694 2653 ruptum
731 2599 848 2638 esse
883 2599 1088 2637 nomen
1126 2583 1404 2638 Luthiem'.
1460 2581 1615 2638 Cete-

459 2673 588 2709 rum
633 2654 703 2709 cf.
743 2653 856 2708 Sat.
903 2653 948 2722 1,
985 2657 1038 2723 4,
1073 2655 1161 2708 81.
1231 2653 1414 2724 Epist.
1453 2655 1525 2723 11,
1566 2657 1616 2722 1,

467 2728 569 2781 150
593 2744 673 2796 sq.
721 2725 766 2793 Ι,
809 2727 890 2788 14,
925 2727 1012 2778 88.
1058 2726 1102 2790 1,
1149 2726 1230 2789 16,
1265 2728 1352 2780 38.
1394 2755 1458 2766 -
1498 2727 1617 2781 dul-

461 2798 542 2854 cis
565 2797 883 2866 inexpertis]
908 2796 1140 2852 Cultura
1170 2799 1418 2867 potentis
1451 2798 1617 2853 amici

461 2887 588 2924 cum
635 2869 945 2938 inexpertis
995 2868 1225 2938 quidem
1273 2870 1476 2938 dulcis,
1523 2887 1616 2924 ex·

461 2942 638 3011 pertis
692 2940 1006 3009 periculosa
1071 2946 1130 2996 et
1185 2943 1374 3012 gravis
1430 2941 1615 2996 videa·

461 3018 558 3068 tur
571 3053 582 3071 .
640 3011 950 3066 cavendum
1014 3018 1125 3080 est,
1181 3031 1250 3068 ne
1301 3031 1443 3082 quae
1491 3014 1617 3082 quis

465 3084 644 3138 multo
683 3100 809 3138 cnm
848 3084 1040 3139 labore
1089 3089 1370 3140 assecutus
1419 3085 1494 3140 sit
1529 3103 1617 3140 su·

463 3155 585 3210 bito
622 3156 856 3210 mutatis
892 3156 1060 3212 rebus
1096 3157 1313 3226 perdat.
1391 3157 1468 3212 Et
1508 3156 1617 3211 uti·

464 3231 560 3281 tur
600 3226 827 3296 quidem
864 3233 1034 3297 poet-a
1071 3228 1317 3299 imagine
1352 3229 1425 3283 ab
1461 3229 1618 3284 navi·

463 3298 692 3370 gatione
744 3298 957 3368 petita3
1013 3300 1144 3354 inde
1198 3301 1368 3355 etiam
1417 3306 1619 3355 retror-

463 3387 582 3424 sum
633 3371 780 3438 ferat
829 3387 987 3426 aura.
1081 3371 1173 3426 Sic
1215 3371 1420 3426 Tibull.
1473 3372 1518 3440 I,
1566 3373 1618 3432 5.

464 3442 559 3495 76:
601 3442 695 3512 „in
720 3442 936 3511 liquida
961 3448 1062 3498 nat
1083 3443 1194 3499 tibi
1219 3443 1392 3499 linter
1417 3442 1615 3512 aqua.“

462 3513 869 3584 Adiunguntur
924 3515 1126 3570 deinde
1192 3521 1494 3584 praecepta
1550 3513 1621 3568 de

465 3585 844 3640 conservando
926 3604 1260 3657 magnorum
1327 3587 1619 3640 hominum

463 3657 675 3712 favore.
721 3687 792 3696 —
833 3663 1047 3726 potores
1095 3658 1290 3728 bibuli]
1351 3657 1619 3713 Horatius

463 3729 584 3798 ipse
637 3729 790 3784 hunc
843 3731 1170 3784 versiculum
1229 3747 1298 3785 ex
1345 3730 1526 3800 Epist.
1575 3730 1621 3793 Ι,

469 3802 554 3867 14,
592 3802 662 3855 34
698 3799 887 3870 lepida
937 3802 1178 3870 quadam
1213 3801 1468 3871 παρῳδίᾳ
1503 3820 1618 3856 ma-

463 3872 676 3927 ximam
711 3875 931 3941 partem
969 3873 1429 3942 transsumpsisse
1464 3874 1616 3928 vide·

462 3948 580 3998 tur:
647 3943 746 3999 alii
795 3948 860 3997 ut
905 3943 1134 4013 Haupt„
1179 3945 1440 4012 Meinek„
1484 3944 1619 3998 Lin-

461 4015 598 4082 ker„
634 4014 910 4082 Mueller„
946 4033 1074 4070 cum
1120 4035 1170 4071 v.
1211 4017 1278 4070 91
1317 4019 1378 4070 in
1413 4015 1618 4071 codici·

461 4087 567 4142 bus
627 4104 739 4141 non
792 4088 986 4156 paucis
1031 4103 1145 4142 non
1189 4088 1412 4158 legatur
1428 4131 1442 4154 ,
1489 4105 1617 4158 sup-

462 4159 724 4228 positicia
759 4158 1080 4214 habuerunt
1114 4159 1288 4214 verba
1323 4159 1494 4214 bibuli
1522 4203 1532 4213 .
1566 4199 1579 4212 .
1603 4199 1617 4212 .

463 4230 694 4286 oderunt
717 4235 774 4286 et
799 4231 1210 4286 coniunxerunt
1237 4231 1464 4286 Potores
1491 4248 1617 4300 por-

461 4307 626 4357 recta.
669 4301 1058 4358 Doederlinius
1095 4302 1208 4356 illis
1248 4302 1473 4371 quidem
1503 4320 1617 4358 non

465 4374 822 4442 astipulatur,
871 4374 968 4429 sed
1015 4393 1106 4429 vv.
1153 4375 1303 4430 89-
1321 4376 1390 4428 95
1437 4380 1617 4430 trans-

464 4445 749 4513 ponendae
783 4451 970 4501 censet
992 4450 1122 4516 post
1155 4463 1208 4502 v.
1235 4447 1320 4500 66.
1360 4444 1617 4502 Kellerus

467 4520 533 4571 ut
579 4517 640 4570 in
687 4517 934 4573 editione
969 4519 1050 4574 sic
1093 4517 1266 4574 etiam
1301 4517 1617 4589 Epilegom.

1708 2242 1764 2294 p.
1812 2225 1916 2279 682
1938 2242 2017 2294 sq.
2060 2243 2114 2280 v.
2160 2223 2228 2279 91
2280 2223 2595 2280 eiciendum
2648 2230 2867 2280 strenue

1711 2295 2035 2352 affirmavit.
2146 2295 2441 2352 Sententia
2499 2297 2645 2350 satis
2708 2297 2867 2366 plana

1711 2373 1821 2423 est:
1870 2373 2147 2438 „potores.
2172 2369 2270 2438 qui
2293 2368 2481 2424 media
2506 2369 2691 2422 etiam
2712 2373 2865 2423 nocte

1710 2439 2017 2494 Falernum
2088 2441 2277 2496 bibere
2338 2439 2526 2495 solent
2546 2480 2559 2506 ‚
2630 2439 2868 2496 oderunt

1712 2512 2014 2568 abstemios
2052 2510 2151 2582 qui
2199 2517 2321 2566 tum
2365 2515 2635 2582 porrecta
2670 2511 2867 2582 pocula

1711 2584 2024 2638 recusant.“
2062 2583 2292 2638 Falerni
2328 2588 2515 2654 genet.
2550 2585 2773 2652 pendet
2806 2599 2866 2636 ex

1712 2655 1820 2710 adi.
1860 2654 2047 2721 bibuli,
2090 2673 2271 2724 neque
2307 2660 2496 2710 tamen
2533 2656 2758 2711 alienus
2794 2660 2869 2708 est

1711 2746 1746 2782 a
1774 2727 2012 2795 poculis.
2062 2726 2366 2782 Horkelius
2400 2727 2517 2781 leni
2552 2727 2865 2781 mutatione

1712 2815 1850 2867 opus
1888 2815 2007 2853 esse
2036 2799 2287 2869 putavit:
2324 2803 2553 2868 potores
2588 2799 2783 2866 vetuli,
2810 2802 2869 2850 ut

1714 2870 1912 2924 Catull.
1950 2871 2040 2938 27,
2084 2874 2141 2924 1:
2184 2870 2479 2940 „Minister
2514 2871 2701 2924 vetuli
2735 2885 2869 2939 puer

1711 2941 2001 3008 Falerni;“
2072 2942 2319 2998 Martial.
2354 2941 2450 3004 XI,
2488 2943 2591 2996 26:
2674 2942 2867 3010 „Basia

1714 3014 1786 3069 da
1822 3014 1984 3068 nobis
2010 3014 2221 3083 vetulo,
2248 3031 2407 3083 puer,
2432 3014 2547 3068 uda
2572 3011 2865 3068 Falci-nef

1712 3085 1959 3140 Macrob.
2008 3085 2233 3140 Saturn.
2270 3085 2395 3154 VH,
2436 3087 2525 3138 12:
2590 3086 2867 3154 „mulsum

1714 3157 2061 3212 miscendum
2106 3174 2227 3212 esse
2271 3173 2421 3212 novo
2468 3157 2767 3225 Hymettio
2818 3160 2869 3210 et

1713 3228 1906 3284 vetulo
1964 3228 2257 3284 Falerno.“
2354 3228 2673 3298 Epitheton
2733 3229 2789 3283 h.
2836 3227 2871 3281 l.

1714 3303 1857 3356 esset
1894 3301 2153 3355 otiosum.
2172 3329 2239 3342 --
2265 3298 2501 3370 tepores]
2538 3299 2635 3354 Sic
2670 3299 2870 3370 optimi

1714 3372 1931 3428 codices
1988 3389 2165 3442 prope
2220 3389 2411 3427 omnes
2457 3377 2517 3426 et
2562 3371 2870 3426 Comment-

1716 3444 1911 3512 Oruq.;
1948 3443 2049 3498 alii
2084 3459 2330 3512 vapores.
2372 3443 2550 3498 Recte
2578 3443 2699 3498 iam
2728 3443 2869 3498 Lan·

1714 3514 1903 3570 dinus:
1957 3515 2154 3584 „quasi
2188 3515 2343 3569 dicat
2379 3514 2647 3580 febrem,“
2688 3521 2869 3570 ortam

1712 3587 1872 3642 illam
1928 3586 2152 3656 quidem
2207 3587 2383 3640 nimio
2436 3587 2703 3642 acerrimi
2758 3585 2871 3639 vini

1714 3675 1835 3712 usu.
1906 3657 2219 3728 Teporibus
2252 3657 2571 3712 excitantur
2604 3673 2862 3728 vapor-0⁸3

1714 3747 1889 3799 quare
1935 3729 2103 3784 facile
2147 3730 2362 3784 moveri
2408 3731 2535 3798 quis
2576 3729 2773 3799 potuit
2810 3731 2872 3781 ut

1714 3801 1948 3856 adderet
2002 3801 2243 3856 alterum
2296 3801 2639 3856 vocabulum
2700 3802 2869 3855 inter·

1714 3872 1975 3943 pretendi
2023 3874 2227 3942 gratia.
2310 3872 2419 3928 Cio.
2456 3873 2525 3928 N.
2562 3871 2635 3926 D.
2672 3872 2744 3934 11,
2778 3873 2865 3938 46,

1718 3947 1847 3998 118:
1924 3943 2167 4014 „Stellae
2214 3943 2387 3998 maris
2428 3943 2664 3998 aluntur
2700 3961 2865 4013 aqua·

1712 4033 1839 4072 rum
1876 4015 2178 4085 vaporibus
2216 4015 2739 4086 (Ausdiinstungen)
2774 4015 2858 4079 iis,

1712 4086 2684 4228 tutssztffissmffifflssaez
2706 4102 2865 4220 32?ss

1715 4233 1827 4286 Cic.
1861 4231 2074 4286 Senect-
2120 4233 2199 4294 16,
2239 4231 2325 4284 61.
2384 4230 2467 4285 Et
2500 4230 2571 4286 ef.
2610 4229 2861 4300 Propert.

1712 4301 1807 4370 IV,
1853 4305 1932 4370 16,
1977 4305 2065 4356 13:
2126 4301 2373 4372 „semida
2410 4302 2717 4371 tempora!⁸
2762 4300 2855 4354 Sil.

1711 4374 1837 4429 Ital.
1878 4375 1977 4442 XI,
2016 4376 2144 4428 304:
2210 4373 2589 4444 „ardescitque
2630 4371 2853 4441 Lyaeo.“

1714 4447 1903 4500 Iuven.
1942 4450 1991 4512 4,
2028 4447 2153 4500 136:
2216 4444 2497 4514 „Noverat
2531 4445 2629 4500 ille
2664 4487 2678 4500 .
2716 4485 2729 4498 .
2764 4459 2855 4496 no-

1716 4523 1942 4587 ctesque
1977 4517 2213 4573 Neronis
2254 4516 2375 4572 Iam
2418 4516 2631 4572 medias
2672 4517 2859 4572 alium·
