3092 5059
1057 224 1218 290 Ll'B.
1260 225 1311 290 Ι.
1359 223 1628 292 EPIST.
1672 225 1849 291 XVI.

2507 225 2630 292 551

343 409 701 486 Pomisne
750 436 847 487 an
898 413 1139 513 pratis
1192 439 1291 489 an
1340 413 1620 490 amicta
1667 413 1952 490 vitibus
2005 413 2252 488 ulmo:

340 533 737 612 Scribetur
784 536 927 614 tibi
978 537 1232 614 forma
1282 537 1712 637 loquaciter
1757 550 1834 614 et
1881 539 2068 614 situs
2121 539 2316 636 agri.

282 690 307 732 s
345 657 711 736 Continui
760 673 1081 758 montes,
1136 662 1217 736 ni
1272 660 1780 738 dissocientur
1829 688 2072 761 opaca

339 784 575 883 Valle,
631 785 769 862 sed
821 799 905 862 ut
950 788 1267 864 veniens
1319 787 1668 864 dextrum
1721 789 1920 865 latus
1967 790 2288 890 aspiciat
2339 789 2496 888 Sol,

338 909 677 986 Laevum
734 910 1137 989 discedens
1192 937 1424 988 curru
1468 913 1818 1012 fugiente
1870 928 2212 1015 vaporet·

341 1034 823 1134 Temperiem
872 1035 1167 1114 laudes.
1268 1036 1501 1133 Quid,
1555 1038 1622 1112 si
1673 1038 2107 1115 rubicunda
2154 1040 2470 1138 benigni

346 1161 605 1239 Corna
655 1185 928 1258 vepres
981 1173 1059 1236 et
1105 1187 1359 1262 pruna
1408 1163 1712 1238 ferant?
1763 1162 1829 1239 si
1879 1188 2207 1263 quercus
2259 1177 2334 1240 et
2380 1164 2536 1241 ilex

258 1319 309 1359 ιο
341 1285 589 1362 Multa
638 1285 867 1384 fruge
915 1312 1171 1386 pecus,
1222 1287 1466 1364 multa
1511 1288 1912 1364 dominum
1963 1289 2174 1365 iuvet
2221 1290 2546 1366 umbra?

229 1553 383 1610 vitae
431 1554 785 1610 honestatem
828 1569 946 1608 non
990 1553 1147 1608 cerni
1186 1554 1247 1608 in
1295 1569 1389 1608 ex·

232 1624 411 1682 ternis
458 1626 625 1681 rebus
673 1625 770 1679 sed
806 1625 865 1679 in
912 1642 1101 1680 amore
1138 1625 1388 1693 virtutis,

234 1698 293 1752 in
325 1697 565 1758 iustitia,
597 1697 659 1750 in
685 1697 1037 1752 continentia
1073 1697 1261 1752 animi.
1298 1697 1388 1751 In-

232 1770 375 1839 cipit
405 1773 575 1840 poeta
610 1769 682 1823 ab
724 1768 917 1838 aliqua
940 1767 1134 1822 Sabini
1172 1769 1261 1823 sui
1295 1769 1389 1822 de-

232 1841 555 1911 scriptione,
606 1857 775 1909 quam
824 1844 1013 1894 tamen
1049 1840 1132 1895 ita
1167 1857 1388 1910 compa-

234 1917 421 1968 ratam
456 1929 576 1968 esse
611 1911 787 1978 vides,
813 1917 879 1966 ut
900 1929 1015 1966 non
1048 1916 1167 1966 tam
1202 1913 1388 1966 multi-

232 1984 361 2055 plex
416 2001 485 2038 ex
536 1983 705 2053 agris,
742 1983 940 2051 hortis,
976 1983 1173 2052 pratis,
1209 1984 1389 2038 vineis

234 2055 451 2110 reditus
486 2053 845 2124 praedicetur
881 2072 1050 2123 quam
1086 2055 1387 2110 salubritas

234 2133 292 2182 et
326 2125 573 2182 solitudo
598 2125 871 2194 locorum3
913 2127 1115 2195 quibus
1139 2127 1304 2181 rebus
1332 2131 1389 2181 et

232 2199 459 2268 corpori
485 2203 542 2253 et
578 2198 765 2252 animo
802 2199 1015 2268 optime
1050 2198 1387 2253 consulatur.

232 2271 495 2326 Ceterum
534 2270 759 2342 egregie
797 2268 1068 2325 Orellius:
1124 2269 1265 2338 „Vix
1302 2288 1386 2324 sa-

228 2342 303 2398 tis
339 2341 551 2395 nostris
595 2340 915 2395 hominibus
967 2341 1075 2396 hoc
1118 2341 1389 2395 inculcari

230 2416 439 2484 potest,
467 2412 762 2468 Horatium
802 2413 1103 2468 admodum
1133 2412 1241 2467 sibi
1269 2413 1388 2482 pla·

228 2485 411 2542 cuisse
446 2484 507 2538 iu
538 2485 718 2540 facete
754 2483 1044 2539 imitandis
1071 2485 1389 2538 Stoicorum

229 2551 565 2627 παραδόξοις
615 2561 671 2610 et
716 2559 839 2610 tota
875 2555 1114 2612 docendi
1150 2556 1389 2624 ratione,

228 2646 503 2700 perquam
572 2626 818 2682 feliciter
878 2628 1145 2683 devitatis
1207 2628 1389 2682 solitis

230 2701 547 2760 ἐπιδείξεων
582 2700 811 2754 illarum
844 2699 1025 2770 vitiis,
1062 2700 1121 2755 id
1158 2705 1261 2768 est,
1296 2717 1387 2754 ex-

230 2771 689 2844 aggerationibus
760 2775 817 2826 et
888 2789 1095 2842 genere
1168 2771 1389 2826 dicendi

229 2843 397 2899 modo
433 2843 600 2896 nimis
630 2859 827 2912 aspero
864 2848 923 2898 et
958 2844 1184 2914 spinoso
1221 2841 1388 2897 modo

230 2917 413 2970 vitam
452 2915 829 2968 umbraticam
866 2931 933 2970 ac
968 2914 1187 2970 scholas
1224 2915 1389 2968 nimis

230 2985 570 3042 redolente.“
594 3015 660 3026 —
682 2984 973 3055 Temporis
998 2987 1241 3056 vestigia
1276 3002 1389 3040 nou

230 3057 617 3128 reperiuntur:
665 3057 773 3112 nisi
816 3058 965 3126 quod
1002 3058 1247 3128 Augusti
1292 3075 1391 3112 no·

233 3148 363 3184 men
399 3147 451 3182 v.
476 3131 546 3184 29
585 3133 715 3198 post
753 3146 961 3184 annum
988 3131 1091 3183 727
1120 3129 1390 3198 scriptam

232 3200 539 3272 epistulam
574 3199 840 3255 ostendit.

306 3271 377 3328 V.
418 3275 464 3325 1.
510 3269 733 3342 Quinti]
770 3271 1113 3340 Notandum,
1148 3273 1209 3326 in
1247 3271 1389 3327 anti-

238 3343 511 3413 quissimo
554 3343 673 3398 eod.
698 3341 898 3397 Bland.
936 3348 995 3397 et
1032 3344 1158 3398 aliis
1198 3343 1390 3414 paucis

234 3417 507 3485 scriptum
546 3414 719 3469 fuisse
762 3414 1003 3486 Quincti,
1038 3419 1105 3470 ut
1137 3417 1197 3470 iu
1232 3433 1389 3468 num-

233 3489 339 3542 mis
386 3487 489 3540 sub
526 3488 785 3557 Augusto
832 3486 1093 3556 signatis3
1145 3486 1390 3557 Augusti

233 3564 423 3614 tamen
460 3561 649 3613 aetate
683 3557 868 3612 forma
892 3557 1077 3628 Quint.
1117 3557 1257 3627 (sine
1292 3557 1389 3612 lit-

234 3636 359 3685 tera
411 3630 461 3698 c)
517 3629 697 3699 magis
752 3631 1045 3700 magisque
1106 3631 1164 3683 in
1228 3647 1390 3684 usum

233 3703 406 3756 venit.
454 3731 526 3740 —
570 3699 861 3770 opulentet]
909 3701 1257 3756 rarissimum
1294 3718 1389 3755 vo-

236 3772 517 3840 cabulum,
567 3773 719 3840 quod
772 3777 905 3827 ante
942 3771 1241 3828 Horatium
1275 3789 1389 3828 non

232 3845 533 3914 reperitur.
580 3873 646 3884 —
698 3861 776 3898 an
804 3843 1016 3914 pratis]
1055 3843 1147 3898 Sic
1180 3845 1389 3900 rectius

234 3934 403 3986 quam
462 3916 614 3984 quod
679 3933 714 3970 a
776 3915 1003 3970 Kellero
1064 3934 1132 3970 ex
1189 3916 1383 3970 multis

234 4005 366 4042 sane
416 3987 577 4043 codd.
623 3991 911 4056 receptum
960 3992 1045 4042 est
1089 3993 1141 4042 et
1182 3987 1383 4056 pratis.

234 4061 331 4114 An
352 4059 743 4130 praetulerunt
779 4060 952 4113 etiam
974 4059 1216 4130 Kriiger.
1244 4059 1388 4112 Miil-

235 4131 335 4186 ler.
376 4131 699 4186 Doederlin.
735 4130 1023 4184 Eckstein.
1058 4160 1123 4169 —
1160 4130 1383 4200 amicta]

239 4200 401 4257 Ovid.
428 4203 563 4258 Met.
589 4203 659 4268 X,
685 4203 813 4256 100:
854 4202 1219 4273 „pampineae
1242 4203 1387 4256 vites

237 4278 296 4327 et
330 4273 560 4330 amictae
595 4273 807 4328 vitibus
848 4273 1041 4327 ulmi.“
1102 4273 1191 4328 Ex
1226 4272 1387 4328 Pont.

236 4343 336 4406 111.
367 4348 422 4415 8,
462 4348 554 4400 13:
596 4362 743 4412 „non
780 4343 873 4399 hic
901 4345 1214 4414 pampineis
1252 4345 1387 4399 ami-

234 4416 383 4470 citur
430 4417 641 4471 vitibus
687 4415 921 4470 ulmus.“
972 4446 1037 4455 —
1085 4417 1275 4485 amu]
1312 4416 1384 4471 cf.

240 4487 421 4542 Carm.
454 4488 555 4557 III,
580 4489 633 4551 6,
667 4489 755 4542 44.
794 4486 852 4541 C.
891 4487 943 4542 S.
982 4487 1029 4540 9.
1069 4515 1141 4526 —
1174 4488 1238 4540 ni
1273 4487 1386 4542 dis-

236 4558 533 4630 socientur]
569 4559 720 4616 Villa
753 4558 813 4614 in
846 4576 1023 4630 opaca
1057 4557 1205 4616 valle
1238 4559 1389 4616 inter

1480 1557 1700 1608 montes
1723 1554 1834 1609 sita
1869 1559 2013 1622 erat,
2049 1558 2110 1608 et
2143 1554 2440 1610 interiecta
2476 1554 2639 1610 vallis

1482 1625 1780 1679 admodum
1839 1631 2078 1696 angusta
2141 1629 2290 1696 erat,
2351 1633 2416 1681 ut
2476 1644 2637 1681 mons

1480 1701 1728 1780 montem
1787 1713 1968 1780 paene
2032 1701 2310 1780 tangeret.
2347 1769 2357 1781 .
2399 1697 2638 1782 ’Montes

1479 1769 2408 1912 ffltf⁰¹1²123220⁸123333⁸1033
2439 1769 2638 1908 eim]

1484 1917 1552 1966 ut
1588 1911 1760 1966 etiam
1793 1911 2110 1968 Doederlin.
2137 1911 2360 1966 muner.
2397 1912 2638 1982 Kriiger.

1481 1982 1766 2038 Eckstein.
1827 1983 2173 2052 scripserunt
2189 2023 2202 2046 ‚
2272 2001 2386 2038 non
2455 2001 2636 2038 assen-

1480 2055 1660 2110 tiente
1680 2055 1924 2122 Keller0,
1954 2056 2051 2124 qui
2081 2055 2316 2109 alteram
2339 2054 2638 2111 lectionem

1480 2127 1535 2181 si
1596 2131 1825 2181 conatus
1881 2130 1966 2180 est
2025 2125 2350 2195 defendere;
2404 2124 2634 2191 frustra,

1482 2198 1701 2267 opinor.
1750 2227 1817 2237 -
1865 2197 2062 2268 opaca]
2113 2196 2182 2252 cf.
2230 2195 2412 2252 Garm.
2463 2197 2509 2259 1,
2550 2200 2632 2265 1¹7,

1470 2272 1568 2324 -17.
1592 2297 1664 2308 ——
1688 2269 1937 2340 vaporet]
1985 2269 2304 2339 tepefaciat.
2341 2268 2638 2324 Lucretius

1483 2341 1555 2403 11,
1585 2343 1686 2395 188
1708 2358 1850 2409 sqq.:
1893 2343 2008 2410 „At
2041 2357 2216 2411 vapor
2251 2341 2317 2409 is,
2354 2357 2518 2409 quem
2554 2342 2639 2396 sol

1480 2413 1681 2481 mittit,
1733 2413 2037 2481 lumenque
2077 2430 2332 2467 serenum
2367 2411 2494 2467 Non
2535 2429 2638 2482 per

1482 2485 1648 2539 inane
1707 2488 1859 2538 meat
1913 2501 2184 2552 vacuum3
2247 2501 2356 2554 quo
2419 2484 2638 2539 tardius

1480 2557 1566 2610 ire
1607 2555 1858 2626 Cogitur,
1908 2555 2092 2610 aerias
2142 2555 2292 2624 quod
2335 2555 2416 2609 sic
2452 2555 2636 2611 diver-

1480 2628 1646 2683 berat
1689 2627 1896 2682 undas:
1975 2627 2093 2683 Nec
2137 2627 2468 2696 singillatim
2518 2645 2636 2682 cor-

1480 2699 1716 2770 puscula
1764 2715 2016 2768 quaeque
2061 2699 2302 2766 vaporis,
2341 2697 2448 2752 Sed
2492 2716 2636 2754 oom—

1520 2771 1649 2825 lexa
1707 2774 1900 2825 meant
1943 2771 2093 2824 inter
2139 2787 2196 2824 se
2247 2787 2484 2838 cumque
2518 2770 2638 2840 glo·

1557 2841 1670 2897 ta.“
1745 2841 1958 2896 Colum.
1997 2841 2069 2908 11,
2113 2843 2197 2908 15,
2237 2842 2295 2894 6:
2359 2841 2637 2908 „Glaebae

1482 2913 1693 2969 solibus
1729 2913 1955 2967 aestivis
1990 2912 2351 2982 vaporatae.“
2381 2942 2444 2952 -
2472 2911 2638 2983 Quid,

1480 2986 1556 3055 st]
1602 2983 1672 3039 cf.
1724 2983 1904 3038 Carm.
1951 2983 1997 3053 1,
2043 2985 2132 3048 24,
2190 2986 2271 3038 13.
2345 2983 2548 3038 Postea
2581 3002 2635 3038 v.

1488 3060 1553 3110 10
1599 3073 1725 3112 cum
1783 3056 1954 3109 etiam
2003 3055 2138 3110 boni
2187 3053 2346 3110 codd.
2395 3055 2638 3110 habeant

1479 3127 1654 3196 iuvat,
1690 3127 1976 3181 Bentleius
2025 3144 2094 3182 ex
2145 3127 2468 3182 coniectura
2503 3128 2637 3181 scri-

1480 3200 1606 3270 psit
1616 3199 1830 3267 ferun&
1858 3215 1988 3252 nam
2017 3198 2410 3266 „indicativus,
2434 3198 2639 3266 inquit,

1480 3273 1541 3326 in
1566 3271 1672 3326 hac
1705 3269 1898 3339 phrasi
1931 3274 2015 3324 est
2039 3271 2220 3325 oratio
2265 3268 2633 3334 adfirmantis,

1481 3341 1870 3398 subiunctivus
1945 3341 2195 3411 optantis
2265 3345 2490 3395 tantum
2549 3341 2638 3395 vel

1480 3413 1836 3469 metuentis.“
1877 3413 2119 3468 Uberius
2156 3413 2227 3466 de
2265 3412 2372 3466 bac
2407 3430 2470 3466 re
2507 3413 2640 3467 scri·

1480 3486 1570 3556 psi
1611 3485 1670 3539 in
1708 3483 2027 3551 Quaestion.
2087 3484 2282 3538 Horat.
2326 3501 2382 3552 p.
2421 3485 2490 3537 48
2515 3501 2638 3553 sqq.

1484 3587 1551 3596 -
1577 3555 1819 3626 benigni]
1860 3555 1953 3611 Sic
1988 3556 2131 3610 bene
2157 3556 2376 3624 antiqui
2403 3555 2638 3624 codices,

1482 3629 1580 3684 alii
1617 3627 1763 3682 male
1800 3627 2040 3696 beniym.
2103 3626 2264 3682 Ovid.
2303 3631 2431 3681 Am.
2467 3626 2511 3690 Ι,
2554 3629 2636 3696 10,

1482 3702 1575 3754 56:
1637 3698 1948 3769 „Praebeat
1994 3699 2216 3753 Alcinoi
2273 3715 2441 3768 poma
2483 3698 2636 3753 beni-

1482 3789 1627 3856 gnus
1680 3769 1866 3842 ager.“
1917 3801 1982 3810 —
2029 3769 2232 3853 vepres]
2275 3770 2505 3825 mascul.
2531 3787 2636 3896 ffi-

1481 3860 1652 3969 ¹222?
1667 3847 1772 3968 121².t
1788 3840 2634 3994 Afflfdvffifffi'ibffflgcianuz

1478 3987 1688 4054 docuit,
1745 3985 2160 4054 antiquissimos
2215 3983 2424 4038 dixisse
2470 3989 2528 4038 et
2577 3984 2636 4039 hi

1478 4063 1538 4113 et
1581 4057 1682 4112 hae
1731 4074 1943 4126 vepres.
1988 4086 2054 4097 —
2102 4071 2270 4110 corna
2317 4060 2368 4110 et
2421 4056 2634 4126 pruna]

1478 4129 1788 4185 Kornellen
1831 4129 1950 4182 und
1985 4127 2274 4189 Schlehen,
2320 4143 2505 4196 pruna
2541 4128 2634 4182 sil-

1478 4201 1714 4257 vestria:
1755 4218 1898 4269 quae
1933 4205 2124 4254 tamen
2159 4216 2273 4253 non
2308 4199 2634 4268 praedican-

1477 4277 1574 4328 tur
1611 4271 1796 4326 faceta
1833 4271 2074 4341 quadam
2109 4270 2327 4326 ratione
2374 4275 2440 4323 ut
2477 4287 2634 4340 egre-

1478 4345 1562 4416 gii
1623 4344 1859 4412 fructus‚
1920 4342 2018 4399 sed
2075 4343 2146 4397 ad
2209 4341 2633 4396 describendam

1478 4415 1726 4544 ’ἔξω
1737 4433 1960 4556 5335?
1962 4416 2463 4555 {lissssmip'a'ai’ff
2466 4413 2634 4554 {1323

1482 4559 1738 4616 efficiunt
1759 4557 2146 4629 praecedentis
2169 4556 2498 4614 sententiae.
2536 4556 2632 4614 Ce-
