3092 5059
365 192 488 259 &AE

1382 187 1737 257 EPODON

467 379 820 479 Iuppiter
872 376 1008 453 illa
1065 378 1240 474 piae
1291 378 1621 453 secrevit
1668 376 1896 453 litora
1946 379 2178 474 genti,

565 503 664 581 Ut
715 503 1148 602 inquinavit
1198 528 1379 579 aere
1431 514 1733 599 tempus
1788 527 2146 597 aureum3

385 660 435 702 ας
473 628 700 719 Aere,
757 628 1036 703 dehinc
1087 630 1297 705 ferro
1355 627 1662 703 duravit
1712 627 2055 703 saecula:
2112 654 2437 728 quorum

571 754 722 829 Piis
765 753 1099 829 secunda
1150 765 1325 829 vate
1375 777 1500 828 me
1555 752 1783 829 datur
1834 754 2082 856 fuga.¹

1237 1091 1619 1178 CARMEN
1682 1092 1934 1179 XVII.

672 1256 838 1333 Iam
893 1259 1045 1334 iam
1098 1258 1398 1334 efficaci
1449 1258 1550 1333 do
1598 1283 1866 1333 manus
1912 1258 2271 1333 scientiae

673 1382 1012 1484 Supplex
1065 1397 1138 1459 et
1189 1409 1325 1459 oro
1367 1409 1607 1483 regna
1658 1409 1800 1481 per
1837 1382 2367 1483 Proserpinae,

675 1508 824 1584 Per
874 1522 952 1585 et
991 1508 1284 1585 Dianae
1335 1535 1489 1583 non
1540 1508 1928 1585 movenda
1977 1508 2297 1583 numina

373 1760 437 1813 in
481 1774 540 1812 se
593 1756 842 1812 continet
889 1756 1040 1826 quod
1085 1762 1185 1812 aut
1229 1756 1382 1829 agris
1428 1761 1530 1812 aut

378 1827 574 1884 incolis
635 1832 694 1883 et
751 1846 852 1899 gre
899 1828 1018 1883 'bus
1079 1833 1282 1884 noceat
1350 1846 1528 1899 neque

379 1901 722 1956 extrinsecus
768 1918 862 1955 ma
885 1918 920 1955 a
977 1900 1227 1955 veniunt.
1300 1900 1528 1955 Etenim

375 1990 541 2043 agros
587 1988 768 2041 neque
813 1972 1018 2027 nimiae
1061 1972 1288 2043 pluviae
1321 1978 1530 2027 vexant

378 2062 481 2099 neo
527 2044 748 2099 siccitas
797 2044 998 2109 exurit,
1047 2044 1261 2100 incolae
1299 2062 1333 2098 a
1372 2062 1528 2114 pere-

377 2116 554 2186 grinis
592 2132 705 2169 non
740 2114 1062 2184 turbantur,
1101 2115 1340 2185 pecudes
1375 2116 1528 2171 deni-

379 2205 488 2257 que
530 2185 703 2240 nullis
748 2188 1024 2259 contagiis
1071 2186 1346 2242 laborant.
1417 2188 1529 2259 lgi-

379 2262 474 2314 tur
525 2275 708 2327 neque
763 2259 916 2329 agris
971 2276 1152 2328 neque
1209 2259 1540 2316 hominibus

379 2328 918 2456 333⁶..z’f2‘2u‘lllff
957 2331 1292 2456 fflffluffi
1330 2330 1529 2457 5323.

378 2478 508 2543 post
533 2490 588 2527 v.
611 2474 682 2526 48
718 2472 922 2542 posuit.
950 2503 1016 2512 —
1049 2473 1212 2543 astri]
1253 2472 1324 2529 cf.
1347 2474 1528 2529 Carm.

379 2544 482 2613 111,
526 2547 606 2608 13,
644 2544 693 2597 9.
746 2573 811 2584 —-
863 2544 1008 2614 aere]
1047 2543 1184 2599 Tres
1230 2544 1402 2600 habet
1441 2564 1530 2601 ae-

381 2620 525 2671 tates
539 2656 553 2684 ‚
625 2632 879 2680 auream,
949 2633 1170 2670 aeream
1183 2656 1198 2684 ,
1269 2616 1528 2679 ferream,

381 2688 585 2742 omissa
633 2691 919 2757 argentea.
983 2717 1051 2727 —
1115 2704 1254 2756 aere,
1309 2688 1528 2759 dehinc]

381 2759 500 2813 Alii
541 2776 610 2812 ex
657 2757 816 2812 codd.
865 2774 1024 2813 aerea
1069 2758 1263 2813 dehinc
1317 2761 1530 2829 (mono-

381 2828 546 2899 εἵη),
583 2846 694 2898 qua
730 2830 968 2884 lectione
1003 2830 1312 2901 molestam,
1348 2837 1413 2887 ut
1448 2831 1529 2886 di-

383 2901 601 2969 cebant,
622 2901 969 2970 anaphoram
993 2902 1252 2957 vitarent.
1294 2907 1373 2958 At
1396 2922 1530 2958 vero

382 2978 534 3028 recte
572 2972 1016 3027 animadversum
1045 2978 1144 3039 est,
1175 2975 1376 3029 referri
1402 2994 1530 3030 ana-

383 3043 562 3115 phora
619 3049 958 3099 commotum
1011 3050 1212 3115 poetae
1267 3048 1531 3113 animum,

385 3133 495 3186 quo
552 3116 841 3170 intueatur
888 3116 1120 3171 humani
1163 3120 1382 3189 generis
1438 3119 1529 3174 de-

383 3188 788 3258 pravationem.
859 3188 930 3242 cf.
967 3206 1136 3258 supra
1171 3208 1222 3243 v.
1265 3194 1352 3245 41.
1425 3192 1532 3246 De—

383 3258 514 3313 inde
558 3259 605 3312 si
651 3258 786 3328 quid
835 3259 914 3314 ibi
962 3260 1184 3315 molesti
1221 3267 1324 3331 est,
1359 3264 1417 3317 id
1461 3281 1533 3318 ne

385 3330 660 3385 adiectivo
780 3332 967 3385 uidem
1042 3348 1204 3387 aerea
1283 3334 1532 3405 pellitur.

383 3402 684 3456 Praeterea
793 3402 1042 3457 einekius
1097 3404 1288 3460 docuit
1342 3405 1535 3462 dehinc

385 3474 622 3527 Horatio
682 3490 966 3543 nunquam
1027 3492 1144 3531 esse
1203 3478 1532 3547 monosylla-

385 3545 536 3607 bum.
573 3562 625 3599 ν.
667 3544 781 3600 Sat.
819 3546 864 3614 1,
900 3546 951 3613 8,
993 3548 1109 3601 104.
1148 3550 1200 3616 5,
1239 3550 1326 3602 97.
1366 3553 1433 3605 Α.
1471 3550 1533 3604 P.

389 3620 520 3685 1443
577 3620 772 3671 contra
819 3617 998 3672 eidem
1048 3633 1228 3689 neque
1274 3620 1401 3675 dein
1435 3638 1534 3675 un-

387 3706 557 3757 quam
612 3688 944 3757 bisyllabum
999 3708 1179 3760 neque
1232 3690 1422 3748 deinde
1479 3698 1538 3747 et

385 3758 632 3827 deinceps
657 3761 1007 3828 trisyllabum
1033 3768 1134 3816 est.
1158 3763 1352 3819 Lehrs.
1370 3763 1538 3834 plene

387 3832 740 3900 interpunxit
784 3837 914 3901 post
959 3850 1197 3902 aureum,
1243 3839 1364 3888 tum
1414 3851 1535 3890 aere

388 3904 446 3956 in
485 3902 614 3957 dira
659 3904 916 3958 mutavit.
964 3934 1029 3944 -
1079 3906 1325 3975 quorum]
1363 3906 1536 3962 Gene-

387 3975 538 4100 giivus
575 3979 661 4029 est
697 3989 862 4045 quem
911 3976 1149 4031 solemus
1195 3978 1534 4034 obiectivum

449 4062 588 4101 cere.

715 4143 997 4199 Carmen
1035 4142 1209 4198 XVII.

459 4254 690 4311 Duobus
740 4258 1098 4327 carminibus,
1147 4274 1290 4326 quae
1337 4258 1398 4312 in
1437 4258 1534 4313 Ca-

386 4327 600 4381 nidiam
659 4346 851 4398 sagam
913 4336 972 4383 et
1029 4328 1332 4385 veneficam
1386 4348 1536 4385 acer-

388 4398 615 4453 bissime
651 4401 860 4470 scripta
895 4406 1058 4456 erant
1093 4400 1296 4469 (Epod.
1332 4404 1382 4456 δ.
1421 4402 1535 4457 Sat.

389 4470 433 4530 1,
467 4468 548 4551 β),
593 4470 698 4525 hoc
742 4472 976 4527 tertium
1023 4472 1270 4527 additur.
1342 4473 1540 4545 Fingit

390 4556 538 4593 emm
575 4545 759 4611 poeta,
800 4542 1088 4599 Canidiam
1129 4545 1376 4600 versibus
1425 4545 1538 4600 suis

1621 1756 1683 1812 iu
1754 1755 2002 1811 furorem
2065 1754 2559 1827 gravissimamque
2626 1753 2771 1809 iram

1622 1828 1895 1901 agitatam
1941 1828 2161 1899 magica
2206 1831 2329 1882 arte
2382 1826 2553 1881 etiam
2598 1826 2688 1879 in·
2712 1843 2772 1880 se

1621 1918 1780 1955 usam
1804 1918 1937 1969 esse,
1950 1917 2065 1954 non
2088 1904 2149 1953 ut
2166 1898 2476 1953 ludibrium
2500 1902 2559 1953 et
2580 1898 2771 1952 odium

1626 1972 1685 2027 in
1721 1990 1969 2027 amorem
2015 1974 2383 2040 converteret,
2430 1969 2527 2027 sed
2572 1974 2638 2024 ut
2672 1969 2771 2024 du-

1622 2044 1843 2099 rissima
1890 2060 2142 2113 quaeque
2188 2042 2338 2097 mala
2385 2042 2447 2095 in
2485 2040 2773 2096 inimicum

1623 2116 1951 2171 cumularet.
2010 2115 2177 2170 Cuius
2218 2113 2443 2183 quidem
2482 2112 2622 2167 artis
2659 2130 2771 2167 ma·

1622 2188 1833 2242 ximam
1871 2188 1987 2242 vim
2034 2187 2146 2241 iam
2182 2202 2333 2241 nunc
2366 2202 2427 2239 se
2460 2185 2670 2240 sentire
2706 2185 2777 2238 si·

1622 2259 1804 2314 mulat
1848 2258 2243 2326 inimicamque
2278 2262 2345 2311 ut
2389 2256 2619 2311 tandem
2666 2255 2774 2310 sibi

1624 2331 1759 2385 satis
1799 2330 2049 2385 cruciato
2088 2346 2319 2399 parcere
2354 2328 2496 2384 velit
2538 2328 2775 2398 supplex

1625 2401 1895 2457 obsecrat.
1984 2400 2096 2456 Sed
2154 2400 2354 2455 surdae
2423 2404 2555 2453 sunt
2614 2416 2774 2454 aures

1626 2473 1917 2542 Canidiae;
1940 2489 2225 2541 nunquam
2248 2490 2315 2527 ea
2334 2471 2583 2527 furorem
2606 2470 2775 2525 ultio-

1626 2562 1863 2615 nemque
1915 2545 2149 2598 minuet.
2221 2544 2379 2598 Duae
2425 2544 2603 2614 igitur
2658 2560 2773 2597 car-

1624 2617 1791 2671 minis
1836 2622 1966 2669 sunt
2010 2620 2217 2686 partes,
2259 2616 2418 2686 prior
2458 2616 2535 2683 (v.
2580 2615 2775 2683 1-52)

1626 2706 1735 2758 qua
1770 2693 1937 2758 poeta
1976 2686 2243 2756 quicquid
2291 2686 2427 2742 olim
2473 2686 2773 2741 calumnia-

1624 2764 1716 2814 tus
1778 2760 1852 2814 sit
1912 2759 2209 2813 mentitum
2272 2776 2330 2813 se
2393 2775 2511 2812 esse
2576 2756 2777 2813 humili

1625 2832 1811 2887 animo
1855 2830 2078 2886 videtur
2122 2830 2318 2899 fateri3
2368 2828 2548 2883 altera
2587 2828 2663 2899 (v.
2708 2830 2776 2881 53

1627 2902 1790 2973 —81)
1832 2920 1942 2972 qua
1980 2901 2213 2957 Canidia
2255 2900 2479 2955 veniam
2520 2918 2579 2954 se
2614 2900 2773 2954 datu·

1625 2992 1749 3029 ram
1802 2991 1913 3028 non
1968 2978 2139 3043 negat
2189 2974 2369 3027 solum
2416 2971 2517 3027 sed
2570 2988 2777 3041 poenas

1626 3046 1797 3101 etiam
1833 3049 2124 3100 aucturam
2161 3044 2427 3099 minatur.
2502 3042 2624 3111 Qua
2660 3060 2776 3097 car·

1626 3118 1791 3171 minis
1827 3118 2047 3171 ratione
2081 3134 2286 3170 novam
2311 3116 2777 3183 salsissimamque

1628 3188 1893 3243 Canidiae
1951 3188 2268 3242 irrisionem
2326 3187 2458 3242 addi
2516 3203 2776 3256 superva-

1627 3277 1858 3315 caneum
1916 3276 2093 3330 prope
2149 3260 2375 3314 videtur
2433 3276 2544 3313 uno
2604 3258 2775 3312 verbo

1628 3332 1892 3386 indicare.
1965 3331 2085 3400 Quo
2148 3349 2293 3386 anno
2350 3348 2575 3386 carmen
2632 3346 2776 3384 com-

1627 3404 1873 3473 positum
1931 3403 2192 3458 videatur
2252 3402 2494 3457 inveniri
2554 3402 2773 3470 nequit3

1626 3475 1986 3529 vehementer
2030 3474 2181 3529 enim
2224 3480 2441 3528 erraret
2486 3472 2581 3542 qui
2620 3490 2689 3528 ex
2722 3490 2777 3527 v·

1628 3547 1697 3600 23
1758 3545 2015 3601 concludi
2066 3546 2281 3615 aliquid
2320 3561 2481 3615 posse
2525 3545 2777 3614 opinare-

1628 3621 1739 3671 tur.
1821 3616 2067 3673 Frankio
2129 3616 2461 3671 novissimus
2530 3616 2777 3671 omnium

1630 3688 1937 3757 epodorum
1992 3706 2109 3743 esse
2164 3690 2316 3743 visus
2371 3692 2479 3751 est,·
2539 3688 2779 3757 scriptus

1631 3760 1779 3815 circa
1817 3778 1866 3815 a.
1886 3762 2009 3828 724,
2048 3760 2173 3814 aliis
2200 3778 2248 3813 a.
2272 3760 2394 3827 715,
2432 3758 2559 3814 aliis
2583 3776 2634 3813 a.
2654 3761 2777 3813 717.

1702 3831 1765 3885 V.
1792 3834 1836 3885 1.
1875 3830 1944 3886 do
1980 3832 2199 3900 mnus]
2236 3832 2449 3885 victum
2490 3848 2580 3886 me
2613 3828 2781 3900 profi-

1630 3906 1771 3957 teor.
1846 3902 1959 3957 Cic.
1998 3904 2070 3957 ad
2108 3906 2223 3957 Att-
2263 3901 2336 3970 11,
2359 3904 2458 3956 22:
2498 3902 2781 3972 „Aiebant

1630 3974 1789 4029 illum
1823 3975 2007 4044 primo
2042 3992 2174 4029 sane
2211 3973 2308 4029 diu
2352 3974 2532 4029 multa
2568 3979 2781 4041 contra,

1630 4046 1701 4100 ad
1737 4050 2050 4101 extremum
2075 4050 2263 4100 autem
2286 4062 2483 4100 manus
2510 4043 2778 4100 dedisse.“

1631 4146 1697 4156 —
1736 4116 2125 4186 Proserpinae]
2164 4134 2197 4171 a
2217 4116 2447 4171 Canidia
2474 4134 2643 4188 maga
2665 4132 2780 4169 ma-

1630 4188 1877 4260 Tgnopere
1940 4190 2105 4243 culta.
2194 4188 2408 4243 Eadem
2473 4189 2543 4243 de
2619 4204 2782 4243 causa

1632 4260 1803 4315 etiam
1838 4260 2021 4315 Diana
2054 4264 2413 4314 memoratur.
2488 4260 2557 4316 cf.
2598 4258 2779 4329 Epod.

1634 4334 1684 4399 5,
1721 4332 1806 4385 51.
1845 4360 1916 4371 -
1950 4330 2228 4400 movenda]
2269 4348 2491 4386 movere
2528 4332 2661 4387 deos
2697 4335 2782 4384 est

1633 4404 1764 4457 deos
1800 4402 2036 4468 laedere,
2074 4402 2303 4471 violare,
2340 4402 2587 4458 irritare.
2660 4402 2781 4455 Liv.

1632 4474 1804 4541 XXV,
1842 4476 1934 4529 26:
1999 4472 2388 4542 „intoleranda
2450 4474 2535 4530 vis
2599 4478 2783 4530 aestus

1633 4544 1882 4600 omnium
1917 4544 2092 4599 ferme
2129 4561 2366 4614 corpora
2394 4546 2613 4601 movitf‘
2648 4544 2782 4602 Fuit
