3092 5059
1466 240 1546 306 31

472 426 766 508 quintam
811 425 1130 509 syllabam
1176 446 1256 492 ea
1299 425 1683 493 condicione
1726 426 2052 510 inciditur,
2116 434 2189 493 ut
2252 434 2440 495 sexta
2492 435 2709 495 teneat

470 534 858 601 vocabulum
887 535 1424 619 monosyllabum,
1453 534 1577 601 hoc
1598 533 1792 601 modo
1816 538 2054 618 acepit
2082 538 2244 603 ictus
2268 536 2275 619 Ι
2296 540 2706 619 propatheis,

468 642 612 709 Hoc
655 643 724 708 in
763 644 1141 710 cultissimis
1185 644 1583 710 carminibus
1627 650 1885 710 secutus
1930 652 2049 725 est,
2122 646 2413 730 neglexit
2458 649 2525 713 in
2570 650 2705 730 qui·

447 751 763 829 busdam,
811 772 974 835 quae
1019 772 1132 819 cur
1175 755 1395 819 omnia.
1437 754 1647 836 primo
1696 761 1758 819 et
1800 752 2089 820 secundo
2134 755 2301 823 libro
2346 756 2704 840 inseruerit,

467 860 724 927 miror.“
769 861 850 927 cf.
896 861 946 943 Ι,
995 863 1094 944 16,
1137 864 1196 927 3.
1239 864 1340 945 26,
1388 862 1446 929 7.
1491 865 1591 943 29,
1638 864 1737 929 11.
1780 864 1865 945 ΙΙ,
1918 864 1973 941 1,
2022 865 2117 930 11.
2170 866 2265 947 13,
2311 866 2411 931 27.
2460 867 2559 950 14,
2605 868 2703 931 11.

471 970 570 1049 19,
615 970 674 1035 7.
721 971 820 1037 11.
867 970 1156 1037 Ritterus
1195 970 1282 1037 ad
1327 971 1534 1037 Carm.
1583 971 1669 1053 ΙΙ,
1720 973 1819 1055 13,
1862 973 1942 1038 27
1988 974 2357 1058 suspicatus
2402 981 2523 1057 est,
2566 996 2704 1041 rem

469 1087 606 1146 tam
647 1079 876 1146 miram
914 1099 1045 1145 non
1079 1078 1246 1164 esse3
1297 1101 1378 1147 ex
1407 1082 1801 1148 carminibus
1827 1082 2115 1149 Alcaicis
2144 1083 2299 1149 libri
2327 1084 2429 1149 ΙΙΙ
2456 1084 2703 1150 nullum

467 1194 738 1273 excepto
783 1189 866 1253 29
929 1196 1082 1255 ante
1143 1209 1200 1255 a.
1247 1190 1370 1255 726
1435 1191 1679 1255 factum
1744 1210 1887 1257 esse
1952 1210 2154 1275 eoque
2218 1190 2473 1259 demum
2532 1214 2703 1261 anno

467 1296 806 1363 Horatium
851 1318 995 1363 eam
1038 1297 1166 1364 sibi
1205 1298 1418 1383 legem
1483 1299 1887 1383 imposuisse.
1974 1300 2185 1383 Igitur
2228 1300 2351 1367 hoc
2395 1301 2701 1369 observa:
2796 1337 2801 1344 =

471 1406 532 1473 si
595 1412 742 1489 post
796 1407 1088 1488 quintam
1155 1406 1474 1489 syllabam
1537 1406 1797 1474 dimetri
1859 1408 2183 1485 inciditur,
2250 1411 2543 1493 sequitur
2596 1412 2703 1479 vel

467 1515 982 1600 monosyllabum
1043 1516 1426 1582 vocabulum
1445 1566 1460 1593 ‚
1529 1516 1705 1600 quod
1776 1519 2093 1600 optimum
2152 1526 2277 1596 est,
2344 1520 2449 1586 vel
2498 1521 2700 1604 bisyl-

471 1624 708 1702 labum,
781 1624 956 1707 quod
1020 1626 1338 1709 reperitur
1399 1626 1466 1691 in
1529 1626 1739 1710 primo
1804 1632 1867 1691 et
1913 1627 2118 1693 altero
2176 1628 2343 1694 libro
2384 1632 2587 1697 octies
2630 1636 2703 1697 ut

465 1752 668 1817 supra
705 1734 988 1809 ostendi;
1039 1735 1453 1818 trisyllabum
1499 1738 1699 1803 semel
1743 1742 1989 1801 tantum
2017 1736 2069 1819 Ι,
2098 1738 2200 1819 35,
2234 1738 2308 1801 11
2342 1742 2702 1823 (requmquc

460 1848 702 1909 matres
751 1842 758 1925 Ι
806 1842 1222 1909 barbarorum
1265 1846 1371 1925 et),
1441 1845 1941 1929 tetrasyllabum
1983 1844 2086 1913 bis
2131 1846 2215 1928 ΙΙ,
2260 1848 2319 1927 3,
2364 1850 2422 1912 3.
2470 1847 2550 1931 ΙΙ,
2600 1849 2697 1927 19,

467 1952 548 2019 19
613 1952 742 2032 (Ab
783 1952 1082 2018 insolenti
1127 1950 1135 2035 Ι
1183 1954 1647 2034 tmperatam);
1721 1956 1791 2020 in
1856 1953 2069 2020 tertio‘
2114 1960 2179 2022 et
2240 1962 2469 2039 quarto
2532 1956 2699 2025 libro

466 2080 800 2127 caesuram
839 2062 1102 2145 quintae
1147 2060 1324 2128 sedis
1365 2082 1681 2147 nusquam
1724 2084 1845 2130 nec
1887 2064 2277 2148 bisyllabum
2320 2084 2441 2131 nec
2480 2066 2697 2150 trisyl-

467 2170 683 2236 labum
751 2190 872 2237 nec
933 2170 1424 2255 tetrasyllabum
1487 2171 1868 2237 vocabulum
1936 2173 2201 2257 excipit.
2264 2206 2339 2219 -—
2405 2174 2697 2241 Dimeter

466 2278 780 2346 iambicus
828 2300 952 2363 quo
997 2282 1258 2364 gravior
1299 2282 1414 2347 fiat
1462 2303 1504 2347 a
1546 2282 1835 2365 spondeo
1878 2284 2043 2347 solet
2087 2284 2405 2368 incipere3
2462 2282 2695 2368 hyper·

464 2390 654 2454 metri
696 2396 846 2454 sunt
888 2389 972 2471 ΙΙ,
1015 2390 1076 2473 3,
1117 2390 1218 2455 27.
1286 2390 1404 2467 ΙΙΙ,
1452 2392 1553 2470 29,
1599 2392 1699 2455 35.
1765 2392 1864 2457 De
1908 2390 2181 2458 dimetro
2227 2393 2308 2458 cf.
2352 2392 2440 2459 ad
2483 2392 2690 2459 Carm.

461 2498 516 2578 I,
563 2500 662 2581 26,
706 2500 804 2563 11.

595 2608 898 2675 Alcaicus
969 2608 1416 2692 daeasyllabus,
1489 2630 1633 2676 cum
1702 2609 1936 2696 incipit
2005 2633 2047 2677 a
2116 2612 2449 2689 vocabu10,
2521 2610 2695 2695 quod

461 2716 790 2802 dactylum
853 2716 1073 2798 efficit,
1139 2724 1288 2801 post
1342 2738 1487 2785 eum
1541 2719 1865 2801 dactylum
1916 2719 2133 2787 habet·
2160 2723 2261 2788 vel
2306 2721 2693 2805 monosylla-

461 2825 612 2891 bum
681 2826 786 2892 vel
859 2826 1346 2911 tetrasyllabum
1410 2828 1815 2913 vocabulum,
1882 2850 2011 2896 non
2078 2830 2488 2915 disyllabum,
2559 2830 2691 2896 nisi

462 2940 693 3017 quater
721 2935 790 2999 in
821 2933 1067 3001 duobus
1099 2936 1328 3019 primis
1357 2935 1564 3011 libris,
1606 2938 1712 3002 vel
1754 2936 1877 3003 hoc
1920 2936 2111 3004 modo
2140 2938 2441 3021 «Iuppiter
2476 2940 2483 3021 Ι
2512 2941 2651 3022 ipse
2681 2940 2688 3022 Ι

460 3063 652 3108 ruens
704 3043 711 3125 Ι
758 3044 1028 3109 tumultu
1091 3045 1174 3139 (Ι,
1225 3048 1322 3123 16,
1369 3046 1468 3110 12.
1543 3046 1594 3129 Ι,
1642 3047 1743 3128 35,
1795 3048 1896 3112 36.
1981 3047 2065 3129 II,
2125 3048 2221 3132 17,
2266 3050 2365 3130 8);
2431 3051 2536 3116 vel
2596 3050 2693 3117 sie

457 3150 752 3234 Hospitis
797 3152 803 3235 Ξ
849 3152 959 3219 ille
1003 3152 1011 3239 Ι
1056 3174 1291 3219 venena
1334 3154 1342 3237 Ι
1396 3153 1623 3221 Colcha
1667 3156 1776 3236 (ΙΙ,
1828 3158 1925 3235 13,
1970 3158 2063 3238 8);
2106 3164 2255 3242 post
2289 3159 2691 3243 trisyllabum

459 3261 843 3327 vocabulum
917 3261 1188 3327 alterum
1259 3263 1664 3346 trisyllabum
1738 3266 1939 3331 semel
2006 3270 2252 3330 tantum
2324 3266 2391 3329 in
2464 3272 2690 3349 quarto

459 3370 628 3437 libro
673 3370 910 3452 inveni,
953 3390 1268 3453 nusquam
1314 3371 1382 3435 in
1426 3371 1719 3454 reliquis:
1766 3373 1875 3457 IV,
1919 3374 1981 3453 4,
2022 3373 2102 3437 72
2144 3374 2419 3439 nominis
2465 3375 2474 3457 Ι
2520 3374 2689 3441 Has-

457 3479 721 3545 drubale
764 3476 772 3561 Ι
816 3480 1218 3561 interempto;
1289 3479 1410 3546 sed
1486 3481 1598 3562 qui
1668 3480 1735 3545 in
1799 3482 2025 3548 eodem
2098 3482 2380 3549 carmine
2450 3484 2691 3569 legitur

455 3608 680 3654 versus
769 3589 905 3667 (52)
985 3588 1212 3670 fallere
1294 3594 1352 3654 et
1405 3588 1414 3671 Ι
1470 3588 1757 3674 effuyerle
1840 3596 1931 3656 est
2013 3592 2367 3675 triumphus
2452 3593 2687 3661 similis

457 3704 632 3763 certe
677 3704 792 3763 est.

1293 3856 1693 3865 Q

489 4026 732 4105 Restat,
777 4034 848 4093 ut
888 4028 968 4094 de
1012 4029 1158 4113 lege
1202 4028 1477 4111 quadam
1525 4029 1837 4107 dicamus,
1899 4049 2091 4114 quam
2134 4032 2217 4097 ab
2263 4030 2533 4096 Horatio
2577 4032 2685 4098 ob-

281 4142 612 4203 servatam
667 4156 810 4203 esse
861 4137 1224 4204 Meinekius
1267 4138 1514 4221 primus
1558 4137 2035 4204 animadvertit.
2094 4140 2263 4204 Nam
2307 4159 2387 4205 ea
2430 4160 2683 4223 quoque

285 4243 596 4326 carmina,
669 4262 934 4326 quorum
995 4252 1199 4312 metra
1257 4254 1370 4313 aut
1431 4244 1706 4313 eundem
1767 4265 2025 4311 versum
2079 4253 2388 4329 perpetuo
2454 4247 2683 4316 ordine

281 4359 586 4437 repetunt
629 4350 823 4437 (κατὰ
865 4352 1114 4439 στίχον)
1162 4362 1273 4421 aut
1316 4353 1643 4441 δίστροφα
1688 4361 1850 4437 sunt,
1894 4356 1991 4420 ita
2032 4355 2313 4420 instituit
2353 4353 2681 4431 Horatius,

279 4466 358 4527 ut
427 4482 728 4529 versuum
792 4482 1094 4529 numerus
1161 4472 1612 4545 quaternorum
1676 4483 1973 4529 versuum
2030 4463 2330 4547 strophas
2375 4466 2681 4549 coniungi

281 4577 634 4657 pateretur.
723 4571 936 4650 Quare
979 4571 1254 4655 fuerunt,
1312 4574 1422 4655 qui
1482 4594 1564 4639 ea
1616 4591 1867 4655 quoque
1918 4581 2121 4639 metra
2176 4572 2244 4637 in
2288 4573 2679 4639 carminibus
