3092 5059
1128 210 1402 277 LIBER.
1482 209 1733 277 cARM.
1776 210 1951 276 XVI.

2614 210 2735 276 327

359 426 412 469 ιε
449 396 857 475 Germinat
907 412 982 474 et
1032 424 1424 498 nunquam
1480 399 1819 475 fallentis
1871 413 2151 476 termes
2205 398 2455 474 olivae

435 598 440 606 ,
545 520 932 623 Suamque
974 522 1190 623 pulla
1239 523 1426 600 ficus
1481 536 1703 600 ornat
1754 524 2135 619 arborem,

443 648 685 725 Mella
737 673 924 725 cava
967 662 1286 725 manant
1337 675 1432 725 ex
1481 650 1682 746 ilice,
1735 649 2125 725 montibus
2176 649 2350 725 altis

543 773 768 849 Levis
823 785 1186 869 crepante
1241 773 1560 871 lympha
1614 772 1874 849 desilit
1923 772 2146 869 pede.

442 896 615 973 Illic
668 897 1001 973 iniussae
1052 899 1368 973 veniunt
1418 897 1516 973 ad
1573 896 1900 973 mulctra
1954 895 2297 994 capellae

361 1056 414 1097 ω
546 1024 966 1123 Refertque
1016 1035 1226 1098 tenta
1269 1048 1459 1122 grex
1509 1024 1797 1099 amicus
1851 1024 2111 1117 ubera,

444 1147 604 1224 Nec
641 1147 1118 1249 vespertinus
1171 1149 1707 1245 circumgemit
1760 1174 1979 1223 ursus
2036 1146 2263 1243 ovile,

539 1274 812 1372 Neque
863 1270 1294 1348 intumescit
1345 1270 1500 1347 alta
1553 1272 1837 1370 viperis
1898 1272 2193 1347 humus.

446 1399 835 1498 Pluraque
884 1396 1152 1473 felices
1204 1396 1683 1493 mirabimur,
1738 1408 1822 1471 ut
1864 1422 2117 1495 neque
2166 1394 2405 1494 largis

546 1521 910 1622 Aquosus
961 1520 1211 1597 Eurus
1253 1546 1441 1597 arva
1491 1520 1718 1597 radat
1766 1520 2163 1615 imbribus,

363 1678 414 1721 ω
451 1647 780 1745 Pinguia
830 1673 973 1723 nec
1023 1646 1243 1722 siccis
1297 1659 1618 1722 urantur
1670 1645 1960 1721 semina
2011 1645 2329 1744 glaebis,

544 1772 978 1872 Utrumque
1029 1796 1214 1870 rege
1257 1784 1739 1872 temperante
1792 1771 2173 1847 caelitum.

415 1882 625 1973 'Non
667 1898 822 1973 huc
867 1896 1135 1994 Argoo
1193 1896 1591 1973 contendit
1640 1897 1936 1993 remige
1988 1897 2237 1995 pinus,

309 2012 318 2020 ’
543 2022 816 2122 Neque
865 2021 1260 2121 impudica
1315 2020 1624 2101 Colchis
1677 2021 1929 2095 intulit
1981 2019 2293 2118 pedem;

443 2147 618 2223 Non
669 2148 822 2222 huc
875 2144 1175 2222 Sidonii
1228 2159 1615 2221 torserunt
1666 2171 1955 2221 cornua
2004 2159 2303 2242 nautae,

361 2308 414 2349 ω
551 2271 974 2348 Laboriosa
1024 2296 1168 2347 nec
1222 2269 1496 2346 cohors
1550 2270 1829 2351 Ulixei.

443 2396 677 2473 Nulla
727 2408 1007 2474 nocent
1051 2397 1314 2497 pecori
1366 2396 1741 2495 contagia,
1800 2395 2084 2472 nullius
2137 2397 2323 2473 astri

543 2523 886 2623 Gregem
939 2536 1287 2598 aestuosa
1335 2536 1579 2599 torret
1632 2522 2107 2622 impotentia.

345 2780 440 2829 tur
487 2774 546 2829 in
589 2772 770 2828 beatis
821 2773 1018 2829 insulis
1065 2791 1180 2828 non
1221 2776 1305 2828 est
1339 2791 1493 2844 opus.

342 2875 410 2885 —
459 2845 586 2901 levia
639 2845 921 2916 crepante]
979 2846 1321 2917 „Eleganter
1373 2848 1496 2916 ipso

342 2935 510 2971 versu
530 2934 820 2971 susurrum
841 2935 1018 2986 aquae
1043 2916 1352 2973 desilientis
1373 2918 1496 2972 imi-

342 2992 500 3044 tatus
539 2990 676 3043 est.“
714 2988 910 3044 Gomm.
940 2986 1102 3059 Oruq.
1143 2991 1340 3058 Aquae
1365 2990 1498 3058 quia

347 3065 600 3129 currunt,
638 3059 788 3129 apud
823 3064 1018 3130 poetas
1048 3060 1240 3129 pedem
1277 3078 1498 3130 quoque

345 3132 580 3201 habent;
640 3137 706 3186 ut
737 3130 850 3186 Ver
892 3170 905 3184 .
952 3132 1070 3185 Cul.
1123 3134 1211 3186 17:
1271 3131 1496 3201 „Casta-

346 3205 566 3273 liaeque
603 3221 806 3257 sonans
871 3202 1064 3271 iquido
1101 3202 1242 3273 pede
1287 3202 1497 3259 labitur

343 3274 546 3329 unda.“
625 3275 882 3344 Propert.
930 3274 1030 3335 111,
1068 3274 1155 3328 30.
1212 3304 1277 3312 —
1345 3280 1496 3331 tenta

342 3346 527 3415 ubera]
567 3350 631 3401 ut
667 3346 837 3416 Verg.
877 3344 1014 3400 Buc.
1054 3348 1106 3411 4,
1143 3346 1232 3398 21.
1271 3374 1341 3385 —
1387 3362 1496 3401 vcs-

337 3417 619 3487 pertinus]
658 3417 788 3473 vide
826 3416 897 3471 ad
935 3417 1117 3472 Oarm.
1155 3418 1200 3486 1,
1227 3418 1280 3485 2,
1312 3418 1400 3473 45.
1429 3447 1494 3457 -

345 3488 728 3572 circumgemit]
804 3488 1038 3544 Gemere
1098 3488 1363 3544 dicuntur
1430 3506 1496 3544 ea

344 3560 586 3615 maxime
633 3560 914 3626 animalia,
965 3578 1202 3629 quorum
1247 3578 1356 3615 vox
1403 3578 1494 3631 ge-

344 3632 519 3686 menti
542 3632 740 3687 similis
767 3637 868 3699 est,
903 3632 1002 3687 sed
1031 3630 1341 3687 extendunt
1368 3649 1495 3702 poe·

343 3708 436 3759 tae
471 3704 776 3771 notionem,
813 3708 878 3757 ut
908 3702 1074 3775 Verg.
1100 3706 1238 3758 Aen.
1265 3704 1388 3773 VII,
1414 3704 1495 3759 15.

343 3804 410 3814 —
449 3774 756 3829 intumescit
780 3774 924 3844 alta]
963 3774 1094 3830 Voc.
1121 3774 1239 3829 alta
1269 3776 1498 3831 notione

345 3864 446 3901 sua
470 3846 748 3901 artissime
773 3864 900 3901 cum
931 3846 1238 3901 intumescit
1275 3848 1499 3902 coniun-

385 3917 608 3986 endum,
652 3922 717 3971 ut
753 3918 829 3972 sit
879 3918 1072 3986 „Noch
1108 3918 1353 3973 schwillt
1387 3936 1497 3975 von

343 3936 588 4045 {lettera
624 3989 770 4045 hoch
805 3988 908 4044 der
943 3989 1134 4045 Boden
1169 3989 1318 4044 auf.“

416 4059 482 4116 V.
528 4062 613 4115 53.
674 4061 1010 4129 mirabimur,
1060 4060 1144 4131 ut]
1209 4060 1276 4115 cf.
1316 4060 1496 4116 Carm.

341 4132 442 4199 111,
489 4134 540 4216 4,
591 4134 655 4186 13
695 4150 812 4202 sqq.
874 4163 939 4215 3-
999 4131 1162 4187 radat
1204 4132 1472 4216 ‘imbribus

345 4204 1078 4331 3{f.¹},”;2.⁸.⁰¹²33²1203¹·2.22?⁸
1117 4222 1292 4331 {¹2:3³0
1331 4222 1498 4331 21¹2?-

344 4346 460 4401 Sat.
497 4347 570 4417 11,
608 4348 658 4415 6,
696 4350 783 4401 25.
824 4376 890 4386 -
937 4346 1052 4417 nec]
1091 4349 1499 4417 postpositum:

345 4418 471 4473 vide
515 4418 588 4474 ad
636 4418 817 4473 Carm-
854 4417 898 4482 1,
936 4420 989 4487 8,
1025 4420 1075 4472 6.
1125 4450 1190 4458 -
1235 4419 1493 4489 pinguia]

343 4494 474 4544 sunt
527 4508 750 4560 sucosa3
807 4488 1106 4545 artificiose
1171 4490 1346 4562 igitur
1400 4490 1494 4545 ad-

348 4560 556 4617 iectiva
603 4579 705 4632 per
750 4579 809 4617 se
864 4562 1152 4619 contraria
1207 4562 1498 4617 vicinitate

1590 2774 1842 2829 locorum
1896 2774 2195 2828 coniuncta
2248 2777 2397 2839 sunt,
2450 2776 2516 2826 ut
2560 2790 2653 2829 sae
2694 2792 2741 2829 e.

1594 2874 1660 2885 —
1710 2846 1845 2901 Non
1879 2844 2005 2915 huc]
2062 2845 2314 2899 Intactae
2358 2845 2493 2899 illae
2529 2844 2615 2899 ins
2678 2864 2745 2901 ae

1591 2921 1724 2972 sunt
1760 2916 1831 2972 ab
1868 2917 2155 2971 hominum
2195 2916 2526 2971 commercio
2564 2934 2744 2987 neque

1592 2988 1834 3043 infectae
1892 2987 2297 3057 cupiditatibus
2310 3027 2325 3056 ,
2398 2993 2745 3044 mercaturae

1592 3064 1649 3114 et
1710 3060 2030 3115 commercii
2088 3060 2201 3113 illis
2262 3058 2489 3128 quidem
2563 3061 2743 3116 sociis.

1594 3131 1761 3186 Cuius
1780 3132 1865 3187 rei
1888 3131 2099 3201 triplex
2127 3129 2382 3185 adfertur
2400 3132 2742 3201 exemplum:

1591 3206 1747 3286 Argo
1784 3203 1943 3257 navis
1981 3220 2106 3257 cum
2143 3201 2361 3265 Medea,
2403 3220 2547 3271 quae
2583 3209 2745 3273 patre

1591 3275 1789 3329 relicto
1814 3274 2175 3345 peregrinum
2200 3274 2380 3328 virum
2416 3278 2605 3329 secuta
2629 3279 2743 3343 est3

1592 3345 1809 3400 Sidonii
1846 3351 2067 3412 nautae,
2106 3344 2204 3413 qui
2240 3349 2305 3400 ut
2340 3344 2569 3401 divitias
2616 3364 2741 3402 con-

1593 3418 1881 3487 quirerent
1934 3418 1994 3471 in
2044 3416 2443 3471 remotissimas
2488 3418 2743 3488 regiones

1590 3488 1995 3559 penetrabant;
2080 3488 2273 3543 Ulixes
2346 3494 2603 3545 versutus
2687 3494 2746 3544 et

1593 3565 1828 3615 astutus.
1909 3560 2209 3615 Praeterea
2270 3560 2599 3630 notandum,
2653 3578 2743 3616 ea·

1591 3632 1719 3687 dem
1772 3632 1885 3687 tria
1934 3632 2193 3702 exempla
2258 3631 2567 3687 clarissima
2627 3650 2745 3688 esse
2785 3659 2789 3663 >

1590 3721 1694 3773 per
1764 3702 2161 3772 antiquitatem
2245 3702 2568 3774 longinquis
2641 3722 2745 3775 per

1594 3774 1875 3831 Oceanum
1912 3774 2386 3846 navigationibus.
2415 3804 2487 3815 -—
2516 3777 2740 3845 cornua]

1594 3851 1981 3901 antemnarum
2017 3847 2219 3916 capita.
2258 3846 2425 3917 Verg.
2462 3849 2601 3901 Aen.
2642 3847 2743 3916 ΙΙΙ,

1593 3920 1715 3972 549.
1788 3916 1951 3973 Ovid.
1990 3916 2122 3972 Met.
2158 3916 2256 3977 XI.
2298 3920 2419 3973 476.
2460 3948 2526 3958 —-
2568 3918 2744 3973 Nulla

1592 3990 1811 4058 nocent]
1850 3988 2005 4057 „Hoc
2030 3989 2152 4044 loco
2178 3990 2240 4043 hi
2264 4006 2455 4045 versus
2480 3990 2541 4044 in
2568 3990 2741 4045 omni-

1591 4061 1693 4115 bus
1729 4060 1889 4116 codd.
1923 4062 2205 4131 leguntur.
2266 4060 2609 4131 Interpretes
2648 4078 2742 4117 eos

1592 4138 1691 4187 aut
1743 4134 1803 4186 in
1846 4132 2020 4187 alium
2071 4133 2258 4187 locum
2294 4133 2384 4187 vel
2417 4136 2545 4202 post
2581 4152 2633 4187 v.
2674 4136 2743 4187 52

1592 4204 1683 4259 vel
1729 4208 1859 4273 post
1906 4221 1958 4257 v.
1999 4204 2068 4258 56
2116 4202 2465 4258 transferunt
2506 4210 2605 4258 aut
2638 4222 2743 4274 pro

1592 4276 1797 4346 spuriis
1832 4275 2059 4330 habent.
2133 4275 2241 4329 Sed
2286 4279 2453 4345 poeta
2497 4276 2743 4344 primum

1592 4364 1683 4402 eas
1756 4348 2067 4402 insularum
2129 4346 2304 4415 dotes,
2383 4364 2525 4416 quae
2590 4352 2743 4403 terra

1592 4420 1713 4489 ipsa
1774 4418 2151 4487 continentur,
2207 4436 2303 4473 vv.
2354 4420 2587 4472 43—52
2649 4419 2742 4475 de·

1592 4490 1836 4560 scripsit,
1888 4489 2090 4544 deinde
2138 4506 2227 4543 res
2278 4507 2423 4558 quae
2476 4490 2745 4547 extrinse-

1596 4580 1691 4619 cus
1728 4561 1963 4619 veniunt
1999 4560 2306 4615 subiunxit.
2379 4560 2554 4618 Terra
2600 4564 2743 4619 nihil
