3092 5059
400 200 521 266 198

1367 196 1825 267 OARMI'NUM

795 386 1049 483 Digna
1098 384 1490 484 periurum
1536 383 1690 459 fuit
1739 381 1819 457 in
1872 392 2270 483 parentem

711 542 763 583 ω
799 509 1222 609 Splendide
1263 509 1595 585 mendax
1647 522 1724 584 et
1772 507 1851 583 in
1902 532 2131 583 omne
2186 505 2406 605 virgo

993 634 1292 711 Nobilis
1344 658 1659 729 aevum3

793 780 1142 884 „Surge“
1195 810 1392 885 quae
1447 782 1643 861 dixit
1690 780 1948 857 iuveni
2000 782 2279 857 marito

798 910 1122 1009 „Surge,
1169 935 1269 985 ne
1317 908 1599 1008 longus
1652 907 1798 982 tibi
1848 930 2164 983 somnus
2211 905 2419 983 unde

794 1034 972 1109 Non
1017 1034 1238 1111 times
1292 1034 1555 1130 detur3
1610 1026 1959 1109 so'cerum
2012 1045 2091 1109 et
2137 1031 2496 1108 scelestas

713 1195 765 1235 ιο
993 1158 1210 1235 Falle
1263 1184 1588 1255 sorores,

803 1305 1020 1397 Quae
1077 1308 1286 1385 velut
1337 1322 1607 1385 nactae
1658 1307 1943 1385 vitulos
1992 1307 2311 1385 leaenae

793 1431 1153 1533 Singulos
1213 1434 1409 1511 eheu
1460 1434 1845 1530 lacerant3
1896 1459 2043 1531 ego
2095 1432 2247 1509 illis

802 1558 1116 1635 Mollior
1165 1586 1308 1637 nee
1356 1572 1434 1637 te
1485 1560 1753 1635 feriam
1802 1584 2054 1659 neque
2104 1558 2307 1636 intra

1003 1684 1358 1763 Claustra
1401 1685 1705 1761 tenebo,

709 1864 760 1906 ιν,
799 1834 929 1910 Me
978 1846 1198 1932 pater
1241 1835 1485 1911 saevis
1538 1849 1806 1912 oneret
1856 1835 2163 1931 catenis,

799 1959 1032 2053 Quod
1085 1961 1249 2037 viro
1307 1961 1643 2037 clemens
1695 1962 1974 2038 misero
2027 1958 2381 2060 peperci3

801 2084 930 2162 Me
983 2084 1108 2163 vel
1162 2098 1540 2162 extremos
1592 2086 2099 2163 Numidarum
2142 2086 2224 2161 in
2275 2110 2505 2182 agros

993 2208 1257 2286 Classe
1305 2210 1641 2310 releget:

799 2350 841 2426 I
887 2350 1126 2446 pedes
1183 2376 1335 2451 quo
1385 2364 1463 2427 te
1514 2353 1824 2453 rapiunt
1873 2364 1950 2427 et
1998 2375 2253 2446 aurae,

717 2508 768 2550 so
803 2475 1004 2549 Dum
1050 2476 1265 2553 favet
1312 2502 1464 2550 nox
1516 2488 1595 2551 et
1645 2476 1942 2570 Venus3
1997 2475 2024 2548 i
2076 2475 2413 2552 secundo

799 2599 1078 2679 Omine
1131 2614 1208 2677 et
1257 2602 1500 2677 nostri
1554 2626 1973 2677 memorem
2030 2599 2383 2700 sepulcro

991 2724 1269 2824 Scalpe
1325 2726 1827 2826 querellam.“

393 2872 570 2940 perit:
613 2888 777 2941 „mm
814 2874 944 2941 quid
966 2880 1189 2944 potuere
1209 2875 1393 2929 maius
1428 2877 1537 2930 Im-

387 2942 557 3011 piae?
592 2972 660 2983 -
697 2958 924 3013 sponsos
959 2946 1098 3001 cet.“
1149 2976 1216 2986 —
1261 2946 1542 3017 splendide

393 3014 650 3084 mendax]
689 3015 1034 3087 Oxymoron3
1070 3023 1134 3072 ut
1177 3018 1285 3072 Cic.
1315 3018 1435 3072 Mil.
1469 3020 1538 3074 27

392 3086 624 3170 qloriose
657 3088 901 3157 mentiri,
937 3088 1112 3173 [Facit.
1154 3088 1297 3172 Hist.
1337 3090 1432 3158 IV,
1471 3092 1541 3144 50

392 3160 1086 3299 zffifffffif'ss‘mmma
1102 3177 1541 3304 {metz

391 3305 586 3369 postea
638 3300 850 3357 factum
905 3302 1098 3358 fabula.
1145 3303 1340 3373 tradit,
1393 3305 1540 3360 unde

391 3372 831 3441 Hypermnestra
897 3375 1047 3445 apud
1101 3374 1366 3431 Ovidium
1431 3376 1539 3430 He-

389 3443 531 3497 roid.
576 3446 660 3513 14,
695 3448 728 3499 3
779 3446 902 3516 ipsa
955 3447 1234 3515 queritur:
1301 3446 1538 3517 „Clausa

393 3514 558 3569 domo
613 3520 808 3571 teneor
860 3518 1237 3588 gravibusque
1297 3520 1540 3573 coercita

390 3585 645 3643 vinclis.“
683 3586 917 3644 Pausan.
941 3590 1014 3658 Π,
1040 3590 1132 3643 19:
1183 3586 1313 3659 ,τὴν
1343 3588 1537 3661 Ὑπερ-

394 3650 681 3741 μνὴσῖραν
714 3655 783 3712 ὑπ
803 3654 1000 3731 ’γαγεν
1032 3658 1062 3715 ὁ
1091 3658 1314 3721 Δαναὸς
1349 3664 1425 3721 εἰς
1460 3662 1538 3715 δι-

391 3744 700 3799 καστηριον,
736 3732 830 3783 τοῦ
866 3749 920 3786 τε
955 3736 1220 3803 Λυγκέως
1254 3728 1352 3787 οὐκ
1391 3728 1538 3788 ἀκίν-

392 3799 559 3887 ιὶυνον
594 3798 739 3872 αὐτῷ
788 3808 1058 3874 σωτηρίαν
1089 3798 1410 3891 ἡγούμενος,
1449 3808 1540 3858 καὶ

390 3890 472 3924 οτι
522 3872 618 3925 τοῦ
665 3870 1015 3946 τολμήματος
1064 3896 1128 3930 ου
1181 3877 1540 3948 μετασχοῦσα

386 3948 502 4001 ταῖς
533 3940 806 4017 ἀδελφαῖς
842 3952 934 4000 καὶ
971 3946 1046 4017 τῷ
1087 3943 1438 4015 βουλεύσαντι
1474 3944 1536 4001 τὸ

390 4008 603 4075 ὄνειδος
650 4012 844 4085 ηὔξησε
864 4034 877 4047 ·
940 4024 1194 4089 κριθεῖσα
1235 4020 1298 4074 δὲ
1337 4020 1400 4075 ἓν
1431 4026 1542 4079 τοῖς

373 4082 632 4157 ,Ἀργείοις
665 4084 973 4160 ἀποφεύγει
1008 4109 1064 4145 τε
1100 4095 1192 4144 καὶ
1212 4088 1540 4191 Ἀφροδίτην

390 4157 484 4211 ἐπὶ
519 4160 660 4229 τῷδε
697 4156 933 4225 ἀνέθηκε
960 4158 1278 4233 νικηφόρον.
1341 4192 1402 4201 —-
1439 4178 1536 4216 au-

387 4228 503 4297 me]
567 4233 740 4286 venti.
809 4232 880 4287 cf.
933 4234 1115 4307 Epod.
1179 4236 1259 4297 16,
1322 4234 1408 4286 21.
1469 4262 1536 4273 —

387 4301 583 4370 scalpe]
639 4304 758 4357 Alii
812 4322 880 4359 ex
924 4307 1084 4361 codd.
1139 4306 1342 4373 sculpe:
1396 4322 1538 4374 quae

391 4372 664 4429 vocabula
715 4376 1034 4445 saepissime
1092 4376 1537 4445 confunduntur3

389 4443 634 4513 sculpere
669 4448 859 4503 tamen
895 4449 1134 4504 latinum
1180 4446 1406 4517 quidem
1440 4448 1538 4503 sed

389 4514 738 4572 rarissimum
784 4524 870 4573 est
905 4518 1257 4575 vocabulum.
1316 4519 1388 4575 cf.
1423 4518 1539 4574 Sat.

1639 2876 1711 2938 H,
1738 2876 1789 2939 8,
1816 2874 1903 2928 22.
1941 2874 2111 2945 Apud
2138 2870 2402 2927 Ovidium
2436 2872 2674 2929 Heroid.
2712 2876 2797 2941 14,

1646 2948 1749 3001 128
1785 2948 1908 3017 ipsa
1932 2944 2372 3015 Hypermestra
2406 2944 2515 3000 hoc
2541 2945 2653 2999 sibi
2682 2946 2797 3016 epi-

1640 3017 1900 3088 taphium
1936 3016 2231 3088 proponit:

1716 3090 1926 3160 „Exsul
1948 3087 2656 3159 Hypermnestrapretium
2680 3089 2797 3157 pie-

2255 3158 2391 3213 tatis
2428 3159 2689 3227 iniquum

1714 3230 1893 3300 Quam
1928 3234 2169 3286 mortem
2200 3230 2373 3355 frugi
2398 3228 2635 3329 d‘epulit,
2672 3232 2793 3301 ipss

2265 3307 2292 3355 t
2352 3300 2417 3355 it.

1642 3372 1954 3444 querellam]
2014 3374 2194 3429 Huius
2253 3373 2517 3442 strophae
2576 3389 2790 3429 memor

1641 3446 1753 3501 fuit
1794 3448 2003 3500 Auson.
2040 3444 2184 3515 prof.
2227 3444 2459 3516 Burdig.
2498 3446 2552 3512 7,
2592 3446 2660 3498 17
2686 3462 2790 3514 sq.:

1646 3518 1757 3587 „Et
1793 3518 1951 3572 iuvat
1986 3518 2139 3572 tristi
2178 3516 2461 3571 celebrare
2498 3534 2635 3571 curs
2672 3516 2792 3571 Fle-

1643 3589 1814 3643 bilem
1866 3594 2092 3643 csntum
2142 3588 2405 3643 memoris
2456 3586 2789 3655 querellae.‘

1642 3663 1728 3715 Ac
1747 3664 1969 3729 reperta
1992 3678 2108 3715 esse
2122 3659 2305 3714 fertur
2317 3658 2409 3728 (cf.
2424 3656 2615 3713 Hertz.
2629 3658 2793 3713 Ansl.

1642 3732 1741 3786 111.
1776 3750 1829 3802 p.
1870 3732 1961 3801 20)
1999 3731 2291 3800 inscriptio
2329 3731 2565 3799 antiqua
2600 3731 2661 3785 in
2696 3748 2787 3801 py-

1645 3804 1859 3858 ramide
1935 3805 2179 3874 Aegypt.
2251 3803 2323 3857 ad
2392 3800 2527 3857 Gize
2588 3802 2789 3857 'aetatis

1652 3876 1959 3930 Τναίαηεαε
1970 3874 2129 3929 haec:
2148 3873 2313 3943 „Vidi
2331 3874 2654 3945 pyramidas
2675 3874 2787 3928 sine

1643 3952 1718 4015 te,
1755 3946 2074 4001 dulcissime
2111 3945 2308 4013 frater,
2354 3944 2433 3999 Et
2480 3944 2587 3999 tibi
2640 3945 2786 4015 quod

1644 4018 1826 4087 (quot)
1882 4018 2044 4087 potui
2110 4016 2368 4072 lacrimas
2432 4015 2526 4071 hic
2579 4022 2793 4072 maesta.

1641 4088 1869 4160 profudi
1927 4090 2007 4144 Et
2062 4088 2237 4143 nostri
2288 4103 2566 4143 memorem
2609 4089 2788 4143 luctus

1642 4162 1781 4217 hanc
1815 4161 1998 4230 sculpo
2036 4159 2353 4230 querelam.“
2390 4158 2655 4215 Matrona
2692 4160 2789 4231 igi·

1642 4238 1753 4301 tur,
1794 4250 1935 4301 quse
1968 4233 2050 4286 ita.
2076 4231 2319 4301 scripsit,
2344 4230 2643 4286 Horatiani
2682 4232 2787 4286 loci

1642 4322 1711 4359 ex
1756 4304 1890 4359 ludo
1940 4320 2154 4358 memor
2199 4302 2329 4369 fuit,
2365 4303 2427 4357 in
2463 4320 2575 4371 quo
2612 4304 2785 4376 magi·

1642 4381 1821 4431 strum
1861 4374 2084 4431 Horatii
2121 4379 2384 4444 poemate.
2419 4374 2700 4445 legentem
2734 4380 2787 4429 et

1641 4448 2109 4517 interpretantem
2144 4446 2455 4501 audiverat.
