3092 5059
1567 0 1697 21 Ἦ

452 222 577 286 454
1403 212 1903 281 SATIRARUM

1393 424 1727 509 SATIRA
1787 421 1919 505 IV.

550 588 778 665 Unde
831 600 906 665 et
950 613 1103 690 quo
1159 587 1471 665 Catius?
1564 584 1788 683 „Non
1840 598 1955 660 est
2006 583 2198 659 mihi
2244 595 2547 683 tempus
2594 582 2861 659 aventi

553 713 852 790 Ponere
896 714 1118 812 signa
1167 714 1388 788 novis
1441 710 1895 811 praeceptis,
1954 708 2211 811 qualia
2266 710 2585 783 vincunt

843 954 1082 1010 Satira
1118 952 1212 1010 IV.

525 1066 611 1120 De
664 1066 769 1121 hac
823 1066 995 1121 satira
1048 1066 1201 1121 haud
1255 1066 1425 1122 dubie
1479 1073 1609 1137 post

453 1138 754 1193 secundam
790 1139 1000 1207 scripta
1037 1168 1100 1178 —
1140 1138 1270 1193 vide
1305 1140 1454 1195 enim
1491 1139 1609 1195 Sat.

453 1208 524 1269 11,
565 1212 615 1277 2,
645 1210 713 1262 52
733 1227 812 1279 sq.
851 1210 982 1265 huic
1019 1210 1177 1279 quasi
1214 1212 1364 1266 viam
1397 1211 1608 1265 muniri

457 1308 520 1318 —
558 1282 848 1336 verissime
883 1282 1017 1337 olim
1047 1281 1362 1351 disputavit
1397 1282 1609 1337 Wuell-

453 1369 556 1406 ner
593 1350 804 1424 (progr.
843 1354 1013 1407 schol.
1038 1354 1398 1423 Diisseldorp.
1430 1354 1607 1421 1833).

453 1423 683 1477 Etenim
736 1441 986 1492 .,verum.
1037 1425 1242 1494 inquit,
1297 1430 1498 1495 poetae
1550 1426 1609 1479 in

455 1494 562 1548 hac
609 1496 784 1550 satira
831 1497 1126 1551 scribenda
1179 1497 1472 1552 consilium
1526 1496 1609 1550 di-

455 1566 720 1621 scendum
758 1572 845 1622 est
881 1568 1128 1637 primum
1165 1586 1234 1623 ex
1285 1569 1408 1638 ipso
1444 1586 1609 1638 argu-

452 1642 643 1692 mento
697 1639 848 1708 quod
902 1640 1152 1695 cernitur
1196 1641 1254 1695 in
1311 1640 1611 1709 compluri-

453 1709 560 1763 bus
592 1711 903 1780 praeceptis
949 1712 1101 1765 laute
1146 1712 1205 1765 et
1251 1712 1490 1766 delicate
1531 1712 1610 1765 vi-

455 1782 625 1835 vendi
673 1784 782 1846 (vv.
826 1784 1088 1847 12—87).
1177 1782 1492 1838 Secundum
1527 1787 1614 1837 est

458 1851 608 1922 quod
643 1852 703 1906 in
741 1854 828 1907 his
864 1854 1196 1937 praeceptis,
1250 1872 1393 1924 quae
1436 1855 1612 1908 maxi-

455 1928 873 2050 ἒὲἓωηῗῗέἒ
897 1926 1613 2065 ’ἓέἷῗῧέἶιὲξῗ“ηἶίιῗῖἴῗὲ

456 2068 734 2121 communi
773 2073 1027 2122 veterum
1076 2070 1202 2123 usui
1238 2070 1405 2138 plane
1446 2085 1611 2137 repu-

455 2144 635 2209 gnant
691 2140 810 2194 sive
873 2139 1018 2193 falsa
1079 2145 1234 2195 sunt:
1308 2144 1613 2208 utrumque

456 2211 594 2278 quin
610 2210 797 2265 studio
827 2211 1171 2279 quaesiverit
1191 2212 1458 2265 Horatius
1491 2212 1612 2265 nul-

453 2282 510 2336 lo
545 2282 713 2337 modo
751 2284 984 2337 dubium
1021 2286 1120 2337 est·
1163 2282 1382 2339 Deinde
1419 2284 1613 2337 Catius

455 2359 757 2423 praecepta
806 2355 905 2408 illa
953 2354 1266 2409 convivalia
1310 2371 1424 2408 non
1470 2352 1557 2409 ut'
1580 2372 1614 2408 a

459 2443 518 2479 se
554 2426 782 2495 cognita
814 2426 1011 2495 tradit,
1045 2424 1144 2480 sed
1188 2427 1512 2481 memoriter
1549 2442 1613 2479 ea

456 2501 514 2551 et
551 2498 709 2567 quasi
744 2498 864 2551 sine
899 2514 1062 2551 sensu
1118 2496 1408 2553 decantat:
1465 2496 1614 2551 unde

458 2566 622 2621 initio
661 2569 924 2623 carminis
960 2572 1130 2638 poeta
1167 2586 1294 2622 eum
1322 2586 1486 2623 cursu
1525 2584 1612 2623 ce·

455 2640 686 2694 lerrimo
719 2640 1030 2709 praeterire
1066 2641 1297 2711 cogitat.
1335 2646 1404 2695 ut
1438 2640 1613 2696 conti·

457 2728 569 2764 nuo
607 2710 828 2781 singula
857 2712 1064 2765 litteris
1095 2712 1403 2782 consignet,
1431 2712 1611 2781 prius-

458 2800 736 2907 3312sst²¹
763 2800 976 2921 3333ss
1012 2800 1136 2909 {³350
1169 2800 1484 2909 ‘sssszt‘ffi
1519 2801 1617 2909 ⁰531.

459 2942 652 2979 verum
690 2932 976 2981 auctorem
1013 2926 1294 2995 sapienter
1333 2926 1615 2981 dictorum

462 2996 654 3051 sedulo
700 2998 970 3052 occultari
1017 3002 1076 3051 et
1120 3015 1324 3052 arcana
1371 2997 1615 3066 quadam

462 3070 850 3138 magnitudine
874 3069 1189 3123 involutum
1209 3087 1324 3123 esse
1346 3074 1616 3138 tanquam

461 3139 700 3194 alterum
794 3139 1140 3208 Tyanensem
1229 3141 1614 3209 Apollonium.

461 3212 637 3265 Porro
693 3212 860 3266 facile
904 3212 1058 3267 vides
1107 3230 1219 3265 non
1265 3218 1476 3267 temere
1525 3228 1615 3265 oc-

461 3284 666 3337 cultari
712 3300 914 3337 nomen
961 3284 1223 3350 auctoris,
1269 3284 1366 3337 sed
1405 3283 1512 3337 hoc
1547 3300 1614 3337 eo

461 3354 582 3408 fieri
633 3355 866 3409 consilio
911 3360 977 3409 ut
1022 3360 1322 3423 praecepta
1371 3374 1404 3409 a
1453 3354 1615 3409 Catio

460 3431 770 3480 memorata
817 3443 945 3480 cum
989 3426 1144 3480 nulla
1190 3444 1252 3480 re
1309 3427 1422 3479 alia
1468 3443 1615 3480 com-

459 3498 798 3565 probentur,
854 3497 1133 3567 dignitate
1185 3498 1430 3552 auctoris
1485 3514 1618 3551 con-

459 3568 686 3623 firmata
723 3573 777 3622 et
815 3570 1090 3638 ampliora
1142 3586 1260 3623 esse
1297 3569 1617 3623 videantur.

461 3640 718 3709 Denique
757 3640 948 3695 Catius
984 3656 1132 3694 nova
1179 3658 1280 3694 sua
1315 3644 1619 3709 praecepta

461 3710 602 3766 talia
637 3728 756 3765 esse
791 3711 1098 3780 praedicat,
1136 3715 1203 3764 ut
1231 3712 1458 3766 vincant
1480 3710 1617 3779 „Py-

459 3782 738 3851 thagoran
760 3784 1046 3851 Anytique
1083 3800 1238 3837 reum
1279 3783 1619 3851 doctumque

461 3854 700 3908 Platona
725 3854 752 3883 ‘⁴
829 3856 1018 3922 Atque
1058 3854 1326 3908 Horatius
1380 3855 1474 3908 illa
1511 3855 1616 3907 sub

459 3925 630 3979 finem
683 3926 946 3980 carminis
991 3926 1204 3980 ironice
1258 3925 1400 3980 dicit
1454 3944 1613 3995 prae-

461 4002 638 4080 cepta·
661 3997 812 4051 vitae
848 3998 1063 4080 beatae,
1099 4014 1157 4051 se
1185 4014 1405 4080 quoque
1433 4016 1468 4051 a
1499 4016 1613 4052 ma·

459 4068 1615 4208 {312133123ffi⁸ss2⁹m0023¹55ea5113035

461 4228 612 4266 scere
658 4211 796 4266 velit
849 4211 946 4265 sed
993 4227 1154 4265 suum
1200 4212 1436 4280 quisque
1491 4229 1613 4265 sen-

462 4300 585 4337 sum
623 4286 680 4336 et
715 4284 968 4353 palatum
1005 4282 1164 4350 sequi
1200 4282 1454 4337 debeat-‘⁴
1535 4282 1614 4337 Et

459 4354 688 4407 deinde:
766 4354 955 4423 „Ergo
991 4353 1260 4407 Horatius
1297 4353 1404 4407 hac
1439 4354 1615 4408 satira

463 4424 732 4479 describit
767 4435 1258 4495 gastronomorum
1296 4429 1617 4494 praecepta,

464 4512 605 4563 quae
642 4514 745 4565 pro
794 4496 952 4549 novis
1001 4500 1060 4549 et
1105 4496 1374 4549 inauditis
1423 4496 1616 4550 vendi-

465 4569 660 4619 tentur
677 4604 690 4631 ,
749 4566 1015 4636 pleraque
1073 4565 1330 4635 vulgaria
1391 4582 1508 4621 esse
1561 4572 1620 4621 et

1698 925 1957 981 omnibus
1992 928 2147 992 nota,
2182 924 2295 979 alia
2332 941 2400 979 ex
2436 923 2679 979 arbitrio
2704 925 2763 976 et
2794 922 2861 975 li-

1697 998 1889 1052 bidine
1918 997 2269 1068 singulorum
2292 996 2583 1050 hominum
2610 994 2863 1063 pendere

1700 1074 1758 1124 et
1792 1068 2182 1123 commenticia
2223 1084 2357 1123 esse.
2421 1066 2609 1134 Quare
2645 1066 2691 1119 si
2732 1066 2861 1133 quis

1700 1141 1759 1194 in
1784 1141 2063 1211 gustando
2091 1140 2355 1209 princeps
2370 1138 2540 1193 hodie
2569 1138 2721 1191 inter
2741 1137 2861 1190 lau-

1700 1218 1788 1266 tas
1835 1210 2026 1281 epulas
2076 1209 2342 1265 edixisset
2390 1214 2679 1279 pratenses
2734 1208 2863 1261 fun-

1700 1299 1802 1366 gos
1840 1283 2041 1337 ceteris
2075 1282 2335 1337 meliores
2382 1298 2501 1336 esse
2546 1284 2607 1336 et
2640 1280 2861 1335 caulem

1702 1372 1762 1409 1n
1824 1354 1987 1407 siccis
2055 1354 2207 1424 agris
2274 1354 2471 1408 natum
2536 1350 2863 1406 suburbano

1703 1426 2011 1480 dulciorem
2050 1425 2144 1493 (cf.
2184 1442 2279 1479 vv.
2311 1427 2379 1478 15
2416 1428 2476 1478 et
2501 1422 2595 1493 20)
2634 1424 2725 1477 vel
2763 1440 2862 1491 pa-

1703 1515 1831 1552 nem
1870 1497 2095 1567 nigrum
2126 1496 2276 1550 inter
2302 1495 2703 1551 delicatissima
2728 1511 2863 1562 cup-

1703 1568 1871 1638 pedia
1906 1568 2313 1622 numerandum
2350 1584 2487 1629 esse,
2533 1582 2727 1621 omnes
2761 1566 2861 1619 ha-

1704 1658 1833 1695 rum
1866 1656 2057 1695 rerum
2092 1639 2373 1693 studiosos
2408 1638 2516 1693 hoc
2544 1638 2629 1693 ita
2663 1653 2863 1691 verum

1705 1729 1821 1766 esse
1878 1712 2144 1765 continuo
2198 1715 2426 1781 gustare
2478 1710 2732 1778 quamvis
2776 1726 2864 1762 re—

1705 1784 1981 1837 clamante
2033 1783 2243 1852 palato.
2338 1782 2418 1837 Et
2474 1789 2661 1836 tamen
2716 1780 2868 1835 hanc

1706 1854 2058 1923 disciplinam
2112 1859 2230 1909 tam
2286 1854 2579 1924 vulgarem
2634 1858 2867 1921 tamque

1707 1924 2070 1980 arbitrariam
2129 1923 2234 1979 sub
2294 1924 2567 1979 eiusmodi
2622 1924 2867 1978 homini-

1706 1998 1811 2051 bus
1848 2014 2039 2051 veram
2079 2002 2259 2051 artem
2293 1997 2493 2051 beatae
2544 1995 2697 2049 vitae
2751 1994 2867 2049 dici

1706 2070 1979 2136 tantaque
2014 2068 2311 2139 diligentia
2354 2066 2546 2122 doceri
2590 2082 2657 2121 ac
2707 2066 2868 2133 disci,

1708 2140 1868 2209 quasi
1905 2140 2049 2195 nihil
2088 2156 2279 2194 rerum
2326 2139 2699 2193 humanarum
2738 2156 2867 2209 gra-

1706 2211 1831 2264 vius
1869 2218 1967 2264 aut
2002 2208 2288 2265 difficilius
2325 2211 2451 2264 sit.“
2508 2208 2733 2264 Catium
2768 2227 2867 2263 au-

1706 2286 1823 2336 tem
1868 2283 2110 2352 sumpsit
2144 2282 2414 2337 Horatius
2462 2299 2529 2335 ex
2579 2281 2871 2337 Ciceronis

1707 2354 1963 2423 epistulis
2008 2353 2081 2408 ad
2117 2353 2273 2407 Fam.
2323 2352 2443 2422 XV,
2497 2355 2589 2420 163
2644 2353 2705 2405 in
2756 2370 2871 2421 qua

1708 2426 1951 2494 epistula
1988 2440 2133 2479 anno
2169 2425 2289 2479 fere
2325 2426 2431 2478 '708
2466 2424 2683 2493 scripta
2719 2423 2869 2478 Catii

1709 2496 1952 2566 Insubri,
1989 2496 2257 2565 Epicurei
2284 2495 2623 2566 philosophi,
2650 2513 2871 2565 nupera

1708 2584 1859 2622 mors
1896 2573 2379 2623 commemoratur.
2449 2566 2607 2622 Idem
2642 2567 2871 2636 saepius

1707 2639 1924 2695 factum
1974 2640 2045 2694 ab
2082 2639 2321 2695 Horatio
2360 2637 2659 2695 Trebatius
2696 2638 2873 2693 Testa

1708 2710 1957 2765 ostendit
2007 2710 2145 2777 (Sat.
2195 2710 2269 2780 11,
2323 2712 2390 2779 1).
2476 2710 2555 2765 Et
2612 2710 2871 2764 conferas

1710 2780 1941 2849 Quintil.
1962 2782 2033 2845 X.
2060 2786 2108 2849 1,
2135 2784 2265 2837 124:
2294 2782 2395 2851 „In
2410 2780 2710 2851 Epicureis
2728 2781 2873 2835 levis

1710 2853 1935 2921 quidem
1990 2854 2086 2908 sed
2135 2871 2247 2907 non
2294 2853 2629 2909 iniucundus
2674 2858 2873 2907 tamen

1710 2929 1908 2979 auctor
1956 2930 2042 2979 est
2090 2924 2332 2993 Catius‚“
2384 2942 2549 2994 quem
2594 2929 2874 2993 quattuor

1710 2996 1885 3050 libros
1912 2996 1983 3051 de
2004 3013 2191 3050 rerum
2217 3002 2423 3051 natura
2447 3000 2507 3051 et
2542 2997 2611 3050 de
2649 3014 2871 3049 summo

1712 3068 1857 3121 bono
1908 3068 2195 3137 scripsisse
2246 3067 2478 3123 tradunt
2534 3068 2873 3122 scholiastae

1710 3139 1781 3193 ad
1820 3138 1875 3193 h.
1913 3140 1949 3193 l.
1986 3139 2253 3209 Ignotum
2302 3144 2739 3209 praeceptorum
2773 3156 2871 3194 au-

1712 3214 1927 3265 ctorem
1952 3210 2029 3279 (v.
2055 3212 2139 3264 10.
2158 3212 2228 3263 89
2241 3212 2387 3279 sqq.)
2414 3210 2513 3265 alii
2553 3212 2737 3279 ipsum
2758 3210 2873 3264 Ho-

1710 3282 1919 3335 ratium
1956 3282 2102 3337 mira
2136 3282 2223 3337 sui
2260 3282 2436 3351 ipsius
2470 3282 2733 3336 irrisione
2770 3300 2871 3351 pu·

1711 3358 1857 3421 tant,
1897 3354 1995 3407 alii
2049 3370 2163 3407 non
2212 3353 2431 3408 felicius
2468 3353 2870 3408 Maecenatem

1711 3424 1921 3479 Verum
1945 3430 2011 3479 ut
2036 3426 2283 3480 auctoris
2310 3442 2515 3480 nomen
2546 3442 2873 3480 concessum

1710 3496 1873 3549 nobis
1908 3514 2023 3550 non
2072 3502 2157 3551 est
2202 3498 2513 3566 explorare,
2564 3496 2675 3551 nisi
2722 3496 2891 3561 forte,

1710 3567 1781 3620 ab
1808 3568 2047 3622 Horatio
2084 3567 2278 3623 fictum
2315 3573 2603 3623 auctorem
2640 3568 2875 3625 credere

1712 3644 1980 3707 praestat,
2023 3640 2107 3693 ita
2156 3640 2217 3693 in
2271 3641 2393 3709 ipso
2438 3640 2689 3694 carmine
2747 3640 2875 3707 quis

1712 3710 1941 3765 dubitat
1978 3712 2115 3779 quin
2148 3728 2263 3764 non
2298 3728 2475 3780 pauca
2515 3712 2693 3765 insint
2728 3728 2875 3781 quae

1714 3786 1969 3835 nostram
2022 3782 2105 3836 rei
2150 3782 2457 3837 culinariae
2504 3784 2873 3851 antiquorum

1711 3853 2009 3907 scientiam
2044 3853 2334 3923 effugiant,
2362 3860 2659 3923 perspecta
2684 3860 2874 3908 autem

1716 3925 1763 3977 si
1816 3931 2016 3991 essent,
2072 3926 2341 3980 maiorem
2397 3926 2559 3980 nobis
2614 3930 2877 3979 crearent

1718 4012 1788 4050 ex
1825 3996 2069 4051 carmine
2096 3996 2545 4052 delectationem.
2588 3996 2875 4066 Scriptam

1712 4084 1833 4121 esse
1869 4067 2017 4121 hanc
2052 4068 2285 4122 satiram
2316 4068 2416 4123 alii
2454 4087 2503 4123 a.
2542 4070 2649 4121 ‘722
2687 4068 2788 4123 alii
2826 4086 2874 4121 a.

1715 4140 1825 4191 724
1861 4139 2195 4207 opinantur3
2244 4140 2517 4194 Weberus
2553 4140 2875 4208 suspicatur

1710 4227 1935 4264 carmen
2004 4212 2275 4280 scriptum
2328 4228 2447 4265 esse
2502 4216 2721 4266 aestate
2768 4210 2868 4279 (cf.

1711 4299 1763 4336 v.
1788 4282 1883 4347 21)
1908 4300 1958 4335 a.
1985 4283 2108 4342 726,
2146 4282 2445 4351 Zumptius
2485 4286 2689 4337 contra
2726 4298 2873 4337 com·

1710 4353 1955 4422 positum
1982 4352 2093 4407 iam
2120 4370 2237 4408 esse
2262 4372 2313 4407 a.
2343 4354 2461 4407 714.
2511 4354 2735 4408 Desunt
2756 4370 2871 4409 cer·

1710 4432 1805 4478 tae
1849 4425 2113 4491 rationes,
2165 4425 2369 4494 quibus
2424 4426 2595 4480 innisi
2650 4432 2873 4495 tempus

1710 4496 1959 4565 reperire
1998 4513 2283 4565 queamus.

1703 4576 1716 4588 ·
1781 4565 1847 4620 V.
1866 4568 1917 4620 2.
1955 4582 2155 4634 ponere
2188 4567 2376 4639 siqua]
2406 4567 2557 4623 idem
2600 4572 2687 4623 est
2722 4566 2871 4638 quod
