3092 5059
445 237 571 303 4⁴70

1389 236 1897 303 SATIRARUM

544 422 627 499 Si
677 449 932 523 neque
982 425 1358 499 maiorem
1411 423 1565 499 feci
1616 424 1920 499 ratione
1972 421 2177 498 mala
2230 449 2416 517 rem,

541 548 704 625 Nec
753 575 922 625 sum
973 548 1310 625 facturus
1357 549 1543 625 vitio
1592 548 1915 647 culpave
1965 548 2386 643 minorem3

545 672 633 751 Si
685 698 1010 750 veneror
1055 674 1324 750 stultus
1375 674 1571 749 nihil
1620 674 1936 750 horum:
1992 673 2110 772 „O
2160 674 2227 749 si
2276 672 2605 772 angulus
2658 670 2795 745 ille

545 796 942 875 Proximus
993 798 1330 897 accedat,
1385 798 1518 900 qui
1568 826 1773 875 nunc
1826 798 2229 875 denormat
2280 796 2662 897 agellum!

463 959 512 997 ιο
551 921 618 999 Ο
675 923 742 997 si
781 947 1054 997 urnam
1091 924 1390 1023 argenti
1442 924 1605 999 fors
1660 950 1857 1023 quae
1905 923 2099 999 mihi
2135 935 2529 1017 monstret,
2572 935 2661 997 ut
2700 919 2841 1015 illi,

545 1046 935 1123 Thesauro
985 1048 1296 1125 invento
1353 1050 1486 1149 qui
1535 1049 2105 1125 mercennarius
2156 1074 2431 1147 agrum

543 1172 776 1248 Illum
824 1174 1074 1270 ipsum
1126 1187 1501 1250 mercatus
1553 1174 1819 1270 aravit,
1876 1173 2089 1249 dives
2132 1172 2383 1249 amico

544 1297 880 1374 Hercule
893 1296 1046 1395 !“—;
1066 1298 1130 1373 si
1151 1299 1358 1399 quod
1379 1300 1475 1375 ad
1484 1312 1597 1375 est
1613 1314 1919 1398 gratum
1928 1298 2161 1393 iuvat,
2173 1297 2321 1373 hac
2339 1320 2569 1397 prece
2584 1308 2663 1371 te
2676 1320 2842 1371 oro:

547 1422 846 1523 Pingue
888 1448 1124 1525 pecus
1177 1423 1492 1499 domino
1546 1424 1784 1500 facias
1827 1437 1905 1500 et
1956 1436 2211 1499 cetera
2257 1433 2565 1524 praeter

465 1580 512 1621 ιε
545 1546 980 1647 Ingenium,
1031 1562 1270 1648 utque
1321 1548 1544 1642 soles,
1599 1562 1852 1625 custos
1902 1548 2093 1625 mihi
2146 1548 2525 1625 maximus
2575 1544 2805 1623 adsis.

543 1672 751 1771 Ergo
804 1674 938 1750 ubi
986 1700 1110 1749 me
1161 1674 1240 1749 in
1281 1686 1582 1751 montes
1625 1686 1702 1749 et
1743 1674 1823 1748 in
1862 1698 2121 1749 arcem
2161 1699 2251 1749 ex
2292 1672 2487 1749 urbe
2521 1670 2837 1766 removi,

549 1796 752 1890 Quid
803 1799 1016 1895 prius
1068 1800 1472 1875 inlustrem
1523 1800 1774 1875 satiris
1828 1824 2199 1899 musaque
2250 1796 2641 1895 pedestri?

545 1921 710 1997 Nec
755 1923 959 1999 mala
1007 1950 1133 2001 me
1181 1925 1502 2000 ambitio
1552 1924 1813 2022 perdit
1862 1949 2003 2000 nec
2052 1922 2457 2020 plumbeus
2512 1922 2793 1998 Auster

544 2046 1134 2149 Autumnusque
1185 2050 1467 2148 gravis,
1521 2049 1904 2125 Libitinae
1958 2064 2315 2148 quaestus
2366 2047 2715 2124 acerbae.

462 2207 516 2249 20
548 2170 924 2250 Matutine
971 2188 1214 2272 pater,
1267 2201 1400 2251 seu
1451 2174 1639 2251 Iane
1685 2173 2047 2251 libentius
2098 2171 2343 2270 audis,

448 2455 558 2492 non
617 2439 836 2507 iniquas
880 2456 1071 2509 preces
1119 2442 1194 2496 ad
1236 2442 1368 2497 deos
1417 2442 1597 2497 fundi.

447 2508 632 2577 Quare
669 2528 814 2579 quae
859 2510 1188 2567 dubitanter
1230 2513 1494 2568 dicuntur
1529 2530 1597 2569 ea

446 2581 696 2649 aliquam
734 2580 943 2637 habent
979 2600 1202 2639 causam
1237 2586 1357 2655 spei
1384 2585 1505 2640 fore
1529 2590 1597 2639 ut

447 2652 530 2707 dii
574 2651 786 2708 faciant
835 2672 978 2723 quae
1021 2656 1280 2725 precibus
1331 2662 1597 2725 expetan-

449 2728 558 2777 tur.
597 2722 819 2779 Horatii
845 2729 1032 2781 autem
1057 2744 1224 2782 causa
1249 2728 1459 2797 triplex
1483 2732 1597 2797 est-3

447 2794 579 2849 inde
621 2800 710 2850 ter
751 2797 1030 2865 particula
1080 2800 1131 2853 si
1173 2800 1377 2868 posita,
1427 2816 1595 2869 quam

449 2866 708 2935 apodosis
753 2869 962 2937 excipit
1011 2887 1176 2924 versu
1218 2872 1300 2924 13.
1345 2900 1409 2909 —
1447 2888 1597 2926 vene-

445 2936 564 3007 ror]
601 2938 730 2993 vide
767 2940 838 2993 ad
877 2942 934 2995 G.
964 2940 1017 2995 S.
1045 2944 1130 2995 49.
1171 2941 1287 2996 Sat.
1307 2942 1379 3010 11,
1398 2945 1450 3002 2.
1477 2944 1597 2997 124.

453 3037 518 3047 -
537 3012 940 3067 mercennarius
985 3030 1116 3082 pro:
1150 3018 1217 3067 ut
1240 3014 1327 3067 illi
1351 3030 1595 3068 mercen-

449 3080 628 3149 nario,
667 3082 779 3150 qui.
817 3082 888 3137 cf.
967 3089 1040 3138 at.
1069 3085 1142 3147 II,
1171 3088 1222 3151 2,
1254 3086 1339 3139 59.
1365 3114 1428 3125 -
1453 3086 1595 3140 Her-

447 3150 583 3221 cule]
641 3154 735 3221 qui
792 3154 1068 3210 thesauris
1131 3156 1482 3212 recludendis
1537 3160 1597 3211 et

449 3224 651 3292 opibus
678 3225 985 3295 largiendis
1018 3234 1257 3297 praeest.
1333 3228 1595 3283 Imitatus

449 3293 598 3349 hunc
655 3296 838 3350 locum
893 3302 977 3352 est
1026 3298 1176 3354 Pers.
1215 3302 1268 3365 2,
1309 3302 1366 3353 8:
1426 3316 1494 3362 „o
1550 3300 1597 3353 si

451 3364 565 3419 Sub
589 3372 774 3421 rastro
799 3374 993 3437 crepet
1016 3373 1238 3440 argenti
1275 3371 1414 3425 mihi
1451 3372 1596 3425 seria

449 3436 650 3491 dextro
703 3438 944 3495 Hercule
959 3442 1013 3494 1⁴⁶
1059 3470 1124 3481 --
1169 3442 1408 3513 pratum]
1465 3442 1597 3496 Sen-

449 3508 629 3563 tentia
673 3509 814 3564 nihil
857 3517 1126 3579 mutatur,
1175 3514 1294 3569 sive
1341 3516 1597 3567 neutrius

488 3580 670 3634 oneris
708 3598 826 3635 esse
872 3588 1034 3652 putas
1084 3602 1210 3640 cum
1249 3584 1597 3653 Heindorfio,

504 3651 690 3719 ittsro,
748 3652 1028 3709 Fritschio
1044 3696 1058 3723 ,
1129 3657 1249 3711 sive
1303 3657 1598 3711 masculini

449 3740 574 3777 cum
595 3722 884 3793 TeuffeliO,
911 3726 1288 3793 Doederlinio‚
1307 3728 1597 3799 Kriiger03

449 3794 589 3848 mihi
646 3800 832 3849 tamen
884 3803 1146 3853 neutrum
1193 3816 1308 3854 esse
1347 3800 1597 3868 videtur3

449 3865 519 3919 cf.
550 3864 673 3922 Liv.
701 3866 934 3937 XXXII,
971 3872 1034 3922 8:
1075 3872 1262 3939 „quod
1299 3888 1396 3925 rex
1433 3874 1597 3927 Atta-

447 3936 536 3991 lus
560 3936 842 3991 Romanos
865 3940 1114 4005 iuvisset,
1159 3942 1218 3997 id
1251 3946 1478 4015 gratum
1515 3960 1597 3997 se-

448 4008 608 4062 natui
671 4010 842 4063 esse.“
899 4040 968 4051 —-
1027 4019 1250 4082 praeter
1295 4014 1595 4084 inyem'um]

447 4078 674 4134 locatur
725 4082 988 4152 ambiguo
1036 4084 1309 4140 vocabulo
1351 4086 1597 4155 pinquis,

449 4152 600 4219 quod
652 4151 723 4206 de
781 4154 1006 4223 ingenio
1063 4155 1276 4210 dictum
1331 4172 1598 4224 crassum,

449 4222 754 4291 stupidum,
772 4223 1048 4292 hebetem,
1057 4226 1282 4281 tardum
1300 4227 1596 4297 significat.

451 4290 612 4346 Ovid.
651 4294 785 4349 Met.
823 4295 918 4363 XI,
959 4300 1075 4352 148.
1118 4316 1192 4337 ³—
1237 4304 1402 4367 πέρυσι
1437 4299 1595 4370 soles]

451 4364 584 4431 quia
639 4364 1056 4423 Mercurialium
1110 4370 1360 4423 virorum
1413 4374 1597 4424 custos

451 4439 551 4487 est.
591 4435 770 4489 Carm.
808 4438 880 4506 11,
921 4442 1004 4507 17,
1043 4441 1127 4493 29.
1170 4470 1234 4479 -
1271 4440 1333 4493 in
1371 4440 1598 4511 montes]

455 4504 707 4574 Sabinos,
735 4509 937 4577 quibus
969 4510 1128 4564 addit
1162 4510 1223 4563 in
1245 4526 1442 4579 arcem,
1467 4512 1600 4579 quia

455 4578 610 4631 tutus
645 4576 728 4631 ibi
763 4584 849 4633 est
895 4581 969 4635 ab
1014 4582 1262 4637 urbanae
1298 4582 1448 4636 vitae
1483 4600 1599 4637 mo-

1688 2441 1884 2497 lestiis.
1965 2440 2037 2496 cf.
2076 2440 2255 2496 Germ.
2293 2439 2365 2508 Π,
2402 2440 2454 2507 6,
2493 2440 2581 2493 21.
2654 2438 2757 2505 ΙΠ,
2794 2441 2847 2503 4,

1690 2514 1776 2566 21.
1798 2542 1863 2553 —-
1888 2512 2021 2583 quid
2036 2512 2203 2582 prius
2226 2510 2535 2580 inlustrem]
2573 2528 2645 2566 sc.
2676 2528 2845 2579 quam

1689 2585 1837 2639 hanc
1873 2583 2204 2639 felicitatem
2238 2600 2348 2652 qua
2384 2583 2443 2636 in
2478 2584 2691 2637 rustica
2714 2583 2843 2637 soli-

1688 2657 1886 2711 tudine
1922 2660 2059 2711 tunc
2091 2660 2242 2709 utor.
2314 2654 2523 2709 Satiris
2567 2654 2748 2725 igitur
2789 2660 2847 2709 et

1686 2744 1847 2783 musa
1891 2726 2139 2797 pedestri
2192 2725 2427 2781 ablativi
2484 2725 2845 2780 instrumenti

1687 2804 1836 2867 sunt,
1875 2816 1987 2855 non
2026 2796 2399 2867 coniungendi
2446 2814 2573 2852 cum
2621 2814 2844 2867 compa-

1687 2873 1891 2925 rativo.
1956 2871 2037 2925 De
2073 2888 2233 2925 musa
2268 2868 2516 2937 pedestri
2554 2868 2625 2923 cf.
2666 2869 2847 2923 Carm.

1687 2942 1760 3008 ΙΙ,
1804 2945 1890 3011 12,
1927 2945 1977 2998 9.
2052 2940 2166 2996 Sat.
2208 2943 2253 3000 Ι,
2292 2942 2343 3008 4,
2380 2942 2467 2993 47.
2552 2940 2736 3010 Epist.
2776 2940 2847 3007 11,

1692 3016 1738 3078 1,
1776 3015 1899 3068 250.
1968 3016 2036 3069 Α.
2074 3012 2134 3067 P.
2172 3015 2260 3067 95.

1760 3084 1825 3139 V.
1868 3086 1951 3139 18.
2000 3084 2249 3155 ambitio]
2290 3100 2433 3155 quae
2466 3081 2847 3153 proficiscitur

1688 3174 1757 3211 ex
1785 3157 2190 3211 incontinentia
2226 3155 2399 3211 animi
2437 3172 2549 3225 qua
2591 3154 2846 3209 homines

1686 3225 2847 3355 3333&‘'⁰¹”1iissepffifflaffiiifissqiss

1688 3371 1829 3426 urbe
1864 3372 2057 3433 alitur,
2096 3372 2156 3425 in
2196 3386 2413 3425 secessu
2452 3370 2601 3423 ruris
2636 3370 2847 3423 exstin-

1688 3443 1908 3513 guitur3
1964 3460 2059 3497 rus
2104 3443 2284 3513 igitur
2332 3441 2619 3495 hominem
2654 3440 2845 3495 defen·

1688 3514 1777 3568 dit
1822 3532 1855 3569 a
1898 3514 2109 3568 morbis
2154 3519 2213 3569 et
2258 3512 2431 3569 animi
2480 3516 2539 3565 et
2576 3513 2847 3581 corporis.

1688 3586 1773 3640 De
1809 3588 2019 3641 Austro
2056 3584 2187 3640 vide
2224 3586 2408 3640 Carm.
2439 3583 2513 3651 H,
2546 3586 2627 3650 14,
2653 3586 2736 3637 15.
2774 3584 2845 3639 cf.

1688 3658 1867 3727 Epist.
1918 3657 1961 3724 Ι,
2014 3660 2095 3724 16,
2150 3660 2213 3710 15
2252 3674 2362 3725 sq.;
2412 3655 2703 3725 plumbeus
2746 3660 2847 3721 oet,

1690 3730 1823 3797 quia
1859 3733 2015 3783 aestu
2054 3744 2255 3797 corpus
2304 3727 2517 3797 premit
2563 3732 2631 3780 ut
2664 3727 2847 3796 plum·

1689 3800 1839 3854 bum.
1884 3829 1949 3839 —
1986 3798 2195 3869 pravis]
2236 3799 2424 3853 Iuven.
2458 3800 2508 3861 4,
2546 3798 2647 3851 ⁶6:
2689 3798 2845 3863 „leti-

1690 3872 1780 3926 fer
1830 3872 2180 3925 autumnus.“
2239 3900 2305 3911 -—
2360 3869 2667 3939 micinae]
2718 3870 2847 3923 vide

1688 3944 1761 3998 ad
1800 3943 1981 3997 Carm.
2018 3942 2121 4010 111,
2160 3943 2247 4010 30,
2288 3945 2337 3995 7.
2376 3941 2446 3995 cf.
2490 3940 2674 4009 Epist.
2713 3941 2757 4007 1,
2798 3943 2845 4001 7,

1690 4018 1723 4069 5
1764 4032 1884 4083 sqq.
1931 4044 2000 4055 —-
2048 4013 2344 4082 Matutine]
2393 4012 2473 4067 Ut
2519 4012 2847 4081 importuna

1687 4086 1749 4139 in
1782 4086 1923 4140 urbe
1973 4086 2203 4155 negotia
2246 4084 2435 4139 omnia
2470 4083 2775 4147 describat,
2812 4101 2846 4137 a

1690 4158 1969 4211 matutino
2006 4153 2263 4224 tem'pore
2302 4154 2527 4209 orditur
2562 4158 2623 4208 et
2661 4154 2845 4224 lepide

1690 4228 1877 4282 iocans
1928 4229 2113 4297 ipsum
2155 4227 2321 4282 deum
2360 4226 2707 4280 Matutinum
2752 4244 2843 4295 ap·

1688 4299 1867 4368 pellat
1910 4300 2068 4367 quasi
2112 4315 2303 4367 preces
2348 4298 2619 4352 facturus.
2698 4298 2845 4352 Deus

1691 4372 1809 4439 ipse
1846 4371 2005 4438 quasi
2052 4370 2211 4423 testis
2259 4373 2343 4424 est
2386 4368 2701 4423 multorum
2750 4386 2841 4423 ne·

1690 4442 1973 4512 gotiorum
1992 4483 2005 4504 ‚
2064 4442 2263 4509 quibus
2317 4440 2568 4495 homines
2626 4442 2842 4511 agitan-

1692 4518 1811 4578 tur3
1868 4512 1987 4581 ipse
2044 4513 2191 4567 enim
2245 4511 2587 4567 dormientes
2632 4512 2845 4567 excitat

1694 4582 1765 4639 ad
1814 4600 2159 4654 muneraque
2193 4582 2449 4640 adeunda
2485 4582 2685 4655 agitat.
2760 4583 2843 4638 De
