3092 5059
355 228 438 297 62
1325 222 1785 295 CARMINUM

758 419 1008 513 Quem
1061 418 1343 496 deum?
1444 417 1681 497 Cuius
1734 416 2029 491 recinet
2076 414 2337 489 iocosa

951 544 1252 620 Nomen
1301 544 1563 641 imago

692 728 718 769 ε
754 694 912 771 Aut
961 695 1041 769 in
1091 693 1472 771 umbrosis
1528 690 1929 768 Heliconis
1982 690 2135 765 oris

761 819 922 895 Aut
973 845 1205 919 super
1255 817 1501 895 Pindo
1557 816 1916 915 gelidove
1966 816 2047 890 in
2098 814 2453 891 Haemo?

757 945 987 1022 Unde
1041 943 1383 1020 vocalem
1440 958 1730 1018 temere
1780 942 2167 1017 insecutae

952 1068 1266 1171 Orphea
1317 1068 1555 1144 silvae

757 1218 950 1296 Arte
993 1233 1343 1295 materna
1393 1216 1707 1317 rapidos
1763 1230 2185 1292 morantem

678 1381 728 1419 ιο
765 1345 1211 1421 Fluminum
1255 1342 1518 1441 lapsus
1576 1340 2017 1439 celeresque
2071 1354 2338 1417 ventos

751 1469 1133 1545 Blandum
1189 1482 1266 1544 et
1317 1468 1601 1543 auritas
1651 1466 1932 1541 fidibus
1988 1468 2290 1543 canoris

954 1596 1256 1669 Ducere
1309 1617 1661 1692 quercus.

759 1742 968 1835 Quid
1024 1743 1236 1839 prius
1289 1744 1540 1819 dicam
1596 1742 1833 1818 solitis
1886 1742 2225 1841 parentis

761 1866 1178 1963 Laudibus,
1236 1868 1370 1967 qui
1420 1894 1542 1943 res
1594 1867 1995 1944 hominum
2047 1892 2137 1943 ac
2192 1866 2535 1963 deorum,

679 2026 726 2065 15
765 1990 916 2083 Qui
969 2018 1183 2067 mare
1235 2018 1326 2069 ac
1377 2004 1619 2068 terras
1672 1993 2063 2091 variisque
2102 1991 2484 2067 mundum

957 2117 1371 2217 Temperat
1414 2116 1673 2191 horis?

757 2267 988 2345 Unde
1039 2269 1150 2343 nil
1201 2268 1447 2343 maius
1501 2281 1914 2365 generatur
1964 2268 2131 2368 ipso

757 2394 919 2470 Nec
967 2395 1176 2491 viget
1228 2394 1642 2492 quicquam
1691 2391 1939 2467 simile
1991 2406 2125 2467 aut
2175 2393 2617 2489 secundum,

763 2518 1160 2597 Proximos
1213 2517 1330 2591 illi
1381 2530 1639 2593 tamen
1690 2518 2091 2619 occupavit

675 2674 727 2715 20
859 2642 1112 2719 Pallas
1164 2641 1520 2739 honoreS,

761 2792 1082 2870 Proeliis
1137 2792 1386 2868 audax
1441 2818 1692 2892 neque
1738 2807 1813 2869 te
1860 2792 2103 2869 silebo

361 2976 510 3031 baid.
546 2976 592 3044 I,
630 2977 724 3029 412
787 2975 996 3045 „Quem
1053 2975 1208 3045 prius
1263 2974 1515 3041 heroum,

363 3048 486 3103 Clio
523 3048 681 3103 dabis
696 3048 724 3101 ‘2
761 3047 1122 3101 immodicum
1159 3048 1276 3101 irae
1287 3045 1516 3114 Tydea?

361 3120 628 3191 laurigeri
674 3118 888 3173 subitos
936 3135 1010 3172 an
1062 3118 1206 3173 vatis
1255 3118 1442 3172 hiatus
1453 3118 1513 3171 ’Μ’

365 3220 430 3231 -
457 3192 648 3247 iocosa
669 3189 871 3260 imaqol
912 3194 998 3244 est
1015 3190 1196 3258 Echo;
1228 3190 1309 3244 sic
1333 3190 1514 3244 Carm.

361 3262 416 3332 1,
454 3265 547 3331 20,
584 3264 619 3316 6
652 3263 768 3315 -8.
841 3260 1080 3315 Romani
1132 3262 1361 3331 proprio
1421 3278 1515 3315 vo-

365 3334 562 3390 cabulo
597 3334 876 3389 carebant.
925 3362 992 3373 -——
1045 3333 1354 3403 Heliconis]
1393 3332 1516 3387 Tri-

362 3406 494 3477 plex
544 3406 832 3459 Musarum
892 3404 1074 3474 sedes3
1135 3406 1518 3474 antiquissima

363 3476 636 3532 Thraciae
671 3494 830 3531 mons
867 3476 1126 3530 Haemus.
1164 3506 1231 3515 —
1281 3475 1516 3546 Orphea]

365 3550 512 3603 Nota
548 3552 634 3602 est
679 3547 872 3601 fabula
908 3547 977 3601 de
1013 3552 1270 3602 veterum
1305 3553 1518 3615 vatum,

366 3620 578 3689 Orphei
603 3624 661 3673 et
679 3619 1030 3687 Amphionis,
1055 3620 1244 3674 nonin
1265 3618 1517 3674 homines

365 3692 546 3747 solum
569 3690 668 3744 sed
691 3691 752 3743 in
769 3692 938 3744 bruta
963 3691 1243 3759 animalia,
1266 3692 1433 3745 etiam
1459 3692 1520 3744 in

366 3763 702 3817 inanimatas
719 3768 1131 3831 res,potestate,
1151 3780 1295 3831 quae
1305 3780 1520 3817 summa

365 3834 458 3888 hic
494 3833 832 3888 describitur
869 3838 928 3888 et
959 3833 1201 3888 inhibito
1227 3834 1520 3888 fluminum

368 3910 426 3961 et
443 3910 756 3967 ventorum,
775 3906 980 3973 quibus
989 3904 1130 3959 nihil
1141 3912 1226 3960 est
1235 3906 1520 3972 mobilius,

365 3982 524 4031 motu
559 3982 618 4031 et
641 3975 822 4031 ductis
841 3994 1025 4030 secum
1047 3979 1378 4046 quercubus,
1400 3978 1519 4046 qui·

367 4050 470 4103 bus
498 4048 642 4103 nihil
667 4053 752 4102 est
789 4048 982 4102 durius
1017 4066 1198 4118 neque
1221 4050 1520 4118 quicquam

367 4120 642 4175 firmiores
687 4120 748 4173 in
791 4125 946 4174 terra
991 4120 1210 4175 radices
1255 4121 1391 4190 agit.
1453 4148 1520 4158 —

370 4190 618 4275 quercus]
641 4190 861 4262 Species
885 4196 1181 4261 poetarum
1206 4208 1362 4245 more
1395 4190 1520 4244 sub-

369 4265 626 4334 iungitur
679 4264 890 4334 generi,
955 4267 1022 4317 ut
1074 4263 1178 4332 Ep.
1225 4263 1269 4330 1,
1329 4263 1413 4330 12,
1469 4264 1520 4314 7.

373 4364 440 4375 —-
493 4335 669 4390 solitis
719 4335 979 4403 parentis
1041 4334 1320 4403 laudibus]
1394 4350 1524 4387 nam

373 4424 440 4477 „a
473 4405 607 4461 Iove
641 4405 1016 4475 principium“
1055 4405 1289 4475 (Vergil.
1331 4405 1523 4459 Bucol.

371 4482 422 4539 3.
462 4478 552 4547 60)
603 4496 731 4533 cum
779 4478 840 4531 in
889 4477 1146 4533 omnibus
1191 4478 1358 4531 rebus
1401 4482 1523 4531 tum

372 4551 432 4605 in
487 4549 843 4606 carminibus.
918 4548 1009 4602 Ad
1065 4566 1132 4603 ea
1186 4563 1326 4617 quae
1383 4550 1522 4603 inse-

1613 2978 1863 3044 quuntur
1900 2974 2092 3029 confer
2128 2974 2310 3029 Carm.
2348 2974 2455 3037 111,
2478 2974 2529 3037 4,
2558 2976 2627 3027 45
2644 2992 2771 3044 sqq.

1612 3074 1679 3086 —
1718 3046 2003 3116 mundum]
2054 3046 2293 3113 caelum3
2338 3050 2403 3100 ut
2452 3046 2591 3100 haec
2638 3047 2771 3111 tria,

1610 3122 1766 3171 terra
1830 3134 1987 3172 mare
2050 3118 2285 3184 caelum,
2340 3122 2521 3172 totam
2577 3134 2771 3171 rerum

1612 3195 1873 3243 naturam
1920 3190 2280 3260 coniungant.
2322 3218 2385 3229 --
2429 3188 2601 3257 horis]
2640 3190 2775 3242 anni

1610 3261 1976 3331 temporibus,
2026 3266 2093 3315 ut
2128 3264 2197 3315 A.
2233 3260 2295 3315 P.
2330 3262 2453 3315 302.
2494 3288 2559 3299 —
2604 3260 2769 3331 unde]

1612 3333 1741 3387 vide
1794 3333 1867 3387 ad
1916 3332 2097 3387 Carm.
2151 3332 2225 3400 ΙΙ,
2276 3335 2364 3400 12,
2406 3335 2457 3385 7.
2517 3362 2585 3370 -
2640 3348 2774 3401 pro·

1611 3404 1811 3473 ximos]
1869 3402 2126 3473 Iuppiter
2188 3404 2271 3458 ita
2330 3403 2606 3458 maximus
2669 3408 2777 3471 est,

1612 3480 1678 3529 ut
1734 3476 1922 3529 nullus
1976 3476 2207 3531 deorum
2276 3492 2401 3529 eum
2474 3492 2539 3529 eo
2597 3476 2778 3543 possit

1614 3548 1945 3616 comparari,
1988 3564 2308 3617 quanquam
2352 3546 2609 3600 Minerva
2644 3564 2775 3615 pro-

1611 3620 1825 3673 ximum
1901 3619 2127 3687 quidem
2200 3619 2297 3673 sed
2368 3619 2539 3687 longo
2596 3619 2779 3671 int—er·

1612 3690 1763 3745 vallo
1792 3690 2095 3745 distantem
2123 3692 2309 3745 locum
2329 3690 2599 3744 obtinuit.
2638 3690 2777 3743 Ver·

1612 3763 1710 3833 gil.
1766 3765 1906 3816 Aen.
1954 3762 2019 3821 V.
2072 3763 2194 3817 320.
2266 3761 2496 3816 Martial
2546 3760 2669 3828 XII,
2720 3762 2775 3828 8,

1618 3836 1677 3886 1:
1734 3832 2070 3901 „Terrarum
2108 3833 2213 3887 dea
2259 3834 2623 3903 gentiumque
2662 3832 2775 3887 Ro-

1614 3922 1724 3972 ma,
1774 3905 1877 3958 Cui
1923 3922 2033 3974 par
2086 3910 2167 3959 est
2218 3905 2361 3958 nihil
2406 3910 2459 3958 et
2502 3904 2646 3957 nihil
2699 3920 2779 3957 se-

1617 3976 1902 4031 cundum.“
1944 3977 2027 4031 De
2063 3976 2352 4029 Minervae
2386 3976 2665 4046 dignitate
2702 3976 2775 4031 cf.

1614 4047 1758 4101 Plat.
1812 4046 1997 4118 Symp.
2052 4051 2101 4101 2.
2154 4066 2207 4117 p.
2248 4048 2369 4101 617.
2426 4046 2511 4101 C.:
2581 4044 2646 4116 ,ἡ
2708 4047 2775 4099 δὲ

1615 4114 1818 4185 Ἀθηνᾶ
1854 4126 2109 4192 φαίνεται
2142 4116 2243 4172 τὸν
2278 4122 2515 4182 πλησίον
2552 4115 2637 4171 ἀεὶ
2678 4120 2779 4170 τοῦ

1618 4188 1751 4249 Διὸς
1788 4186 1964 4246 τόπον
2002 4190 2263 4261 ἔχουσα.“
2332 4189 2493 4244 Pind.
2534 4189 2602 4244 fr.
2652 4192 2776 4243 112.

1616 4261 1699 4315 Ba
1758 4258 2027 4333 »ἄγχιστα
2066 4260 2250 4321 δεξιὰν
2286 4261 2420 4314 κατὰ
2452 4268 2613 4332 χεῖρα
2663 4280 2777 4314 πα-

1614 4333 1741 4401 τρὸς
1772 4330 1985 4396 ‘'Esau“
2046 4364 2113 4373 —
2164 4334 2395 4402 proeliis
2438 4332 2651 4401 audax]
2701 4333 2775 4387 cf.

1619 4404 1801 4460 Oarm.
1844 4405 1916 4472 11,
1965 4406 2047 4473 19,
2099 4407 2163 4457 21
2206 4422 2327 4473 sqq.
2402 4402 2556 4459 Haec
2600 4404 2779 4459 verba

2641 4480 2782 4531 ntur

2604 4549 2781 4603 ellero

1618 4492 1744 4531 oum
1765 4476 1992 4531 Pallade
2028 4494 2141 4531 non
2178 4480 2332 4530 recte
2358 4476 2561 4530 coniun

1617 4548 1691 4602 ab
1764 4548 2107 4617 Ecksteinio,
2181 4546 2475 4615 Humilem,
