3092 5059
442 211 567 278 622
1504 203 1766 275 LIBER

542 399 625 476 Si
674 423 1010 500 possum,
1062 396 1436 494 invideor,
1494 423 1666 472 cum
1715 396 1986 494 lingua
2038 395 2354 475 Catonis
2407 405 2486 469 et
2531 388 2728 466 Enni

544 525 1001 600 Sermonem
1050 523 1387 622 patrium
1440 521 1803 598 ditaverit
1857 533 1934 597 et
1984 545 2188 596 nova
2239 543 2492 594 rerum

542 647 875 724 Nomina
927 647 1384 748 protulerit?
1486 647 1743 722 Licuit
1793 671 2254 746 semperque
2298 644 2562 719 licebit

543 771 949 873 Signatum
1003 784 1401 870 praesente
1450 785 1635 848 nota
1685 771 2118 871 producere
2167 795 2473 844 nomen.

454 931 507 973 eo
543 899 643 976 Ut
693 898 931 974 silvae
980 898 1191 974 foliis
1244 923 1532 998 pronos
1577 908 1969 973 mutantur
2019 898 2101 970 in
2145 921 2409 992 annos,

546 1023 809 1100 Prima
858 1023 1173 1119 cadunt3
1228 1024 1333 1098 ita
1384 1024 1796 1098 verborum
1851 1035 2068 1097 vetus
2121 1021 2380 1098 interit
2429 1033 2664 1110 actae,

544 1147 643 1224 Et
690 1149 1051 1224 iuvenum
1104 1149 1257 1224 ritu
1304 1147 1584 1223 florent
1633 1146 1866 1222 modo
1921 1159 2100 1223 nata
2151 1148 2592 1246 vigentque.

546 1273 935 1349 Debemur
986 1275 1217 1350 morti
1266 1299 1405 1349 nos
1456 1286 1909 1372 nostraque3
1960 1274 2122 1349 sive
2173 1285 2520 1371 receptus

548 1399 789 1474 Terra
836 1399 1237 1496 Neptunus
1292 1397 1567 1473 classes
1621 1396 2142 1496 Aquilonibus
2197 1409 2426 1492 arcet,

464 1553 515 1594 eu
550 1523 785 1621 Regis
837 1550 1051 1622 opus,
1106 1521 1542 1621 sterilisque
1592 1520 1812 1618 palus
1867 1519 1998 1597 diu
2050 1533 2386 1622 aptaque
2435 1519 2674 1597 remis

449 1761 837 1818 novandorum
882 1764 1183 1818 verborum
1226 1763 1315 1818 ius
1352 1761 1598 1818 vindico-

449 1838 561 1888 tur.
600 1865 668 1875 —
704 1834 980 1906 invidum]
1033 1836 1101 1891 cf.
1140 1835 1321 1906 Epist.
1360 1835 1404 1902 Ι,
1442 1837 1491 1902 5,
1528 1835 1596 1888 21

449 1907 702 1976 imperor.
741 1935 808 1948 --·
847 1905 1101 1976 Catonis]
1146 1906 1219 1961 M.
1268 1907 1453 1961 Porcii
1501 1907 1602 1960 Ca·

452 1978 620 2046 tonis,
656 1979 755 2047 qui
789 1977 1079 2033 Censorius
1118 1979 1339 2034 dieitur.
1380 1978 1449 2033 cf.
1488 1978 1600 2033 Cic·

455 2049 527 2104 de
544 2049 671 2104 Fin.
694 2049 795 2118 III,
814 2051 875 2103 4:
918 2049 1013 2118 „Si
1032 2051 1246 2105 Zenoni
1274 2051 1450 2118 licuit,
1474 2067 1600 2104 cum

452 2137 571 2174 rem
618 2121 861 2190 aliquam
909 2122 1213 2176 invenisset
1252 2122 1602 2190 inusitatam,

450 2192 771 2247 inauditum
808 2209 1029 2262 quoque
1066 2194 1117 2248 ei
1154 2194 1237 2248 rei
1262 2210 1463 2248 nomen
1500 2195 1602 2247 im-

448 2281 676 2334 ponere,
712 2281 812 2319 eur
850 2282 967 2318 non
1002 2265 1171 2320 liceat
1208 2266 1406 2320 Catoni
1420 2265 1485 2319 ?“
1530 2293 1600 2305 --

443 2335 741 2406 producere
792 2336 1011 2405 novum]
1079 2335 1171 2390 Sic
1226 2336 1602 2406 antiquissimi

448 2407 687 2462 codices.
720 2406 827 2474 Qui
850 2409 1199 2476 scripserunt
1217 2409 1517 2478 procudere
1536 2411 1604 2461 ut

452 2475 733 2547 hahnius,
766 2479 942 2534 nimio
972 2480 1381 2534 continuandae
1403 2481 1602 2550 imagi-

452 2550 539 2605 nis
559 2551 747 2605 studio
767 2567 879 2605 non
897 2551 1163 2605 viderunt
1186 2551 1335 2606 idem
1356 2550 1443 2606 bis
1463 2551 1602 2618 dici3

452 2638 583 2675 nam
620 2623 716 2691 qui
754 2621 909 2676 aliud
947 2627 1035 2677 est
1068 2623 1327 2692 siynare?
1396 2621 1502 2677 Sed
1542 2623 1604 2676 in

445 2693 745 2762 producere
776 2710 999 2762 quoque
1022 2694 1353 2763 metaphora
1387 2712 1421 2748 a
1444 2711 1602 2747 num-

450 2765 556 2819 mis
582 2764 877 2834 desumpta
910 2767 1298 2833 continuatum
1336 2770 1421 2820 est
1454 2766 1602 2819 enim

450 2853 707 2890 nummos
744 2853 935 2891 recens
982 2836 1161 2892 factos
1200 2838 1295 2907 „in
1341 2837 1602 2891 notitiam

450 2906 741 2962 hominum
777 2908 1103 2977 deducere“‚
1142 2913 1207 2962 ut
1228 2909 1424 2963 dieunt
1448 2907 1602 2962 scho-

452 2979 667 3046 liastae,
703 2980 849 3034 hanc
893 2980 1189 3035 lectionem
1234 2985 1471 3035 tuentes.
1526 2979 1602 3034 cf.

452 3049 687 3118 Quintil.
722 3051 767 3119 Ι,
804 3055 857 3118 6,
898 3053 991 3106 48:
1066 3052 1383 3119 „Utendum
1435 3051 1604 3120 plane

452 3139 709 3177 sermone
752 3123 910 3177 velut
952 3140 1200 3192 nummo,
1250 3125 1341 3178 cui
1376 3123 1604 3192 publica

452 3191 639 3248 forma
686 3195 821 3249 est.“
896 3194 966 3249 cf.
1016 3195 1153 3250 Hor.
1202 3195 1385 3263 Epist.
1430 3194 1503 3263 H,
1553 3196 1604 3263 2,

458 3265 577 3320 119.
604 3295 672 3305 -
693 3281 894 3333 pronos
929 3266 1121 3335 annos]
1170 3267 1242 3320 ad
1276 3265 1447 3320 finem
1482 3282 1604 3320 ver-

453 3341 666 3407 gentes.
720 3337 902 3392 Carm.
940 3337 1039 3407 111,
1082 3340 1169 3401 27,
1209 3339 1291 3392 18.
1344 3338 1604 3392 Ceterum

453 3407 525 3463 cf.
574 3407 734 3463 Hom.
781 3409 846 3464 ΙΙ.
896 3409 999 3477 vl,
1058 3412 1175 3464 146.
1286 3408 1601 3464 Mimnerm.

452 3479 612 3551 Eleg.
660 3482 718 3534 2:
797 3478 1021 3550 ,,Ἡμεῖς
1072 3481 1125 3532 δ’
1179 3474 1268 3535 οἷά
1317 3497 1377 3534 τε
1424 3475 1604 3552 φύλλα

453 3545 583 3638 φθίνει,
616 3553 975 3638 πολνυανθέος,
1006 3548 1117 3621 ὥρη
1141 3545 1361 3624 ’'Eupoc,
1394 3549 1477 3606 ὅτ’
1514 3545 1603 3622 ἂψ

450 3625 879 3766 ἴέῦζέωοῖήὲἷέ
906 3626 1128 3767 233?ss
1138 3661 1152 3689 ’
1178 3630 1413 3750 aiii..
1437 3626 1606 3762 ‘'353ss

458 3759 813 3838 Τερπόμεθα,
862 3765 1006 3836 πρὸς
1050 3768 1203 3821 θεῶν
1238 3763 1447 3827 εἰδότες
1482 3762 1606 3820 οὔτε

452 3836 628 3892 κακὸν
652 3831 776 3894 Οὖτ’
811 3833 1081 3908 ἀγαθόν.“
1112 3867 1179 3878 --
1205 3840 1419 3911 prima]
1460 3855 1604 3908 quae

451 3909 609 3978 prius
634 3909 1039 3980 germinarunt,
1058 3927 1125 3965 ea
1148 3911 1306 3980 prius
1318 3910 1602 3966 decidunt.

456 4007 523 4020 ·-
562 3981 831 4052 debarim]
868 3981 939 4036 cf.
974 3981 1157 4037 carm.
1195 3981 1267 4051 11,
1306 3985 1357 4045 3,
1394 3983 1481 4037 25.
1524 3984 1607 4049 14,

454 4053 522 4106 21
562 4070 683 4122 sqq.
737 4081 801 4094 -—
853 4053 1167 4124 Neptunum]
1212 4057 1281 4108 A.
1320 4071 1378 4108 u.
1414 4071 1461 4110 c.
1500 4055 1606 4107 717

456 4123 794 4179 Octavianus
830 4126 972 4196 Agri
1012 4141 1119 4194 pac
1152 4125 1385 4180 consilio
1424 4127 1608 4181 lacum

453 4193 763 4251 Lam-inum
799 4213 925 4250 cum
963 4143 1091 4253 lgcu
1119 4199 1342 4252 Averno
1380 4202 1441 4252 et
1462 4197 1608 4252 mari

454 4268 748 4322 coniunxit
782 4285 1159 4340 magnumque
1194 4268 1275 4323 ibi
1314 4269 1450 4325 fecit
1476 4285 1606 4339 por-

456 4341 577 4392 tum
624 4339 969 4394 tutissimum
1016 4341 1090 4394 ab
1134 4340 1350 4412 impetu
1399 4345 1457 4396 et
1503 4341 1608 4394 ho-

454 4411 625 4464 stium
684 4415 743 4464 et
796 4413 985 4466 maris.
1060 4411 1286 4466 Sueten.
1335 4412 1457 4468 Oct.
1508 4415 1603 4466 16:

460 4485 719 4561 3,portum
734 4481 941 4536 Iulium
980 4483 1129 4553 apud
1153 4483 1319 4538 Baias
1360 4483 1607 4538 immisso

458 4565 517 4606 m
574 4549 883 4607 Lucrinum
950 4559 1009 4608 et
1066 4556 1354 4610 Avernum
1424 4556 1610 4610 laeum

1692 1761 1840 1816 mari
1891 1761 2128 1817 sffecit.“
2201 1762 2405 1818 Portus
2459 1763 2598 1818 olim
2661 1763 2854 1818 Iocum

1691 1839 1924 1888 vocatus
1993 1851 2142 1890 nuno
2197 1834 2632 1890 harundinetum
2689 1837 2854 1904 palu·

1693 1909 1809 1960 stre
1855 1910 1954 1967 est,
2010 1907 2146 1962 Mar
2185 1911 2373 1961 morto.
2434 1935 2500 1948 -—
2551 1907 2854 1976 Aquiloni-

1693 1977 1814 2047 bus]
1876 1977 2040 2049 νοτε.
2080 1979 2218 2034 Aen.
2257 1977 2350 2040 lv,
2389 1979 2512 2032 310.
2587 1978 2676 2033 De
2717 1995 2855 2035 casu

1693 2048 1766 2103 cf.
1812 2049 1995 2117 Epist.
2044 2050 2089 2118 1,
2127 2049 2179 2116 8,
2223 2051 2304 2103 10.
2353 2077 2418 2090 -
2466 2050 2634 2120 repis]
2684 2052 2856 2120 quale

1693 2137 1833 2190 opus
1879 2137 2044 2175 nemo
2091 2121 2202 2174 nisi
2242 2122 2683 2191 potentissimus,
2743 2123 2854 2176 nisi

1693 2209 1812 2260 rex,
1853 2191 2074 2247 efficere
2109 2197 2312 2262 potest.
2387 2191 2481 2247 Sic
2517 2193 2664 2247 nihil
2705 2195 2856 2249 inaet

1693 2263 2032 2318 adulationis
2076 2265 2136 2318 in
2177 2267 2514 2335 Augustum,
2561 2267 2661 2334 qui
2707 2265 2856 2337 regis

1693 2351 1896 2389 nomen
1948 2341 2276 2405 aspernatus
2335 2341 2438 2390 eet.
2509 2335 2612 2391 cfr.
2667 2336 2852 2392 carm.

1694 2406 1768 2475 11,
1821 2409 1903 2469 14,
1959 2412 2038 2461 11.
2115 2407 2229 2462 Sat.
2275 2407 2358 2475 11,
2408 2409 2460 2471 2,
2507 2411 2595 2462 44.
2669 2408 2852 2464 Nimis

1694 2479 1896 2532 anxius
1949 2479 2064 2533 fuit
2108 2479 2438 2549 Meinekius‚
2489 2497 2615 2535 cum
2674 2482 2850 2536 corri-

1733 2567 1826 2604 ere
1859 2550 2040 2604 vellet
2070 2553 2308 2621 myium3
2355 2551 2611 2607 laudavit
2657 2557 2852 2607 tamen

1747 2621 2036 2683 cedei-lin„
2071 2623 2162 2676 cui
2187 2639 2512 2692 persuasum
2539 2623 2668 2690 fuit,
2703 2625 2854 2693 reqis

1695 2693 1886 2763 (sing.)
1923 2709 2064 2763 opus
2099 2709 2213 2748 non
2249 2711 2408 2763 posse
2431 2711 2546 2749 non
2577 2694 2651 2749 ad
2675 2713 2851 2749 uuum

1695 2781 1886 2835 regem
1944 2766 1981 2818 i.
2028 2782 2074 2819 e.
2131 2766 2205 2820 ad
2257 2769 2342 2819 Au
2449 2773 2573 2820 tum
2625 2767 2848 2822 referri.

1695 2836 1866 2905 Apud
1927 2839 2140 2892 Auson.
2199 2837 2350 2892 Mose
2375 2839 2412 2890 l.
2475 2839 2580 2892 290
2639 2839 2852 2909 legitur

1697 2908 1921 2977 quidem
1956 2909 2106 2978 nqis
2139 2923 2277 2978 opus
2309 2909 2519 2979 magni,
2563 2910 2668 2964 sed
2715 2927 2850 2964 num

1695 2980 2071 3034 imitationem
2118 2980 2198 3034 ibi
2245 2980 2545 3034 habeamus
2603 2981 2850 3048 Horatii,

1695 3052 1878 3105 minus
1925 3057 2140 3105 certum
2187 3051 2412 3106 videtur
2459 3069 2624 3121 quam
2663 3054 2850 3107 visum

1696 3127 1782 3177 est
1817 3122 2043 3177 Kellero
2079 3123 2299 3193 Epileg.
2336 3140 2392 3193 p.
2419 3126 2542 3178 741.
2601 3124 2848 3179 Michae-

1695 3193 1768 3248 lis
1801 3195 1891 3277 cui
1928 3193 2314 3278 Hirschfelder
2358 3195 2668 3250 assentitur
2698 3198 2848 3265 repis

1695 3281 1834 3390 iiii
1849 3264 2848 3421 ὲῖωᾷἒὲῗῖῗῑῗὲῗωέἶᾞὶἶῗρῗ

1696 3425 1774 3462 ris
1815 3409 2106 3463 consilium
2145 3414 2310 3479 cepit,
2351 3413 2540 3465 statua
2584 3411 2732 3464 inter
2763 3427 2848 3465 re-

1695 3480 2602 3620 misere-‚isa
2615 3481 2848 3622 ἐκ

1701 3623 1798 3692 qui
1833 3625 1850 3676 i
1857 3641 1946 3678 am
1978 3624 2126 3693 apud
2147 3623 2400 3678 Servium
2427 3624 2499 3678 ad
2567 3641 2686 3696 erg.
2707 3629 2846 3680 Aen.

1697 3693 1772 3763 Π,
1793 3697 1862 3749 69
1885 3696 2192 3766 reperitur:
2233 3696 2446 3766 „palua‚
2470 3696 2604 3752 lieet
2619 3695 2848 3766 paludis

1699 3765 1866 3837 longa
1901 3767 1976 3821 sit
2011 3768 2088 3834 lu,
2132 3767 2320 3821 brevis
2367 3773 2557 3821 tamen
2593 3785 2846 3823 nonnun-

1699 3853 1868 3906 quam
1912 3838 2213 3906 invenitur,
2266 3839 2399 3907 quia
2457 3839 2518 3892 in
2565 3837 2656 3895 dis
2709 3840 2846 3894 exiit

1697 3910 2014 3980 genetivu83
2085 3915 2153 3963 ut
2211 3909 2480 3964 Horatius
2533 3909 2848 3980 ,suasuque

1697 3981 1798 4035 diu
1833 3983 2004 4052 palus
2035 3986 2274 4050 aptaque
2298 3982 2519 4037 remia‘*
2559 3981 2732 4038 Palus
2751 3999 2845 4035 au-

1701 4057 1814 4106 tem
1850 4053 2088 4106 alteram
2117 4053 2386 4121 syllabam
2413 4053 2696 4123 corripere
2733 4071 2843 4107 non

1697 4129 1905 4194 potest.
1977 4121 2438 4180 Emendationem
2497 4123 2728 4180 Gesneri
2785 4129 2844 4180 et

1700 4194 2045 4251 Doederlinii
2069 4194 2364 4250 confirmat
2385 4197 2586 4267 reg-ula
2618 4215 2653 4251 a
2669 4197 2842 4252 Lach-

1699 4285 1903 4322 manno
1941 4267 2014 4322 ad
2035 4267 2260 4324 Lucret.
2299 4283 2352 4336 p.
2385 4269 2488 4322 196
2523 4267 2841 4324 observatu

1701 4341 2042 4409 „communis
2105 4344 2395 4408 poetarum
2453 4343 2676 4394 tantum
2731 4357 2840 4393 non

1701 4411 1946 4466 omnium
1995 4411 2194 4482 regula
2239 4415 2338 4479 est,
2394 4427 2464 4465 ne
2513 4416 2643 4481 post
2687 4427 2843 4466 voca·

1699 4483 1892 4538 bulum
1947 4483 2249 4537 iambicum
2300 4483 2356 4535 in
2401 4483 2650 4539 vocalem
2707 4483 2841 4538 desi·

1701 4571 1836 4610 nens
1872 4554 2087 4624 syllaba
2113 4559 2276 4610 acuta
2299 4559 2558 4624 ponatur,
2579 4555 2692 4610 nisi
2717 4571 2838 4610 eum
