3092 5059
1048 232 1209 297 LIB.
1253 232 1361 299 lv.
1409 232 1662 299 OARM.
1707 233 1823 298 IX.

2519 230 2644 295 269

747 414 923 491 Non
972 432 1151 495 ante
1204 418 1554 517 vulgatas
1607 444 1748 519 per
1799 432 2002 495 artes

845 540 1105 619 Verba
1152 542 1435 643 loquor
1486 544 1856 621 socianda
1908 544 2240 631 chordis.

588 724 615 764 n
649 691 847 787 Non,
894 693 961 768 si
1016 694 1309 789 priores
1358 694 1764 785 Maeonius
1818 709 2030 770 tenet

647 814 885 893 Sedes
936 818 1347 916 Homerus,
1404 821 1864 897 Pindaricae
1913 820 2156 897 latent

752 942 1111 1043 Ceaeque
1162 958 1238 1021 et
1290 944 1560 1022 Alcaei
1609 946 1945 1022 minaces

849 1066 1426 1170 Stesichorique
1474 1097 1750 1170 graves
1807 1070 2232 1160 Camenam

646 1216 808 1293 Nec
862 1219 926 1293 si
979 1218 1169 1317 quid
1222 1217 1407 1295 olim
1458 1221 1640 1296 lusit
1690 1222 2099 1298 Anacreon

566 1375 615 1414 ιο
646 1340 953 1419 Delevit
1003 1356 1256 1440 aetas3
1300 1346 1543 1445 spirat
1596 1344 1848 1420 adhuc
1899 1372 2118 1421 amor

234 1573 640 1645 memnonem).
688 1573 796 1628 Sed
833 1574 1033 1628 vivunt
1068 1574 1155 1627 illi
1191 1576 1252 1628 in
1286 1592 1397 1629 me-

234 1646 427 1700 moria
484 1646 791 1713 hominum,
849 1646 1055 1714 reliqui
1113 1648 1287 1700 vitam
1341 1651 1400 1700 et

240 1718 575 1771 memoriam
610 1718 941 1786 amiserunt3
989 1722 1047 1771 et
1084 1719 1221 1771 cur?
1267 1718 1399 1787 quia

242 1793 379 1843 vate
401 1794 595 1843 carent
614 1790 691 1857 (v.
715 1790 963 1857 13—28).
984 1788 1234 1857 Septima
1257 1796 1397 1843 stro-

238 1860 375 1929 pha,
426 1878 569 1928 quae
614 1860 861 1915 medium
904 1860 1167 1915 carminis
1214 1861 1397 1915 locum

238 1932 556 2000 occupavit,
593 1932 965 2002 principalem
990 1930 1163 1986 habet
1184 1937 1396 1986 senten-

233 2003 399 2072 tiam,
439 2020 507 2057 ex
544 2020 657 2071 qua
699 2004 969 2073 reliquae,
1017 2010 1075 2057 et
1122 2020 1219 2058 eae
1258 2021 1397 2071 quae

236 2074 585 2144 praecedunt
632 2080 689 2129 et
736 2089 834 2129 eae
880 2093 1023 2144 quae
1070 2084 1397 2143 sequuntur,

238 2146 401 2215 quasi
450 2162 519 2200 ex
560 2147 845 2201 communi
890 2146 1049 2202 fonte
1092 2146 1397 2217 profluunt.

237 2216 543 2271 Transitur
577 2218 730 2272 enim
766 2236 799 2271 a
834 2218 1084 2288 generali
1120 2219 1398 2272 sententia

240 2288 317 2343 ad
373 2305 546 2342 unum
604 2287 853 2344 Lollium
911 2290 1013 2345 sic:
1077 2290 1397 2358 „oblivione

238 2361 433 2415 omnia
480 2366 809 2430 aequantur,
859 2362 1057 2431 ignota
1097 2362 1277 2416 virtus
1316 2361 1398 2414 nil

240 2432 421 2487 distat
446 2432 667 2502 sepulta
686 2434 908 2501 inertia,
934 2448 1107 2501 quare
1132 2437 1205 2499 te,
1234 2433 1397 2500 Lolli,

242 2504 557 2573 celebrab0,
594 2522 665 2559 ne
700 2505 970 2559 nobilitas
1018 2512 1117 2559 tua
1153 2504 1395 2558 honesti·

242 2593 355 2644 que
391 2575 641 2630 studium
678 2594 747 2630 ex
794 2577 1066 2631 memoria.
1109 2576 1397 2630 hominum

243 2646 561 2701 excidant.“
635 2646 779 2701 Tum
819 2648 1071 2701 animum
1110 2648 1229 2703 eius
1265 2665 1397 2719 pru-

244 2717 472 2772 dentem
525 2719 733 2784 laudat,
796 2724 1147 2775 constantem
1201 2720 1259 2773 in
1316 2736 1397 2773 se·

244 2789 443 2843 cundis
480 2790 645 2844 rebus
683 2795 741 2844 et
778 2791 1043 2855 adversis,
1092 2808 1295 2860 purum
1334 2807 1399 2844 ac

243 2862 543 2930 sincerum,
581 2861 757 2916 fidum
795 2867 853 2917 et
889 2868 1125 2929 certum,
1159 2879 1397 2917 summo—

245 2950 355 3001 que
391 2932 603 2987 honore
628 2932 862 3003 dignum
900 2934 978 3003 (v.
1000 2936 1251 3003 29—45).
1288 2932 1398 2987 Ita-

244 3021 356 3073 que
402 3003 651 3059 Lollium
705 3005 855 3059 bono
905 3006 1091 3059 animo
1138 3023 1256 3060 esse
1306 3005 1398 3059 de-

242 3076 397 3143 bere,
454 3076 719 3145 quoniam
767 3093 911 3144 quae
960 3076 1213 3131 homines
1259 3075 1398 3130 fece-

247 3148 367 3202 rint
404 3165 517 3201 non
558 3146 833 3201 felicitate
880 3148 978 3202 sed
1013 3149 1308 3203 voluntate
1344 3153 1402 3202 et

246 3218 485 3273 consilio
512 3220 879 3274 aestimentur
901 3224 971 3285 (v.
996 3221 1248 3288 46—52).
1272 3219 1400 3273 Car—

244 3308 378 3345 men
403 3290 662 3344 omnibus
698 3292 945 3345 numeris
974 3292 1293 3345 absolutum
1318 3296 1401 3345 est

246 3368 305 3417 et
367 3362 675 3416 rotundum
734 3362 1082 3433 singulisque
1144 3363 1401 3431 partibus

246 3433 577 3505 perfectum,
608 3440 673 3487 ut
709 3452 779 3488 ne
816 3452 989 3487 unum
1028 3433 1253 3502 quidem
1278 3452 1401 3489 ver·

248 3506 385 3561 bum
419 3505 541 3559 sine
576 3522 780 3576 magno
816 3506 1158 3561 detrimento
1195 3507 1285 3561 vel
1308 3506 1399 3560 de-

248 3595 403 3631 mere
438 3577 616 3645 possis
652 3579 742 3631 vel
777 3595 1034 3646 movere3
1072 3596 1244 3647 quare
1284 3584 1397 3631 tae-

247 3648 345 3703 det
383 3666 712 3703 enumerare
748 3650 1043 3704 conamina
1068 3666 1277 3716 eorum,
1302 3648 1397 3717 qui

250 3721 357 3775 boc
388 3736 613 3789 quoque
651 3720 1091 3789 pulcherrimum
1118 3738 1259 3789 opus
1281 3738 1399 3774 mu-

249 3792 419 3846 tilare
463 3792 589 3845 ausi
636 3798 779 3845 sunt.
832 3822 897 3832 —
945 3790 1179 3860 Lollius,
1216 3792 1313 3861 qui
1352 3810 1399 3845 a.

248 3881 303 3917 u.
350 3864 456 3917 733
515 3864 709 3934 consul
766 3863 968 3925 fuerat,
1027 3865 1191 3934 gravi
1247 3863 1403 3918 clade

250 3954 284 3989 a
322 3934 615 3989 Germanis
654 3953 704 3989 a.
740 3934 845 3989 738
882 3935 1123 3989 reiectus
1157 3940 1267 4001 est;
1318 3936 1402 3989 ni·

249 4006 369 4061 hilo
406 4007 590 4061 minus
620 4006 871 4063 favorem
895 4006 1005 4061 sibi
1022 4006 1267 4077 Augusti
1292 4025 1403 4061 ser-

252 4078 436 4147 vavit3
494 4084 693 4149 postea
740 4079 801 4133 in
858 4076 1141 4133 Orientem
1204 4078 1403 4133 missus

252 4150 495 4205 avaritia
520 4156 577 4205 et
612 4150 775 4205 malis
816 4150 1033 4204 artibus
1069 4150 1258 4205 odium
1294 4150 1403 4204 sibi

251 4222 571 4291 aequalium
590 4222 934 4289 contraxisse
954 4222 1179 4277 dicitur.
1206 4220 1405 4276 Subita

252 4293 311 4347 vi
363 4294 563 4347 mortis
610 4312 659 4347 a.
706 4310 761 4347 u.
809 4294 912 4346 753
962 4310 1255 4363 oppressus
1304 4298 1403 4347 est.

253 4364 450 4423 Vellei.
494 4362 717 4419 Patere.
759 4364 835 4433 11,
872 4366 966 4418 97:
1025 4370 1293 4434 „accepta
1346 4364 1405 4417 in

254 4434 557 4491 Germania
593 4436 777 4491 clades
814 4436 919 4489 sub
958 4437 1143 4507 legato
1179 4436 1255 4489 M.
1276 4434 1404 4489 Lol·

252 4507 343 4575 lio,
383 4506 611 4563 homine
638 4508 700 4561 in
732 4508 923 4561 omnia
942 4508 1213 4576 pecuniae
1238 4524 1405 4576 quam

250 4584 406 4637 recte
468 4578 713 4633 faciendi
784 4578 1073 4648 cupidiore
1139 4584 1197 4634 et
1258 4580 1405 4633 inter

1500 1591 1775 1627 summam
1829 1575 2098 1629 vitiorum
2147 1574 2646 1630 dissimulationem

1498 1646 1914 1699 vitiosissim0.“
1965 1646 2102 1701 ibid.
2149 1650 2273 1701 102:
2315 1646 2471 1717 „Quo
2507 1653 2645 1701 tem-

1498 1733 1636 1786 pore
1673 1716 1749 1771 M.
1766 1717 1957 1786 Lollii,
1993 1736 2157 1787 quem
2195 1720 2371 1773 veluti
2397 1718 2647 1772 modera-

1498 1795 1682 1843 torem
1738 1790 1999 1843 iuventae
2052 1789 2156 1843 filii
2213 1792 2298 1844 sui
2360 1792 2648 1861 Augustus

1496 1878 1617 1915 esse
1653 1861 1926 1930 voluerat,
1962 1860 2178 1931 perfida
2221 1867 2279 1917 et
2314 1862 2480 1931 plena
2521 1862 2648 1915 sub·

1496 1932 1614 1985 doli
1665 1950 1731 1986 ac
1774 1932 1987 1987 versuti
2034 1932 2208 1986 animi
2254 1933 2501 2001 consilia,
2546 1950 2649 2002 per

1496 2003 1772 2057 Parthum
1808 2005 2058 2059 indicata
2075 2004 2316 2073 Caesari,
2350 2005 2502 2058 fama
2526 2004 2646 2058 vul-

1497 2075 1674 2145 gavit.
1715 2074 1882 2128 Cuius
1919 2094 2070 2129 mors
2105 2077 2261 2130 intra
2298 2092 2504 2145 paucos
2528 2074 2648 2129 dies

1497 2146 1738 2200 fortuita
1758 2164 1829 2200 an
1847 2147 2171 2201 voluntaria
2193 2148 2368 2201 fuerit
2393 2147 2645 2218 ignoro.“

1498 2216 1726 2272 Sueton.
1744 2216 1933 2272 Tiber.
1952 2236 1998 2273 c.
2023 2220 2112 2272 12:
2157 2218 2443 2287 „Namque
2473 2218 2649 2288 privi-

1495 2306 1672 2359 gnum
1711 2289 1932 2358 Gaium,
1970 2289 2192 2345 Orienti
2247 2290 2650 2361 praepositum,

1498 2379 1626 2414 cum
1681 2361 1900 2415 visendi
1956 2362 2144 2431 gratia
2196 2362 2509 2417 traiecisset
2557 2360 2649 2415 Sa-

1496 2449 1666 2494 mum,
1707 2432 2031 2488 alieniorem
2069 2433 2176 2487 sibi
2221 2434 2396 2488 sensit
2439 2450 2508 2487 ex
2545 2431 2650 2486 cri-

1496 2504 1899 2558 minationibus
1951 2504 2028 2559 M.
2075 2503 2265 2573 Lollii,
2320 2504 2542 2559 comitis
2593 2508 2652 2557 et

1498 2576 1732 2629 rectoris
1777 2576 1946 2631 eius.“
2017 2575 2193 2631 Tacit.
2228 2582 2374 2630 Anu.
2411 2575 2512 2645 111,
2550 2576 2647 2630 48:

1500 2648 1789 2713 „incusato
1821 2648 1895 2703 M.
1921 2647 2122 2711 Lollio,
2161 2666 2328 2717 quem
2365 2654 2652 2711 auctorem

1502 2718 1560 2772 C.
1583 2717 1804 2773 Caesari
1833 2720 2131 2788 pravitatis
2163 2725 2220 2774 et
2243 2719 2652 2775 discordiarum

1500 2790 1775 2859 arguebat
1817 2790 2195 2860 (Sulpicius).“
2269 2790 2377 2858 Qui
2413 2792 2503 2846 vir
2540 2807 2650 2860 quo

1501 2866 1756 2932 tempore
1793 2863 1864 2918 ab
1897 2862 2136 2917 Horatio
2173 2868 2393 2917 tantam
2429 2862 2652 2916 laudem

1500 2934 1738 3002 accepit,
1785 2940 1884 2989 aut
1930 2935 2076 2990 liber
2112 2940 2233 2989 erat
2275 2934 2428 2989 omni
2465 2934 2651 2987 crimi-

1501 3004 1730 3061 natione
1767 3012 1866 3060 aut
1891 3006 2041 3061 inter
2075 3024 2348 3060 summam
2383 3005 2653 3059 vitiorum

1502 3075 2002 3132 dissimulationem
2039 3077 2210 3133 etiam
2236 3077 2536 3132 Horatium
2574 3077 2650 3131 fe·

1500 3146 1668 3202 fellit.
1706 3146 1989 3219 Scriptum
2023 3148 2249 3203 videtur
2283 3149 2390 3203 hoc
2425 3166 2654 3203 carmen

1502 3236 1615 3273 non
1647 3220 1826 3275 multo
1863 3226 1992 3290 post
2028 3230 2314 3290 acceptam
2348 3220 2410 3273 in
2429 3220 2652 3274 Germa·

1501 3290 1600 3345 nia
1635 3291 1876 3361 cladem3
1920 3297 2178 3361 apertum
2219 3292 2368 3345 enim
2403 3296 2488 3345 est
2524 3308 2651 3345 oon-

1501 3361 1722 3416 solandi
1755 3363 1996 3418 hominis
2035 3364 2345 3417 consilium.
2397 3362 2652 3432 Suspica-

1502 3438 1596 3487 tur
1617 3438 1808 3489 tamen
1819 3435 2041 3499 Weber,
2066 3434 2313 3489 Lollium
2333 3436 2504 3489 etiam
2525 3439 2654 3504 post

1502 3505 1722 3559 cladem
1757 3506 1908 3575 apud
1926 3509 2243 3577 Augustum
2276 3505 2336 3560 in
2355 3505 2656 3561 Germania

1503 3577 1836 3631 remansisse
1872 3596 1997 3632 cum
2033 3595 2210 3647 eoque
2247 3594 2392 3633 anno
2429 3578 2654 3633 demum

1504 3650 1608 3701 ‘741
1644 3648 1882 3703 Romam
1928 3666 2214 3705 reversum
2261 3666 2404 3717 esse;
2459 3650 2654 3719 itaque

1503 3720 1798 3791 probabile
1830 3738 1946 3775 ease
1981 3721 2088 3775 hoc
2118 3738 2342 3777 carmen
2377 3738 2491 3775 non
2525 3726 2654 3775 ante

1504 3809 1738 3846 vernum
1785 3797 1900 3847 tem
1943 3810 2006 3846 us
2055 3794 2188 3847 anni
2233 3797 2333 3846 741
2383 3793 2654 3861 composi·

1504 3868 1627 3917 tum
1664 3864 1862 3918 videri.
1967 3864 2088 3918 ollii
2131 3882 2436 3935 cognomen
2479 3864 2655 3917 incer·

1504 3940 1626 3989 tum
1664 3941 1773 4004 est;
1809 3936 1907 3989 alii
1944 3935 2295 4004 Palikanum,
2335 3936 2432 3990 alii
2468 3934 2654 3989 Pauli·

1505 4024 1642 4060 num
1687 4007 2006 4076 appellant;
2045 4008 2232 4077 neptis
2281 4012 2432 4062 certe
2469 4005 2656 4060 Lollia

1505 4077 1800 4133 dicebatur
1835 4078 2088 4133 Paulina.

1579 4148 1642 4205 V.
1683 4154 1734 4203 2.
1769 4150 2054 4220 Aufidum]
2103 4149 2174 4205 cf.
2214 4149 2394 4203 Carm-
2429 4147 2529 4215 111,
2565 4150 2653 4215 30,

1510 4222 1574 4273 10
1609 4238 1729 4289 sqq.
1773 4250 1835 4260 —
1871 4220 2190 4291 Maeonius]
2230 4219 2299 4274 cf.
2327 4220 2510 4274 Carm.
2531 4218 2576 4280 I,
2602 4220 2656 4285 6,

1506 4292 1556 4343 2.
1612 4321 1677 4331 —
1732 4292 1868 4347 Oeae
1905 4292 1994 4363 ue]
2049 4291 2178 4347 vide
2231 4290 2302 4346 ad
2353 4291 2535 4346 Carm-
2579 4289 2652 4352 H,

1509 4365 1560 4430 1,
1595 4366 1678 4417 38.
1740 4392 1806 4403 —
1893 4362 2172 4432 tesiehori]
2223 4363 2347 4430 Hic,
2395 4362 2654 4417 Himerae

1476 4434 1566 4496 ,in
1586 4434 1778 4490 Sicilia
1812 4442 1998 4499 natus,
2033 4439 2287 4489 mortuus
2324 4439 2412 4489 est
2436 4433 2654 4503 Olymp.

1505 4507 1604 4574 563
1660 4505 1730 4560 de
1775 4524 1886 4575 quo
1937 4505 2314 4574 Quintilianus
2361 4505 2432 4570 X,
2475 4508 2522 4571 1,
2556 4507 2650 4559 62:

1506 4576 1938 4647 „Stesichorum‚
1985 4576 2190 4646 inquit,
2235 4594 2404 4647 quam
2448 4576 2525 4631 sit
2571 4578 2652 4633 in-
