3092 5059
1451 236 1490 299 5

266 418 348 483 ad
375 419 764 485 Palinurum
804 420 1316 504 promunturium
1363 421 1708 505 naufragio
1752 442 1823 489 se
1870 442 2069 508 prope
2103 422 2463 490 demersum
2509 426 2663 491 olim

269 547 428 610 esse,
491 528 740 595 factum
785 528 856 594 id
899 548 1044 596 esse
1084 530 1156 595 in
1195 530 1318 597 hoc
1363 550 1444 597 ex
1488 530 1767 598 Graecia
1806 531 1873 597 in
1920 532 2274 597 Lucaniam
2314 532 2527 597 reditu
2571 532 2665 598 ni-

265 636 358 701 hil
399 637 778 704 dubitarent
818 638 1143 705 affirmare
1159 642 1256 719 ¹⁷).
1343 639 1604 724 Romae,
1650 641 1706 706 si
1750 640 1909 707 fides
1952 640 2251 707 habenda
2293 642 2466 707 vitae
2511 641 2667 708 Sue-

263 746 592 829 tonianae,
659 746 970 831 scriptum
1039 748 1478 831 quaestorium
1506 748 1583 831 ¹⁸)
1649 750 1776 816 sibi
1843 750 2246 834 comparavit
2287 750 2327 815 i.
2374 768 2429 813 e.
2476 750 2667 829 emit3

262 875 398 937 qua
443 856 596 938 ipsa
639 874 706 921 re
747 858 978 922 iterum
1021 858 1348 941 probatur,
1425 859 1684 924 omnino
1728 858 1961 942 opibus
2006 878 2153 923 eum
2193 878 2320 923 non
2364 858 2669 923 caruisse.

265 962 438 1029 Nam
485 964 664 1047 quod
705 965 911 1050 Epist.
959 964 1038 1045 ΙΙ,
1087 970 1146 1049 2,
1187 968 1270 1031 49
1315 966 1504 1033 dicit:

569 1072 760 1140 Unde
803 1076 998 1141 simul
1042 1077 1316 1160 primum
1365 1096 1467 1142 me
1509 1076 1819 1142 dimisere
1860 1075 2151 1161 Philippi

575 1184 829 1250 Decisis
871 1184 1178 1251 humilem
1223 1186 1456 1269 pennis
1501 1186 1887 1268 inopemque
1928 1188 2179 1270 paterni

571 1294 652 1358 Et
693 1294 850 1359 laris
893 1302 960 1361 et
1003 1294 1205 1373 fundi,
1252 1300 1601 1380 paupertas
1646 1294 1903 1379 impulit
1939 1294 2153 1361 audax

572 1404 662 1469 Ut
705 1424 932 1471 versus
975 1404 1273 1484 facerem,

267 1516 336 1579 iu
381 1533 460 1579 eo
505 1531 898 1597 magnopere
944 1514 1300 1580 cavendum
1344 1521 1444 1580 est
1485 1533 1569 1579 ne
1612 1520 2058 1599 paupertatem
2102 1513 2190 1579 ad
2231 1515 2521 1599 inopiam
2560 1534 2669 1579 au-

262 1643 456 1706 geas3
527 1623 640 1705 qui
683 1623 862 1689 locus
907 1630 976 1689 ut
1019 1623 1439 1689 difficillimus
1485 1630 1583 1689 est
1631 1624 1977 1700 intellectu,
2044 1624 2139 1689 ita
2183 1626 2544 1707 praemissa
2586 1623 2669 1689 de

267 1732 658 1797 Luculliano
702 1732 908 1799 milite
953 1734 1438 1799 narratiuncula
1493 1734 1870 1799 illustratur.
1958 1733 2265 1799 Horatius
2310 1734 2481 1800 enim
2526 1754 2671 1799 cum

271 1860 401 1907 non
471 1842 616 1907 sine
666 1842 866 1908 multo
919 1842 1140 1907 labore
1195 1842 1555 1908 litterarum
1620 1842 1855 1908 studiis
1916 1841 2276 1927 potentium
2344 1843 2670 1908 hominum

269 1950 820 2017 existimationem
881 1958 948 2015 et
1009 1950 1320 2017 beatioris
1387 1950 1561 2017 vitae
1630 1971 1808 2035 spem
1872 1934 2147 2036 adeptus
2202 1958 2391 2029 esset,
2465 1951 2673 2017 civilis

269 2059 431 2124 belli
489 2058 766 2125 adverso
831 2061 1008 2127 exitu
1053 2080 1134 2125 ex
1179 2059 1498 2127 curriculo
1542 2059 1715 2142 quod
1765 2062 2001 2127 inierat
2051 2062 2325 2127 eiectum
2368 2080 2440 2126 se
2484 2058 2669 2143 vidit,

271 2188 486 2251 neque
531 2167 760 2235 habuit
800 2168 972 2235 uude
1015 2180 1208 2235 autea
1252 2170 1477 2235 initam
1522 2172 1697 2235 viam
1760 2170 1991 2236 iterum
2033 2176 2311 2235 tentaret
2355 2176 2468 2236 aut
2511 2188 2667 2252 opes

267 2287 384 2345 aut
451 2280 865 2345 voluntatem.
971 2278 1356 2345 Patrimonii
1424 2278 1599 2362 quod
1664 2278 1981 2363 reliquum
2048 2284 2187 2345 erat
2256 2278 2343 2345 ad
2406 2278 2673 2346 honeste

263 2387 622 2454 vivendum
693 2387 1192 2471 haudquaquam
1264 2388 1667 2471 sufficiebat3
1776 2388 1894 2455 sed
1964 2394 2313 2473 paupertas
2387 2388 2671 2454 animum

263 2496 455 2561 auxit
495 2504 585 2562 ‘et
649 2497 745 2562 ita
803 2498 1008 2578 auxit,
1075 2504 1144 2563 ut
1186 2518 1416 2564 novam
1460 2498 1587 2564 sibi
1633 2497 1847 2565 laudis
1892 2498 2063 2564 viam
2108 2498 2417 2565 audacter
2460 2499 2677 2582 aperi-

267 2612 390 2672 ret.
477 2606 630 2691 Ipse
671 2625 873 2691 prope
919 2608 1137 2674 omnia
1179 2610 1510 2685 amiserat3
1588 2608 1746 2692 quid
1808 2607 2007 2692 igitur
2071 2606 2382 2689 homines,
2450 2607 2674 2691 quales

267 2718 470 2800 vulgo
541 2735 685 2781 esse
754 2717 978 2798 solent,
1047 2736 1396 2800 eorumque
1460 2716 1543 2783 de
1608 2737 1679 2783 se
1742 2718 2005 2799 suisque
2070 2716 2302 2782 studiis
2360 2716 2672 2783 iudicium

271 2824 580 2892 curaret?
665 2824 1022 2909 Paupertas
1067 2826 1409 2893 audaciam
1454 2826 1654 2904 dedit,
1720 2832 1790 2892 ut
1831 2846 2057 2893 versus
2100 2826 2361 2903 faceret,
2420 2825 2462 2891 i.
2506 2846 2558 2892 e.
2604 2834 2675 2893 ut

273 2935 512 3001 satiras
581 2935 897 3001 scriberet
956 2937 1020 3001 in
1087 2936 1317 3020 iisque,
1391 2954 1835 3018 quaecumque
1894 2935 2019 3003 sibi
2065 2952 2311 3018 suoque
2355 2933 2437 3002 de
2482 2935 2673 3001 rebus

270 3051 336 3110 et
377 3043 684 3109 humanis
729 3053 794 3110 et
835 3044 1138 3111 civilibus
1185 3044 1425 3111 iudicio
1471 3044 1712 3127 ubique
1758 3043 2197 3129 displicerent,
2254 3041 2553 3109 irrideret
2602 3062 2679 3108 ac

265 3155 690 3236 vituperaret.
779 3154 890 3219 Sic
931 3154 1168 3220 sensim
1214 3153 1386 3237 quod
1431 3173 1589 3238 opes
1635 3154 1945 3238 praebere
1990 3172 2115 3217 uon
2160 3160 2527 3235 potuerunt,
2582 3152 2676 3217 in·

267 3262 536 3346 genium
601 3261 936 3344 praebuit3
1004 3263 1260 3345 poetica
1301 3263 1580 3328 facultas
1624 3261 1881 3327 laudem
1926 3267 1990 3326 et
2047 3268 2194 3341 post
2238 3260 2493 3326 laudem
2542 3279 2677 3325 rem

270 3388 534 3453 quoque
593 3371 658 3435 ei
723 3370 996 3453 paravit.
1085 3368 1268 3435 Hanc
1313 3371 1528 3435 inesse
1568 3375 1749 3452 patet
1794 3368 2177 3435 sententiam
2224 3368 2290 3433 in
2337 3368 2497 3450 loco,
2568 3368 2678 3448 qui

269 3486 342 3545 et
381 3486 660 3546 vexatus
703 3487 802 3546 est
845 3478 1287 3545 diversissime
1338 3486 1402 3544 et
1453 3477 1675 3562 gravis
1720 3476 1804 3542 ad
1843 3476 2336 3562 perspiciendas
2391 3478 2674 3541 rationes

271 3596 512 3673 poetae
592 3590 860 3654 Romam
931 3589 1193 3655 reversi.
1302 3588 1444 3654 Hoc
1513 3594 1727 3653 tamen
1802 3588 1934 3653 noli
2009 3587 2289 3669 credere,
2379 3586 2673 3652 iuvenem

271 3710 408 3765 tam
461 3697 808 3783 splendide
865 3718 908 3763 a
959 3704 1190 3764 natura
1251 3704 1647 3777 exornatum,
1692 3716 1881 3779 quem
1934 3702 2067 3761 tam
2130 3695 2435 3779 aequales
2480 3715 2672 3779 quam

349 3926 442 3995 17)
479 3925 572 3980 Sic
629 3943 811 3997 nuper
869 3926 1004 3981 Luc.
1060 3926 1266 3981 Miiller
1311 3927 1348 3981 l.
1394 3927 1432 3980 l.
1532 3928 1761 3983 tabulae
1806 3926 2064 3996 publicae
2106 3930 2165 3981 et
2214 3926 2465 3995 pericula
2508 3926 2677 3997 magi·

269 4016 326 4068 p.
359 4000 446 4051 17.
481 3996 554 4051 cf.
593 3997 728 4051 Hor.
766 3998 945 4053 Carm.
986 3998 1083 4067 111,
1121 4000 1173 4061 4,
1213 4000 1300 4053 28.
1530 4004 1812 4054 stratuum
1869 3998 2342 4053 committuntur.“
2429 3996 2681 4052 Scribam

349 4071 436 4133 18)
475 4068 733 4123 Fuerunt
763 4069 978 4125 Romae
1015 4070 1230 4125 scribae
1268 4088 1429 4140 quae·
1531 4072 1860 4140 aliquandiu
1918 4070 2217 4124 Horatium
2269 4068 2456 4137 fuisse,
2510 4070 2680 4124 etiam

269 4140 454 4201 nterii,
491 4141 787 4209 praetorii,
823 4140 1084 4208 aedilicii,
1123 4142 1430 4211 tribunicii,
1530 4143 1685 4198 locus
1722 4144 1835 4199 Sat.
1875 4141 1949 4209 11,
1978 4144 2029 4205 6,
2059 4142 2129 4194 36
2164 4140 2397 4195 suadere
2432 4140 2683 4209 videtur3

273 4210 578 4282 pontificii,
615 4212 674 4265 in
704 4212 956 4268 decurias
991 4213 1176 4267 divisi.
1215 4214 1300 4267 Ea
1336 4232 1429 4267 au·
1531 4216 1628 4269 sed
1682 4232 1795 4269 non
1862 4218 2049 4283 potest
2117 4212 2246 4279 dici,
2311 4211 2557 4280 quandiu
2616 4230 2682 4265 eo

267 4290 390 4339 tem
409 4300 646 4337 munera
660 4284 884 4340 venalia
909 4290 1084 4350 orant,
1112 4302 1430 4354 quanquam
1529 4304 1763 4340 munere
1799 4284 2021 4339 functus
2060 4284 2158 4338 sit:
2198 4300 2515 4351 quanquam
2550 4300 2678 4353 pro·

269 4354 613 4426 legebantur
651 4357 822 4410 etiam
860 4358 918 4410 in
955 4356 1252 4411 decuriam.
1317 4357 1426 4411 Cic.
1529 4358 1719 4411 babile
1790 4362 1891 4425 est,
1951 4361 2083 4425 post
2148 4358 2493 4410 contractam
2554 4372 2679 4409 cum

269 4428 332 4481 in
349 4426 512 4481 Verr-
533 4428 606 4493 11,
627 4429 678 4495 3,
700 4428 770 4481 79
802 4428 971 4496 „ordo
997 4427 1306 4483 scribarum
1333 4428 1426 4482 ho·
1527 4428 1853 4484 Maecenate
1907 4427 2352 4481 familiaritatem
2405 4426 2675 4495 scriptum

272 4502 470 4553 nestun
506 4504 618 4567 αις
656 4499 782 4568 quis
816 4500 1026 4570 negat?
1061 4504 1145 4554 est
1177 4516 1308 4553 vero
1330 4499 1426 4553 ho·
1531 4501 1607 4555 ab
1644 4518 1710 4556 eo
1748 4500 2026 4555 abiectum
2062 4504 2119 4553 et
2156 4496 2447 4552 venditum
2486 4515 2617 4551 esse.

273 4574 490 4636 nectus,
527 4570 679 4640 quod
723 4588 914 4627 eorum
961 4570 1250 4626 hominum
1295 4569 1426 4625 fidei
