<?xml version="1.0" encoding="UTF-8"?>
<!DOCTYPE html PUBLIC "-//W3C//DTD XHTML 1.0 Transitional//EN"
    "http://www.w3.org/TR/xhtml1/DTD/xhtml1-transitional.dtd">
<html xmlns="http://www.w3.org/1999/xhtml" xml:lang="en" lang="en">
 <head>
  <title>
</title>
<meta http-equiv="Content-Type" content="text/html;charset=utf-8" />
  <meta name='ocr-system' content='tesseract 3.04.00' />
  <meta name='ocr-capabilities' content='ocr_page ocr_carea ocr_par ocr_line ocrx_word'/>
</head>
<body>
  <div class='ocr_page' id='page_1' title='image "./qhoratiiflaccio05unkngoog_0486.png"; bbox 0 0 3092 5059; ppageno 0'>
   <div class='ocr_carea' id='block_1_1' title="bbox 36 3692 42 4396">
    <p class='ocr_par' dir='ltr' id='par_1_1' title="bbox 36 3692 42 4396">
     <span class='ocr_line' id='line_1_1' title="bbox 36 3692 42 4396; baseline 0 0"><span class='ocrx_word' id='word_1_1' title='bbox 36 3692 42 4396; x_wconf 95' lang='lat' dir='ltr'><strong> </strong></span> 
     </span>
    </p>
   </div>
   <div class='ocr_carea' id='block_1_2' title="bbox 445 212 572 277">
    <p class='ocr_par' dir='ltr' id='par_1_2' title="bbox 445 212 572 277">
     <span class='ocr_line' id='line_1_2' title="bbox 445 212 572 277; baseline 0.016 -2"><span class='ocrx_word' id='word_1_2' title='bbox 445 212 572 277; x_wconf 85' lang='lat'><strong>456</strong></span> 
     </span>
    </p>
   </div>
   <div class='ocr_carea' id='block_1_3' title="bbox 1399 158 1903 279">
    <p class='ocr_par' dir='ltr' id='par_1_3' title="bbox 1399 158 1903 279">
     <span class='ocr_line' id='line_1_3' title="bbox 1399 158 1903 279; baseline 0.002 -1"><span class='ocrx_word' id='word_1_3' title='bbox 1399 158 1903 279; x_wconf 58' lang='lat' dir='ltr'>SA&#39;HRARUM</span> 
     </span>
    </p>
   </div>
   <div class='ocr_carea' id='block_1_4' title="bbox 545 395 2482 846">
    <p class='ocr_par' dir='ltr' id='par_1_4' title="bbox 545 395 2299 494">
     <span class='ocr_line' id='line_1_4' title="bbox 545 395 2299 494; baseline -0.001 -22"><span class='ocrx_word' id='word_1_4' title='bbox 545 397 906 493; x_wconf 85' lang='lat' dir='ltr'><strong>Dulcior·;</strong></span> <span class='ocrx_word' id='word_1_5' title='bbox 961 396 1258 494; x_wconf 84' lang='lat' dir='ltr'><strong>irriguo</strong></span> <span class='ocrx_word' id='word_1_6' title='bbox 1310 395 1505 471; x_wconf 83' lang='lat' dir='ltr'><strong>nihil</strong></span> <span class='ocrx_word' id='word_1_7' title='bbox 1560 408 1675 471; x_wconf 88' lang='lat' dir='ltr'><strong>est</strong></span> <span class='ocrx_word' id='word_1_8' title='bbox 1725 396 2005 473; x_wconf 86' lang='lat' dir='ltr'><strong>elutius</strong></span> <span class='ocrx_word' id='word_1_9' title='bbox 2049 395 2299 471; x_wconf 88' lang='lat' dir='ltr'><strong>horto.</strong></span> 
     </span>
    </p>

    <p class='ocr_par' dir='ltr' id='par_1_5' title="bbox 548 519 2482 846">
     <span class='ocr_line' id='line_1_5' title="bbox 551 519 2482 621; baseline -0.002 -22"><span class='ocrx_word' id='word_1_10' title='bbox 551 521 636 599; x_wconf 84' lang='lat' dir='ltr'><strong>Si</strong></span> <span class='ocrx_word' id='word_1_11' title='bbox 686 522 1172 621; x_wconf 81' lang='lat' dir='ltr'><strong>vespertinus</strong></span> <span class='ocrx_word' id='word_1_12' title='bbox 1221 522 1475 597; x_wconf 90' lang='lat' dir='ltr'><strong>subito</strong></span> <span class='ocrx_word' id='word_1_13' title='bbox 1529 532 1609 597; x_wconf 88' lang='lat' dir='ltr'><strong>te</strong></span> <span class='ocrx_word' id='word_1_14' title='bbox 1661 520 2131 621; x_wconf 81' lang='lat' dir='ltr'><strong>oppresserit</strong></span> <span class='ocrx_word' id='word_1_15' title='bbox 2180 519 2482 619; x_wconf 86' lang='lat' dir='ltr'><strong>hospes,</strong></span> 
     </span>
     <span class='ocr_line' id='line_1_6' title="bbox 548 642 2375 744; baseline 0.001 -24"><span class='ocrx_word' id='word_1_16' title='bbox 548 643 620 720; x_wconf 86' lang='lat' dir='ltr'>N</span> <span class='ocrx_word' id='word_1_17' title='bbox 622 670 665 721; x_wconf 90' lang='lat' dir='ltr'><strong>e</strong></span> <span class='ocrx_word' id='word_1_18' title='bbox 719 642 1010 741; x_wconf 84' lang='lat' dir='ltr'><strong>gallina</strong></span> <span class='ocrx_word' id='word_1_19' title='bbox 1059 642 1348 719; x_wconf 90' lang='lat' dir='ltr'><strong>malum</strong></span> <span class='ocrx_word' id='word_1_20' title='bbox 1395 656 1797 741; x_wconf 79' lang='lat' dir='ltr'><strong>responset</strong></span> <span class='ocrx_word' id='word_1_21' title='bbox 1847 642 2042 720; x_wconf 89' lang='lat' dir='ltr'><strong>dura</strong></span> <span class='ocrx_word' id='word_1_22' title='bbox 2092 644 2375 744; x_wconf 78' lang='lat' dir='ltr'><strong>palato,</strong></span> 
     </span>
     <span class='ocr_line' id='line_1_7' title="bbox 549 768 2452 846; baseline 0 -1"><span class='ocrx_word' id='word_1_23' title='bbox 549 768 835 845; x_wconf 80' lang='lat' dir='ltr'><strong>Doctus</strong></span> <span class='ocrx_word' id='word_1_24' title='bbox 887 769 1038 845; x_wconf 84' lang='lat' dir='ltr'><strong>eris</strong></span> <span class='ocrx_word' id='word_1_25' title='bbox 1089 768 1346 843; x_wconf 82' lang='lat' dir='ltr'><strong>vivam</strong></span> <span class='ocrx_word' id='word_1_26' title='bbox 1401 769 1641 844; x_wconf 85' lang='lat' dir='ltr'><strong>mixto</strong></span> <span class='ocrx_word' id='word_1_27' title='bbox 1694 795 2031 846; x_wconf 90' lang='lat' dir='ltr'><strong>mersare</strong></span> <span class='ocrx_word' id='word_1_28' title='bbox 2080 770 2452 846; x_wconf 84' lang='lat' dir='ltr'><strong>Falerno:</strong></span> 
     </span>
    </p>
   </div>
   <div class='ocr_carea' id='block_1_5' title="bbox 365 892 1438 1003">
    <p class='ocr_par' dir='ltr' id='par_1_6' title="bbox 365 892 1438 1003">
     <span class='ocr_line' id='line_1_8' title="bbox 365 892 1438 1003; baseline -0.003 -32"><span class='ocrx_word' id='word_1_29' title='bbox 365 991 371 1003; x_wconf 26' lang='grc' dir='ltr'>ι</span> <span class='ocrx_word' id='word_1_30' title='bbox 467 932 520 971; x_wconf 79' lang='lat'><strong>20</strong></span> <span class='ocrx_word' id='word_1_31' title='bbox 552 893 730 970; x_wconf 91' lang='lat' dir='ltr'><strong>Hoc</strong></span> <span class='ocrx_word' id='word_1_32' title='bbox 778 907 1123 971; x_wconf 78' lang='lat' dir='ltr'><strong>teneram</strong></span> <span class='ocrx_word' id='word_1_33' title='bbox 1174 892 1438 969; x_wconf 80' lang='lat' dir='ltr'><strong>faciet.-</strong></span> 
     </span>
    </p>
   </div>
   <div class='ocr_carea' id='block_1_6' title="bbox 553 878 2689 1097">
    <p class='ocr_par' dir='ltr' id='par_1_7' title="bbox 553 878 2689 1097">
     <span class='ocr_line' id='line_1_9' title="bbox 1529 878 2689 995; baseline 0.002 -26"><span class='ocrx_word' id='word_1_34' title='bbox 1529 895 2023 972; x_wconf 86' lang='lat' dir='ltr'><strong>Pratensibus</strong></span> <span class='ocrx_word' id='word_1_35' title='bbox 2080 878 2370 995; x_wconf 84' lang='lat' dir='ltr'><strong>optima</strong></span> <span class='ocrx_word' id='word_1_36' title='bbox 2418 896 2689 991; x_wconf 85' lang='lat' dir='ltr'><strong>fungis</strong></span> 
     </span>
     <span class='ocr_line' id='line_1_10' title="bbox 553 1018 1944 1097; baseline -0.001 -1"><span class='ocrx_word' id='word_1_37' title='bbox 553 1020 845 1097; x_wconf 85' lang='lat' dir='ltr'><strong>Natura</strong></span> <span class='ocrx_word' id='word_1_38' title='bbox 893 1032 1044 1095; x_wconf 86' lang='lat' dir='ltr'><strong>est:</strong></span> <span class='ocrx_word' id='word_1_39' title='bbox 1099 1018 1274 1095; x_wconf 89' lang='lat' dir='ltr'><strong>aliis</strong></span> <span class='ocrx_word' id='word_1_40' title='bbox 1323 1018 1528 1095; x_wconf 90' lang='lat' dir='ltr'><strong>male</strong></span> <span class='ocrx_word' id='word_1_41' title='bbox 1581 1018 1944 1095; x_wconf 87' lang='lat' dir='ltr'><strong>creditur.</strong></span> 
     </span>
    </p>
   </div>
   <div class='ocr_carea' id='block_1_7' title="bbox 2046 1019 2587 1097">
    <p class='ocr_par' dir='ltr' id='par_1_8' title="bbox 2046 1019 2587 1097">
     <span class='ocr_line' id='line_1_11' title="bbox 2046 1019 2587 1097; baseline 0 -2"><span class='ocrx_word' id='word_1_42' title='bbox 2046 1019 2195 1097; x_wconf 91' lang='lat' dir='ltr'><strong>Ille</strong></span> <span class='ocrx_word' id='word_1_43' title='bbox 2244 1020 2587 1096; x_wconf 78' lang='lat' dir='ltr'><strong>salubres</strong></span> 
     </span>
    </p>
   </div>
   <div class='ocr_carea' id='block_1_8' title="bbox 471 1145 2653 1747">
    <p class='ocr_par' dir='ltr' id='par_1_9' title="bbox 553 1145 2653 1492">
     <span class='ocr_line' id='line_1_12' title="bbox 553 1145 2457 1244; baseline 0.001 -23"><span class='ocrx_word' id='word_1_44' title='bbox 553 1145 906 1222; x_wconf 87' lang='lat' dir='ltr'><strong>Aestates</strong></span> <span class='ocrx_word' id='word_1_45' title='bbox 954 1156 1299 1243; x_wconf 81' lang='lat' dir='ltr'><strong>peraget,</strong></span> <span class='ocrx_word' id='word_1_46' title='bbox 1353 1145 1491 1242; x_wconf 87' lang='lat' dir='ltr'><strong>qui</strong></span> <span class='ocrx_word' id='word_1_47' title='bbox 1541 1145 1786 1244; x_wconf 86' lang='lat' dir='ltr'><strong>nigris</strong></span> <span class='ocrx_word' id='word_1_48' title='bbox 1836 1145 2169 1243; x_wconf 86' lang='lat' dir='ltr'><strong>prandia</strong></span> <span class='ocrx_word' id='word_1_49' title='bbox 2220 1146 2457 1223; x_wconf 89' lang='lat' dir='ltr'><strong>moris</strong></span> 
     </span>
     <span class='ocr_line' id='line_1_13' title="bbox 553 1270 2653 1369; baseline 0.001 -24"><span class='ocrx_word' id='word_1_50' title='bbox 553 1271 827 1368; x_wconf 79' lang='lat' dir='ltr'><strong>Finiat,</strong></span> <span class='ocrx_word' id='word_1_51' title='bbox 879 1283 1061 1349; x_wconf 88' lang='lat' dir='ltr'><strong>ante</strong></span> <span class='ocrx_word' id='word_1_52' title='bbox 1109 1294 1429 1368; x_wconf 85' lang='lat' dir='ltr'><strong>gravem</strong></span> <span class='ocrx_word' id='word_1_53' title='bbox 1471 1293 1671 1368; x_wconf 91' lang='lat' dir='ltr'><strong>quae</strong></span> <span class='ocrx_word' id='word_1_54' title='bbox 1718 1270 2002 1369; x_wconf 87' lang='lat' dir='ltr'><strong>legerit</strong></span> <span class='ocrx_word' id='word_1_55' title='bbox 2052 1274 2333 1349; x_wconf 89' lang='lat' dir='ltr'><strong>arbore</strong></span> <span class='ocrx_word' id='word_1_56' title='bbox 2382 1271 2653 1347; x_wconf 91' lang='lat' dir='ltr'><strong>solem.</strong></span> 
     </span>
     <span class='ocr_line' id='line_1_14' title="bbox 554 1395 2255 1492; baseline 0.001 -20"><span class='ocrx_word' id='word_1_57' title='bbox 554 1395 909 1473; x_wconf 86' lang='lat' dir='ltr'><strong>Aufidius</strong></span> <span class='ocrx_word' id='word_1_58' title='bbox 961 1396 1146 1471; x_wconf 87' lang='lat' dir='ltr'><strong>forti</strong></span> <span class='ocrx_word' id='word_1_59' title='bbox 1197 1396 1567 1472; x_wconf 81' lang='lat' dir='ltr'><strong>miscebat</strong></span> <span class='ocrx_word' id='word_1_60' title='bbox 1616 1395 1853 1473; x_wconf 91' lang='lat' dir='ltr'><strong>mella</strong></span> <span class='ocrx_word' id='word_1_61' title='bbox 1902 1397 2255 1492; x_wconf 83' lang='lat' dir='ltr'><strong>Falerno,</strong></span> 
     </span>
    </p>

    <p class='ocr_par' dir='ltr' id='par_1_10' title="bbox 471 1520 2477 1747">
     <span class='ocr_line' id='line_1_15' title="bbox 471 1520 2477 1621; baseline 0.001 -25"><span class='ocrx_word' id='word_1_62' title='bbox 471 1554 522 1596; x_wconf 68' lang='grc' dir='ltr'><strong>ιε</strong></span> <span class='ocrx_word' id='word_1_63' title='bbox 555 1520 953 1618; x_wconf 84' lang='lat' dir='ltr'><strong>Mendose‚</strong></span> <span class='ocrx_word' id='word_1_64' title='bbox 1011 1523 1376 1621; x_wconf 87' lang='lat' dir='ltr'><strong>quoniam</strong></span> <span class='ocrx_word' id='word_1_65' title='bbox 1431 1522 1689 1597; x_wconf 87' lang='lat' dir='ltr'><strong>vacuis</strong></span> <span class='ocrx_word' id='word_1_66' title='bbox 1733 1524 2213 1599; x_wconf 81' lang='lat' dir='ltr'><strong>committere</strong></span> <span class='ocrx_word' id='word_1_67' title='bbox 2262 1522 2477 1599; x_wconf 86' lang='lat' dir='ltr'><strong>venis</strong></span> 
     </span>
     <span class='ocr_line' id='line_1_16' title="bbox 556 1645 2440 1747; baseline 0 -25"><span class='ocrx_word' id='word_1_68' title='bbox 556 1646 689 1722; x_wconf 88' lang='lat' dir='ltr'><strong>Nil</strong></span> <span class='ocrx_word' id='word_1_69' title='bbox 738 1647 890 1723; x_wconf 88' lang='lat' dir='ltr'><strong>nisi</strong></span> <span class='ocrx_word' id='word_1_70' title='bbox 939 1647 1116 1725; x_wconf 90' lang='lat' dir='ltr'><strong>lene</strong></span> <span class='ocrx_word' id='word_1_71' title='bbox 1167 1646 1423 1725; x_wconf 87' lang='lat' dir='ltr'><strong>decet:</strong></span> <span class='ocrx_word' id='word_1_72' title='bbox 1477 1646 1637 1723; x_wconf 85' lang='lat' dir='ltr'><strong>leni</strong></span> <span class='ocrx_word' id='word_1_73' title='bbox 1680 1647 2144 1747; x_wconf 90' lang='lat' dir='ltr'><strong>praecordia</strong></span> <span class='ocrx_word' id='word_1_74' title='bbox 2193 1645 2440 1723; x_wconf 89' lang='lat' dir='ltr'><strong>mulso</strong></span> 
     </span>
    </p>
   </div>
   <div class='ocr_carea' id='block_1_9' title="bbox 557 1771 1296 1849">
    <p class='ocr_par' dir='ltr' id='par_1_11' title="bbox 557 1771 1296 1849">
     <span class='ocr_line' id='line_1_17' title="bbox 557 1771 1296 1849; baseline 0 -2"><span class='ocrx_word' id='word_1_75' title='bbox 557 1771 948 1849; x_wconf 86' lang='lat' dir='ltr'><strong>Prolueris</strong></span> <span class='ocrx_word' id='word_1_76' title='bbox 999 1772 1296 1849; x_wconf 90' lang='lat' dir='ltr'><strong>melius.</strong></span> 
     </span>
    </p>
   </div>
   <div class='ocr_carea' id='block_1_10' title="bbox 1401 1771 2500 1869">
    <p class='ocr_par' dir='ltr' id='par_1_12' title="bbox 1401 1771 2500 1869">
     <span class='ocr_line' id='line_1_18' title="bbox 1401 1771 2500 1869; baseline -0.002 -20"><span class='ocrx_word' id='word_1_77' title='bbox 1401 1771 1484 1849; x_wconf 83' lang='lat' dir='ltr'><strong>Si</strong></span> <span class='ocrx_word' id='word_1_78' title='bbox 1539 1772 1733 1847; x_wconf 87' lang='lat' dir='ltr'><strong>dura</strong></span> <span class='ocrx_word' id='word_1_79' title='bbox 1783 1773 2215 1849; x_wconf 81' lang='lat' dir='ltr'><strong>morabitur</strong></span> <span class='ocrx_word' id='word_1_80' title='bbox 2260 1771 2500 1869; x_wconf 84' lang='lat' dir='ltr'><strong>alvus,</strong></span> 
     </span>
    </p>
   </div>
   <div class='ocr_carea' id='block_1_11' title="bbox 475 1895 2715 2249">
    <p class='ocr_par' dir='ltr' id='par_1_13' title="bbox 475 1895 2715 2249">
     <span class='ocr_line' id='line_1_19' title="bbox 556 1895 2401 1994; baseline 0.001 -21"><span class='ocrx_word' id='word_1_81' title='bbox 556 1896 878 1973; x_wconf 88' lang='lat' dir='ltr'><strong>Mitulus</strong></span> <span class='ocrx_word' id='word_1_82' title='bbox 931 1909 1006 1972; x_wconf 91' lang='lat' dir='ltr'><strong>et</strong></span> <span class='ocrx_word' id='word_1_83' title='bbox 1046 1896 1236 1971; x_wconf 83' lang='lat' dir='ltr'><strong>viles</strong></span> <span class='ocrx_word' id='word_1_84' title='bbox 1286 1895 1583 1994; x_wconf 89' lang='lat' dir='ltr'><strong>pellent</strong></span> <span class='ocrx_word' id='word_1_85' title='bbox 1633 1898 2013 1975; x_wconf 87' lang='lat' dir='ltr'><strong>obstantia</strong></span> <span class='ocrx_word' id='word_1_86' title='bbox 2062 1897 2401 1974; x_wconf 82' lang='lat' dir='ltr'><strong>conchae</strong></span> 
     </span>
     <span class='ocr_line' id='line_1_20' title="bbox 557 2020 2715 2119; baseline 0 -22"><span class='ocrx_word' id='word_1_87' title='bbox 557 2022 656 2099; x_wconf 86' lang='lat' dir='ltr'><strong>Et</strong></span> <span class='ocrx_word' id='word_1_88' title='bbox 704 2021 1001 2118; x_wconf 86' lang='lat' dir='ltr'><strong>lapathi</strong></span> <span class='ocrx_word' id='word_1_89' title='bbox 1049 2022 1306 2097; x_wconf 82' lang='lat' dir='ltr'><strong>brevis</strong></span> <span class='ocrx_word' id='word_1_90' title='bbox 1356 2020 1622 2119; x_wconf 87' lang='lat' dir='ltr'><strong>herba,</strong></span> <span class='ocrx_word' id='word_1_91' title='bbox 1676 2023 1813 2099; x_wconf 89' lang='lat' dir='ltr'><strong>sed</strong></span> <span class='ocrx_word' id='word_1_92' title='bbox 1866 2023 2045 2098; x_wconf 90' lang='lat' dir='ltr'><strong>albo</strong></span> <span class='ocrx_word' id='word_1_93' title='bbox 2096 2049 2255 2098; x_wconf 88' lang='lat' dir='ltr'><strong>non</strong></span> <span class='ocrx_word' id='word_1_94' title='bbox 2306 2022 2470 2099; x_wconf 89' lang='lat' dir='ltr'><strong>sine</strong></span> <span class='ocrx_word' id='word_1_95' title='bbox 2524 2020 2715 2099; x_wconf 86' lang='lat' dir='ltr'><strong>Coo.</strong></span> 
     </span>
     <span class='ocr_line' id='line_1_21' title="bbox 475 2146 2476 2249; baseline 0 -26"><span class='ocrx_word' id='word_1_96' title='bbox 475 2182 530 2223; x_wconf 73' lang='lat' dir='ltr'><strong>so</strong></span> <span class='ocrx_word' id='word_1_97' title='bbox 564 2147 900 2223; x_wconf 90' lang='lat' dir='ltr'><strong>Lubrica</strong></span> <span class='ocrx_word' id='word_1_98' title='bbox 947 2160 1344 2225; x_wconf 89' lang='lat' dir='ltr'><strong>nascentes</strong></span> <span class='ocrx_word' id='word_1_99' title='bbox 1394 2146 1723 2249; x_wconf 89' lang='lat' dir='ltr'><strong>implent</strong></span> <span class='ocrx_word' id='word_1_100' title='bbox 1772 2148 2173 2247; x_wconf 81' lang='lat' dir='ltr'><strong>conchylia</strong></span> <span class='ocrx_word' id='word_1_101' title='bbox 2223 2148 2476 2245; x_wconf 89' lang='lat' dir='ltr'><strong>lunae,</strong></span> 
     </span>
    </p>
   </div>
   <div class='ocr_carea' id='block_1_12' title="bbox 446 2345 1628 4631">
    <p class='ocr_par' dir='ltr' id='par_1_14' title="bbox 446 2345 1628 4631">
     <span class='ocr_line' id='line_1_22' title="bbox 461 2345 1619 2416; baseline 0.002 -17"><span class='ocrx_word' id='word_1_102' title='bbox 461 2345 716 2399; x_wconf 73' lang='lat' dir='ltr'><strong>hortensi</strong></span> <span class='ocrx_word' id='word_1_103' title='bbox 771 2346 1141 2416; x_wconf 83' lang='lat' dir='ltr'><strong>scripserunt3</strong></span> <span class='ocrx_word' id='word_1_104' title='bbox 1213 2364 1407 2402; x_wconf 87' lang='lat' dir='ltr'><strong>omnes</strong></span> <span class='ocrx_word' id='word_1_105' title='bbox 1467 2348 1619 2402; x_wconf 89' lang='lat' dir='ltr'><strong>enim</strong></span> 
     </span>
     <span class='ocr_line' id='line_1_23' title="bbox 461 2388 1619 2489; baseline 0.002 -17"><span class='ocrx_word' id='word_1_106' title='bbox 461 2416 624 2472; x_wconf 87' lang='lat' dir='ltr'><strong>aiunt</strong></span> <span class='ocrx_word' id='word_1_107' title='bbox 647 2416 866 2472; x_wconf 86' lang='lat' dir='ltr'><strong>caulem</strong></span> <span class='ocrx_word' id='word_1_108' title='bbox 891 2388 1196 2474; x_wconf 78' lang='lat' dir='ltr'><strong>brassicam</strong></span> <span class='ocrx_word' id='word_1_109' title='bbox 1227 2418 1476 2489; x_wconf 79' lang='lat' dir='ltr'><strong>gaudere</strong></span> <span class='ocrx_word' id='word_1_110' title='bbox 1501 2420 1619 2474; x_wconf 89' lang='lat' dir='ltr'><strong>solo</strong></span> 
     </span>
     <span class='ocr_line' id='line_1_24' title="bbox 461 2487 1620 2560; baseline 0.002 -17"><span class='ocrx_word' id='word_1_111' title='bbox 461 2487 654 2543; x_wconf 82' lang='lat' dir='ltr'><strong>umido</strong></span> <span class='ocrx_word' id='word_1_112' title='bbox 710 2493 770 2543; x_wconf 92' lang='lat' dir='ltr'><strong>et</strong></span> <span class='ocrx_word' id='word_1_113' title='bbox 819 2490 1004 2544; x_wconf 90' lang='lat' dir='ltr'><strong>minus</strong></span> <span class='ocrx_word' id='word_1_114' title='bbox 1059 2491 1268 2560; x_wconf 79' lang='lat' dir='ltr'><strong>apricO.</strong></span> <span class='ocrx_word' id='word_1_115' title='bbox 1333 2490 1620 2545; x_wconf 87' lang='lat' dir='ltr'><strong>Palladius</strong></span> 
     </span>
     <span class='ocr_line' id='line_1_25' title="bbox 446 2560 1621 2632; baseline 0.003 -19"><span class='ocrx_word' id='word_1_116' title='bbox 446 2560 533 2632; x_wconf 45' lang='lat' dir='ltr'><strong>,de</strong></span> <span class='ocrx_word' id='word_1_117' title='bbox 577 2577 640 2614; x_wconf 90' lang='lat' dir='ltr'><strong>re</strong></span> <span class='ocrx_word' id='word_1_118' title='bbox 688 2561 880 2615; x_wconf 82' lang='lat' dir='ltr'><strong>rustic.</strong></span> <span class='ocrx_word' id='word_1_119' title='bbox 931 2561 1030 2627; x_wconf 89' lang='grc' dir='ltr'><strong>ΠΙ,</strong></span> <span class='ocrx_word' id='word_1_120' title='bbox 1088 2564 1175 2631; x_wconf 89' lang='grc'><strong>21,</strong></span> <span class='ocrx_word' id='word_1_121' title='bbox 1227 2564 1286 2615; x_wconf 91' lang='lat'><strong>5:</strong></span> <span class='ocrx_word' id='word_1_122' title='bbox 1353 2562 1621 2631; x_wconf 82' lang='lat' dir='ltr'><strong>„(caules)</strong></span> 
     </span>
     <span class='ocr_line' id='line_1_26' title="bbox 463 2631 1622 2696; baseline 0.002 -11"><span class='ocrx_word' id='word_1_123' title='bbox 463 2631 732 2686; x_wconf 81' lang='lat' dir='ltr'><strong>sabulone</strong></span> <span class='ocrx_word' id='word_1_124' title='bbox 767 2636 826 2687; x_wconf 91' lang='lat' dir='ltr'><strong>et</strong></span> <span class='ocrx_word' id='word_1_125' title='bbox 859 2634 1044 2687; x_wconf 86' lang='lat' dir='ltr'><strong>arenis</strong></span> <span class='ocrx_word' id='word_1_126' title='bbox 1093 2650 1210 2687; x_wconf 89' lang='lat' dir='ltr'><strong>non</strong></span> <span class='ocrx_word' id='word_1_127' title='bbox 1249 2633 1622 2696; x_wconf 82' lang='lat' dir='ltr'><strong>delectantur,</strong></span> 
     </span>
     <span class='ocr_line' id='line_1_27' title="bbox 463 2703 1621 2773; baseline 0.002 -16"><span class='ocrx_word' id='word_1_128' title='bbox 463 2703 574 2757; x_wconf 89' lang='lat' dir='ltr'><strong>nisi</strong></span> <span class='ocrx_word' id='word_1_129' title='bbox 627 2704 888 2773; x_wconf 83' lang='lat' dir='ltr'><strong>perennis</strong></span> <span class='ocrx_word' id='word_1_130' title='bbox 943 2704 1096 2760; x_wconf 86' lang='lat' dir='ltr'><strong>unda</strong></span> <span class='ocrx_word' id='word_1_131' title='bbox 1153 2706 1494 2759; x_wconf 55' lang='lat' dir='ltr'><strong>succurratst‘</strong></span> <span class='ocrx_word' id='word_1_132' title='bbox 1554 2735 1621 2745; x_wconf 92' lang='lat'><strong>—</strong></span> 
     </span>
     <span class='ocr_line' id='line_1_28' title="bbox 467 2774 1621 2846; baseline 0.002 -18"><span class='ocrx_word' id='word_1_133' title='bbox 467 2774 688 2844; x_wconf 68' lang='lat' dir='ltr'><strong>malum]</strong></span> <span class='ocrx_word' id='word_1_134' title='bbox 735 2792 840 2843; x_wconf 86' lang='lat' dir='ltr'><strong>pro</strong></span> <span class='ocrx_word' id='word_1_135' title='bbox 886 2776 1048 2842; x_wconf 81' lang='lat' dir='ltr'><strong>male,</strong></span> <span class='ocrx_word' id='word_1_136' title='bbox 1099 2782 1164 2831; x_wconf 87' lang='lat' dir='ltr'><strong>ut</strong></span> <span class='ocrx_word' id='word_1_137' title='bbox 1202 2777 1383 2831; x_wconf 86' lang='lat' dir='ltr'><strong>Carm.</strong></span> <span class='ocrx_word' id='word_1_138' title='bbox 1421 2776 1621 2846; x_wconf 86' lang='lat'><strong>11,19,</strong></span> 
     </span>
     <span class='ocr_line' id='line_1_29' title="bbox 466 2817 1622 2915; baseline 0.004 -16"><span class='ocrx_word' id='word_1_139' title='bbox 466 2847 516 2899; x_wconf 87' lang='grc'><strong>6.</strong></span> <span class='ocrx_word' id='word_1_140' title='bbox 551 2845 654 2913; x_wconf 84' lang='grc' dir='ltr'><strong>ΙΙΙ,</strong></span> <span class='ocrx_word' id='word_1_141' title='bbox 691 2847 780 2914; x_wconf 87' lang='grc'><strong>27,</strong></span> <span class='ocrx_word' id='word_1_142' title='bbox 820 2848 908 2915; x_wconf 86' lang='grc'><strong>67,</strong></span> <span class='ocrx_word' id='word_1_143' title='bbox 947 2846 1100 2902; x_wconf 87' lang='lat' dir='ltr'><strong>alias.</strong></span> <span class='ocrx_word' id='word_1_144' title='bbox 1121 2850 1390 2903; x_wconf 74' lang='lat' dir='ltr'><strong>—miaeto</strong></span> <span class='ocrx_word' id='word_1_145' title='bbox 1427 2817 1622 2903; x_wconf 49' lang='lat' dir='ltr'><strong>faler-</strong></span> 
     </span>
     <span class='ocr_line' id='line_1_30' title="bbox 463 2886 1619 2986; baseline 0.004 -16"><span class='ocrx_word' id='word_1_146' title='bbox 463 2914 556 2986; x_wconf 78' lang='lat' dir='ltr'><strong>no]</strong></span> <span class='ocrx_word' id='word_1_147' title='bbox 601 2886 688 2971; x_wconf 63' lang='lat' dir='ltr'><strong>D’e</strong></span> <span class='ocrx_word' id='word_1_148' title='bbox 723 2917 830 2973; x_wconf 87' lang='lat' dir='ltr'><strong>hac</strong></span> <span class='ocrx_word' id='word_1_149' title='bbox 865 2919 1114 2973; x_wconf 90' lang='lat' dir='ltr'><strong>omnium</strong></span> <span class='ocrx_word' id='word_1_150' title='bbox 1152 2920 1429 2974; x_wconf 88' lang='lat' dir='ltr'><strong>librorum</strong></span> <span class='ocrx_word' id='word_1_151' title='bbox 1464 2918 1619 2974; x_wconf 81' lang='lat' dir='ltr'><strong>MSS.</strong></span> 
     </span>
     <span class='ocr_line' id='line_1_31' title="bbox 463 2989 1617 3062; baseline 0.002 -20"><span class='ocrx_word' id='word_1_152' title='bbox 463 2989 745 3057; x_wconf 81' lang='lat' dir='ltr'><strong>scriptura</strong></span> <span class='ocrx_word' id='word_1_153' title='bbox 780 2989 1090 3045; x_wconf 88' lang='lat' dir='ltr'><strong>Bentleius.</strong></span> <span class='ocrx_word' id='word_1_154' title='bbox 1151 2992 1303 3060; x_wconf 89' lang='lat' dir='ltr'><strong>‚quid</strong></span> <span class='ocrx_word' id='word_1_155' title='bbox 1340 3008 1497 3062; x_wconf 82' lang='lat' dir='ltr'><strong>roge,</strong></span> <span class='ocrx_word' id='word_1_156' title='bbox 1535 2992 1617 3045; x_wconf 90' lang='lat' dir='ltr'><strong>in-</strong></span> 
     </span>
     <span class='ocr_line' id='line_1_32' title="bbox 467 3010 1623 3129; baseline 0.005 -17"><span class='ocrx_word' id='word_1_157' title='bbox 467 3060 609 3129; x_wconf 88' lang='lat' dir='ltr'><strong>quit,</strong></span> <span class='ocrx_word' id='word_1_158' title='bbox 660 3061 769 3115; x_wconf 84' lang='lat' dir='ltr'><strong>sibi</strong></span> <span class='ocrx_word' id='word_1_159' title='bbox 814 3062 941 3115; x_wconf 87' lang='lat' dir='ltr'><strong>vult</strong></span> <span class='ocrx_word' id='word_1_160' title='bbox 985 3062 1158 3117; x_wconf 76' lang='lat' dir='ltr'><strong>mixto</strong></span> <span class='ocrx_word' id='word_1_161' title='bbox 1169 3010 1451 3123; x_wconf 11' lang='lat' dir='ltr'><strong>&amp;Falerno</strong></span> <span class='ocrx_word' id='word_1_162' title='bbox 1493 3080 1623 3117; x_wconf 88' lang='lat' dir='ltr'><strong>eum</strong></span> 
     </span>
     <span class='ocr_line' id='line_1_33' title="bbox 464 3130 1619 3202; baseline 0.002 -17"><span class='ocrx_word' id='word_1_163' title='bbox 464 3130 609 3185; x_wconf 88' lang='lat' dir='ltr'><strong>nihil</strong></span> <span class='ocrx_word' id='word_1_164' title='bbox 647 3132 948 3200; x_wconf 89' lang='lat' dir='ltr'><strong>quicquam</strong></span> <span class='ocrx_word' id='word_1_165' title='bbox 984 3133 1076 3187; x_wconf 88' lang='lat' dir='ltr'><strong>hic</strong></span> <span class='ocrx_word' id='word_1_166' title='bbox 1124 3134 1198 3188; x_wconf 88' lang='lat' dir='ltr'><strong>sit</strong></span> <span class='ocrx_word' id='word_1_167' title='bbox 1243 3151 1482 3202; x_wconf 89' lang='lat' dir='ltr'><strong>quocum</strong></span> <span class='ocrx_word' id='word_1_168' title='bbox 1519 3134 1619 3188; x_wconf 87' lang='lat' dir='ltr'><strong>mi-</strong></span> 
     </span>
     <span class='ocr_line' id='line_1_34' title="bbox 467 3204 1623 3275; baseline 0.003 -19"><span class='ocrx_word' id='word_1_169' title='bbox 467 3204 726 3257; x_wconf 75' lang='lat' dir='ltr'><strong>sceatur?</strong></span> <span class='ocrx_word' id='word_1_170' title='bbox 797 3204 952 3274; x_wconf 80' lang='lat' dir='ltr'><strong>Ergo</strong></span> <span class='ocrx_word' id='word_1_171' title='bbox 1001 3206 1364 3275; x_wconf 82' lang='lat' dir='ltr'><strong>subintellegi</strong></span> <span class='ocrx_word' id='word_1_172' title='bbox 1399 3206 1492 3259; x_wconf 88' lang='lat' dir='ltr'><strong>hie</strong></span> <span class='ocrx_word' id='word_1_173' title='bbox 1526 3223 1623 3260; x_wconf 84' lang='lat' dir='ltr'><strong>ve·</strong></span> 
     </span>
     <span class='ocr_line' id='line_1_35' title="bbox 467 3274 1623 3346; baseline 0.004 -19"><span class='ocrx_word' id='word_1_174' title='bbox 467 3274 594 3329; x_wconf 85' lang='lat' dir='ltr'><strong>lunt</strong></span> <span class='ocrx_word' id='word_1_175' title='bbox 651 3275 987 3344; x_wconf 82' lang='lat' dir='ltr'><strong>interpretes</strong></span> <span class='ocrx_word' id='word_1_176' title='bbox 1037 3292 1160 3331; x_wconf 76' lang='lat' dir='ltr'><strong>cum</strong></span> <span class='ocrx_word' id='word_1_177' title='bbox 1213 3293 1376 3346; x_wconf 75' lang='lat' dir='ltr'><strong>aqua.</strong></span> <span class='ocrx_word' id='word_1_178' title='bbox 1461 3278 1623 3332; x_wconf 85' lang='lat' dir='ltr'><strong>Unde</strong></span> 
     </span>
     <span class='ocr_line' id='line_1_36' title="bbox 469 3345 1625 3418; baseline 0.003 -19"><span class='ocrx_word' id='word_1_179' title='bbox 469 3345 575 3400; x_wconf 88' lang='lat' dir='ltr'><strong>hcc</strong></span> <span class='ocrx_word' id='word_1_180' title='bbox 609 3346 680 3399; x_wconf 89' lang='lat' dir='ltr'><strong>iis</strong></span> <span class='ocrx_word' id='word_1_181' title='bbox 719 3348 1106 3416; x_wconf 75' lang='lat' dir='ltr'><strong>compertum?</strong></span> <span class='ocrx_word' id='word_1_182' title='bbox 1143 3348 1254 3403; x_wconf 81' lang='lat' dir='ltr'><strong>Gur</strong></span> <span class='ocrx_word' id='word_1_183' title='bbox 1288 3348 1469 3418; x_wconf 82' lang='lat' dir='ltr'><strong>magis</strong></span> <span class='ocrx_word' id='word_1_184' title='bbox 1503 3366 1625 3404; x_wconf 81' lang='lat' dir='ltr'><strong>cum</strong></span> 
     </span>
     <span class='ocr_line' id='line_1_37' title="bbox 468 3420 1623 3499; baseline 0.005 -30"><span class='ocrx_word' id='word_1_185' title='bbox 468 3432 639 3499; x_wconf 46' lang='lat' dir='ltr'><strong>aqua·</strong></span> <span class='ocrx_word' id='word_1_186' title='bbox 653 3434 821 3486; x_wconf 87' lang='lat' dir='ltr'><strong>qnam</strong></span> <span class='ocrx_word' id='word_1_187' title='bbox 871 3434 992 3473; x_wconf 77' lang='lat' dir='ltr'><strong>cum</strong></span> <span class='ocrx_word' id='word_1_188' title='bbox 1039 3420 1202 3487; x_wconf 71' lang='lat' dir='ltr'><strong>melle,</strong></span> <span class='ocrx_word' id='word_1_189' title='bbox 1239 3421 1350 3475; x_wconf 77' lang='lat' dir='ltr'><strong>oleo</strong></span> <span class='ocrx_word' id='word_1_190' title='bbox 1385 3420 1476 3475; x_wconf 86' lang='lat' dir='ltr'><strong>vel</strong></span> <span class='ocrx_word' id='word_1_191' title='bbox 1509 3421 1623 3475; x_wconf 86' lang='lat' dir='ltr'><strong>alio</strong></span> 
     </span>
     <span class='ocr_line' id='line_1_38' title="bbox 469 3488 1626 3558; baseline 0.003 -17"><span class='ocrx_word' id='word_1_192' title='bbox 469 3488 671 3556; x_wconf 78' lang='lat' dir='ltr'><strong>quovis</strong></span> <span class='ocrx_word' id='word_1_193' title='bbox 709 3489 1002 3558; x_wconf 78' lang='lat' dir='ltr'><strong>liquore?“</strong></span> <span class='ocrx_word' id='word_1_194' title='bbox 1065 3494 1146 3545; x_wconf 84' lang='lat' dir='ltr'><strong>At</strong></span> <span class='ocrx_word' id='word_1_195' title='bbox 1181 3508 1314 3545; x_wconf 78' lang='lat' dir='ltr'><strong>vero</strong></span> <span class='ocrx_word' id='word_1_196' title='bbox 1352 3491 1495 3545; x_wconf 86' lang='lat' dir='ltr'><strong>nihil</strong></span> <span class='ocrx_word' id='word_1_197' title='bbox 1531 3491 1626 3546; x_wconf 89' lang='lat' dir='ltr'><strong>hic</strong></span> 
     </span>
     <span class='ocr_line' id='line_1_39' title="bbox 469 3559 1624 3633; baseline 0.004 -20"><span class='ocrx_word' id='word_1_198' title='bbox 469 3559 830 3615; x_wconf 80' lang='lat' dir='ltr'><strong>obscuritatis</strong></span> <span class='ocrx_word' id='word_1_199' title='bbox 887 3568 990 3616; x_wconf 89' lang='lat' dir='ltr'><strong>est.</strong></span> <span class='ocrx_word' id='word_1_200' title='bbox 1079 3562 1234 3617; x_wconf 87' lang='lat' dir='ltr'><strong>Solet</strong></span> <span class='ocrx_word' id='word_1_201' title='bbox 1277 3581 1311 3617; x_wconf 87' lang='lat' dir='ltr'><strong>a</strong></span> <span class='ocrx_word' id='word_1_202' title='bbox 1360 3563 1624 3633; x_wconf 88' lang='lat' dir='ltr'><strong>simplici-</strong></span> 
     </span>
     <span class='ocr_line' id='line_1_40' title="bbox 469 3630 1624 3703; baseline 0.005 -20"><span class='ocrx_word' id='word_1_203' title='bbox 469 3630 574 3684; x_wconf 89' lang='lat' dir='ltr'><strong>bus</strong></span> <span class='ocrx_word' id='word_1_204' title='bbox 598 3631 918 3687; x_wconf 87' lang='lat' dir='ltr'><strong>hominibus</strong></span> <span class='ocrx_word' id='word_1_205' title='bbox 945 3634 1158 3703; x_wconf 81' lang='lat' dir='ltr'><strong>gallina</strong></span> <span class='ocrx_word' id='word_1_206' title='bbox 1183 3635 1345 3703; x_wconf 90' lang='lat' dir='ltr'><strong>coqui</strong></span> <span class='ocrx_word' id='word_1_207' title='bbox 1373 3634 1432 3687; x_wconf 91' lang='lat' dir='ltr'><strong>in</strong></span> <span class='ocrx_word' id='word_1_208' title='bbox 1461 3652 1624 3703; x_wconf 85' lang='lat' dir='ltr'><strong>aqua,</strong></span> 
     </span>
     <span class='ocr_line' id='line_1_41' title="bbox 467 3702 1623 3760; baseline 0.004 -4"><span class='ocrx_word' id='word_1_209' title='bbox 467 3702 558 3756; x_wconf 88' lang='lat' dir='ltr'><strong>cui</strong></span> <span class='ocrx_word' id='word_1_210' title='bbox 606 3704 1022 3759; x_wconf 87' lang='lat' dir='ltr'><strong>admiscendum</strong></span> <span class='ocrx_word' id='word_1_211' title='bbox 1070 3705 1233 3760; x_wconf 89' lang='lat' dir='ltr'><strong>docet</strong></span> <span class='ocrx_word' id='word_1_212' title='bbox 1275 3706 1483 3760; x_wconf 79' lang='lat' dir='ltr'><strong>artifex</strong></span> <span class='ocrx_word' id='word_1_213' title='bbox 1531 3724 1623 3760; x_wconf 89' lang='lat' dir='ltr'><strong>cu-</strong></span> 
     </span>
     <span class='ocr_line' id='line_1_42' title="bbox 467 3774 1627 3846; baseline 0.003 -19"><span class='ocrx_word' id='word_1_214' title='bbox 467 3774 702 3828; x_wconf 85' lang='lat' dir='ltr'><strong>linarius</strong></span> <span class='ocrx_word' id='word_1_215' title='bbox 751 3776 1082 3830; x_wconf 86' lang='lat' dir='ltr'><strong>Falernum·</strong></span> <span class='ocrx_word' id='word_1_216' title='bbox 1069 3818 1082 3845; x_wconf 89' lang='lat'><strong>,</strong></span> <span class='ocrx_word' id='word_1_217' title='bbox 1141 3794 1458 3846; x_wconf 87' lang='lat' dir='ltr'><strong>quanquam</strong></span> <span class='ocrx_word' id='word_1_218' title='bbox 1515 3777 1627 3831; x_wconf 88' lang='lat' dir='ltr'><strong>hoc</strong></span> 
     </span>
     <span class='ocr_line' id='line_1_43' title="bbox 469 3846 1625 3918; baseline 0.003 -19"><span class='ocrx_word' id='word_1_219' title='bbox 469 3863 693 3912; x_wconf 87' lang='lat' dir='ltr'><strong>novum,</strong></span> <span class='ocrx_word' id='word_1_220' title='bbox 731 3852 798 3900; x_wconf 89' lang='lat' dir='ltr'><strong>ut</strong></span> <span class='ocrx_word' id='word_1_221' title='bbox 843 3846 926 3901; x_wconf 88' lang='lat' dir='ltr'><strong>ait</strong></span> <span class='ocrx_word' id='word_1_222' title='bbox 971 3848 1085 3916; x_wconf 88' lang='lat' dir='ltr'><strong>ille,</strong></span> <span class='ocrx_word' id='word_1_223' title='bbox 1125 3853 1489 3918; x_wconf 84' lang='lat' dir='ltr'><strong>praeceptum</strong></span> <span class='ocrx_word' id='word_1_224' title='bbox 1539 3850 1625 3902; x_wconf 91' lang='lat' dir='ltr'><strong>ni·</strong></span> 
     </span>
     <span class='ocr_line' id='line_1_44' title="bbox 469 3916 1623 3975; baseline 0.004 -6"><span class='ocrx_word' id='word_1_225' title='bbox 469 3916 553 3970; x_wconf 90' lang='lat' dir='ltr'><strong>hil</strong></span> <span class='ocrx_word' id='word_1_226' title='bbox 589 3917 828 3973; x_wconf 86' lang='lat' dir='ltr'><strong>fortasse</strong></span> <span class='ocrx_word' id='word_1_227' title='bbox 862 3918 1102 3974; x_wconf 88' lang='lat' dir='ltr'><strong>distabit</strong></span> <span class='ocrx_word' id='word_1_228' title='bbox 1137 3938 1172 3975; x_wconf 91' lang='lat' dir='ltr'><strong>a</strong></span> <span class='ocrx_word' id='word_1_229' title='bbox 1195 3920 1623 3975; x_wconf 84' lang='lat' dir='ltr'><strong>delicatulorum</strong></span> 
     </span>
     <span class='ocr_line' id='line_1_45' title="bbox 469 3988 1628 4060; baseline 0.003 -18"><span class='ocrx_word' id='word_1_230' title='bbox 469 3988 760 4043; x_wconf 89' lang='lat' dir='ltr'><strong>hominum</strong></span> <span class='ocrx_word' id='word_1_231' title='bbox 807 3991 1029 4060; x_wconf 80' lang='lat' dir='ltr'><strong>vulgari</strong></span> <span class='ocrx_word' id='word_1_232' title='bbox 1083 3992 1320 4047; x_wconf 84' lang='lat' dir='ltr'><strong>ratione.</strong></span> <span class='ocrx_word' id='word_1_233' title='bbox 1404 3991 1628 4046; x_wconf 87' lang='lat' dir='ltr'><strong>Bentlei</strong></span> 
     </span>
     <span class='ocr_line' id='line_1_46' title="bbox 469 4060 1625 4131; baseline 0.002 -16"><span class='ocrx_word' id='word_1_234' title='bbox 469 4060 848 4115; x_wconf 82' lang='lat' dir='ltr'><strong>coniecturam</strong></span> <span class='ocrx_word' id='word_1_235' title='bbox 883 4068 1061 4117; x_wconf 71' lang='lat' dir='ltr'><strong>musto</strong></span> <span class='ocrx_word' id='word_1_236' title='bbox 1084 4063 1401 4131; x_wconf 80' lang='lat' dir='ltr'><strong>probarunt</strong></span> <span class='ocrx_word' id='word_1_237' title='bbox 1437 4069 1625 4118; x_wconf 88' lang='lat' dir='ltr'><strong>tamen</strong></span> 
     </span>
     <span class='ocr_line' id='line_1_47' title="bbox 471 4131 1625 4203; baseline 0.003 -18"><span class='ocrx_word' id='word_1_238' title='bbox 471 4131 984 4201; x_wconf 67' lang='lat' dir='ltr'><strong>Mueller„Leh1-s.,</strong></span> <span class='ocrx_word' id='word_1_239' title='bbox 1013 4134 1316 4203; x_wconf 86' lang='lat' dir='ltr'><strong>Eekstein.‚</strong></span> <span class='ocrx_word' id='word_1_240' title='bbox 1350 4152 1464 4190; x_wconf 90' lang='lat' dir='ltr'><strong>non</strong></span> <span class='ocrx_word' id='word_1_241' title='bbox 1489 4134 1625 4189; x_wconf 87' lang='lat' dir='ltr'><strong>Hel-</strong></span> 
     </span>
     <span class='ocr_line' id='line_1_48' title="bbox 471 4202 1625 4261; baseline 0.003 -4"><span class='ocrx_word' id='word_1_242' title='bbox 471 4202 586 4257; x_wconf 86' lang='lat' dir='ltr'><strong>der.</strong></span> <span class='ocrx_word' id='word_1_243' title='bbox 623 4210 726 4258; x_wconf 86' lang='lat' dir='ltr'><strong>aut</strong></span> <span class='ocrx_word' id='word_1_244' title='bbox 749 4204 990 4259; x_wconf 84' lang='lat' dir='ltr'><strong>Fritsch.</strong></span> <span class='ocrx_word' id='word_1_245' title='bbox 1029 4205 1244 4261; x_wconf 82' lang='lat' dir='ltr'><strong>Deinde</strong></span> <span class='ocrx_word' id='word_1_246' title='bbox 1279 4224 1392 4261; x_wconf 84' lang='grc' dir='ltr'><strong>ιιοιι</strong></span> <span class='ocrx_word' id='word_1_247' title='bbox 1428 4207 1625 4261; x_wconf 82' lang='lat' dir='ltr'><strong>vinum</strong></span> 
     </span>
     <span class='ocr_line' id='line_1_49' title="bbox 469 4274 1623 4344; baseline 0.003 -15"><span class='ocrx_word' id='word_1_248' title='bbox 469 4274 653 4329; x_wconf 89' lang='lat' dir='ltr'><strong>solum</strong></span> <span class='ocrx_word' id='word_1_249' title='bbox 729 4292 907 4344; x_wconf 89' lang='lat' dir='ltr'><strong>aquae</strong></span> <span class='ocrx_word' id='word_1_250' title='bbox 990 4276 1244 4331; x_wconf 79' lang='lat' dir='ltr'><strong>additum</strong></span> <span class='ocrx_word' id='word_1_251' title='bbox 1303 4278 1623 4333; x_wconf 86' lang='lat' dir='ltr'><strong>teneritatis</strong></span> 
     </span>
     <span class='ocr_line' id='line_1_50' title="bbox 469 4348 1627 4417; baseline 0.002 -16"><span class='ocrx_word' id='word_1_252' title='bbox 469 4362 639 4401; x_wconf 82' lang='lat' dir='ltr'><strong>causa</strong></span> <span class='ocrx_word' id='word_1_253' title='bbox 661 4351 764 4415; x_wconf 86' lang='lat' dir='ltr'><strong>est,</strong></span> <span class='ocrx_word' id='word_1_254' title='bbox 800 4348 896 4401; x_wconf 87' lang='lat' dir='ltr'><strong>sed</strong></span> <span class='ocrx_word' id='word_1_255' title='bbox 943 4348 1266 4417; x_wconf 83' lang='lat' dir='ltr'><strong>„suffocatio</strong></span> <span class='ocrx_word' id='word_1_256' title='bbox 1302 4349 1627 4417; x_wconf 86' lang='lat' dir='ltr'><strong>spirituum·</strong></span> 
     </span>
     <span class='ocr_line' id='line_1_51' title="bbox 473 4416 1625 4485; baseline 0.004 -15"><span class='ocrx_word' id='word_1_257' title='bbox 473 4434 582 4485; x_wconf 88' lang='lat' dir='ltr'><strong>que</strong></span> <span class='ocrx_word' id='word_1_258' title='bbox 619 4416 880 4472; x_wconf 83' lang='lat' dir='ltr'><strong>vitalium</strong></span> <span class='ocrx_word' id='word_1_259' title='bbox 929 4420 1080 4473; x_wconf 85' lang='lat' dir='ltr'><strong>intus</strong></span> <span class='ocrx_word' id='word_1_260' title='bbox 1117 4420 1366 4474; x_wconf 85' lang='lat' dir='ltr'><strong>violenta</strong></span> <span class='ocrx_word' id='word_1_261' title='bbox 1405 4421 1625 4475; x_wconf 89' lang='lat' dir='ltr'><strong>conclu-</strong></span> 
     </span>
     <span class='ocr_line' id='line_1_52' title="bbox 473 4488 1625 4558; baseline 0.007 -17"><span class='ocrx_word' id='word_1_262' title='bbox 473 4488 556 4541; x_wconf 90' lang='lat' dir='ltr'><strong>sio</strong></span> <span class='ocrx_word' id='word_1_263' title='bbox 581 4505 808 4543; x_wconf 88' lang='lat' dir='ltr'><strong>carnem</strong></span> <span class='ocrx_word' id='word_1_264' title='bbox 843 4490 1251 4558; x_wconf 89' lang='lat' dir='ltr'><strong>quodammodo</strong></span> <span class='ocrx_word' id='word_1_265' title='bbox 1283 4496 1625 4549; x_wconf 78' lang='lat' dir='ltr'><strong>maceratam</strong></span> 
     </span>
     <span class='ocr_line' id='line_1_53' title="bbox 473 4560 1252 4631; baseline 0.007 -18"><span class='ocrx_word' id='word_1_266' title='bbox 473 4563 818 4617; x_wconf 82' lang='lat' dir='ltr'><strong>tenerescere</strong></span> <span class='ocrx_word' id='word_1_267' title='bbox 853 4560 1010 4617; x_wconf 80' lang='lat' dir='ltr'><strong>facit.</strong></span> <span class='ocrx_word' id='word_1_268' title='bbox 1019 4560 1045 4591; x_wconf 69' lang='lat'><strong>‘⁴</strong></span> <span class='ocrx_word' id='word_1_269' title='bbox 1087 4562 1252 4631; x_wconf 87' lang='lat' dir='ltr'><strong>Cruq.</strong></span> 
     </span>
    </p>
   </div>
   <div class='ocr_carea' id='block_1_13' title="bbox 1710 2346 2877 4638">
    <p class='ocr_par' dir='ltr' id='par_1_15' title="bbox 1710 2346 2877 4638">
     <span class='ocr_line' id='line_1_54' title="bbox 1786 2346 2873 2415; baseline 0 -14"><span class='ocrx_word' id='word_1_270' title='bbox 1786 2346 1851 2402; x_wconf 88' lang='lat' dir='ltr'><strong>V.</strong></span> <span class='ocrx_word' id='word_1_271' title='bbox 1890 2348 1979 2402; x_wconf 85' lang='lat'><strong>21.</strong></span> <span class='ocrx_word' id='word_1_272' title='bbox 2018 2347 2171 2415; x_wconf 80' lang='lat' dir='ltr'><strong>Quae</strong></span> <span class='ocrx_word' id='word_1_273' title='bbox 2208 2348 2581 2415; x_wconf 86' lang='lat' dir='ltr'><strong>insequuntur</strong></span> <span class='ocrx_word' id='word_1_274' title='bbox 2616 2347 2689 2401; x_wconf 90' lang='lat' dir='ltr'><strong>de</strong></span> <span class='ocrx_word' id='word_1_275' title='bbox 2722 2348 2873 2401; x_wconf 84' lang='lat' dir='ltr'><strong>salu-</strong></span> 
     </span>
     <span class='ocr_line' id='line_1_55' title="bbox 1710 2419 2873 2487; baseline -0.001 -13"><span class='ocrx_word' id='word_1_276' title='bbox 1710 2419 1925 2474; x_wconf 86' lang='lat' dir='ltr'><strong>britate</strong></span> <span class='ocrx_word' id='word_1_277' title='bbox 1962 2419 2215 2474; x_wconf 85' lang='lat' dir='ltr'><strong>ciborum</strong></span> <span class='ocrx_word' id='word_1_278' title='bbox 2252 2419 2605 2487; x_wconf 87' lang='lat' dir='ltr'><strong>quorundam</strong></span> <span class='ocrx_word' id='word_1_279' title='bbox 2642 2436 2873 2487; x_wconf 82' lang='lat' dir='ltr'><strong>praece·</strong></span> 
     </span>
     <span class='ocr_line' id='line_1_56' title="bbox 1750 2490 2873 2561; baseline -0.003 -15"><span class='ocrx_word' id='word_1_280' title='bbox 1750 2496 1813 2546; x_wconf 90' lang='lat' dir='ltr'><strong>ta</strong></span> <span class='ocrx_word' id='word_1_281' title='bbox 1848 2496 1949 2545; x_wconf 84' lang='lat' dir='ltr'><strong>aut</strong></span> <span class='ocrx_word' id='word_1_282' title='bbox 1984 2490 2129 2546; x_wconf 84' lang='lat' dir='ltr'><strong>falsa</strong></span> <span class='ocrx_word' id='word_1_283' title='bbox 2150 2490 2417 2545; x_wconf 80' lang='lat' dir='ltr'><strong>videntur</strong></span> <span class='ocrx_word' id='word_1_284' title='bbox 2452 2494 2553 2544; x_wconf 87' lang='lat' dir='ltr'><strong>aut</strong></span> <span class='ocrx_word' id='word_1_285' title='bbox 2594 2490 2873 2561; x_wconf 68' lang='lat' dir='ltr'><strong>vulgaria.</strong></span> 
     </span>
     <span class='ocr_line' id='line_1_57' title="bbox 1712 2562 2874 2699; baseline -0.002 -10"><span class='ocrx_word' id='word_1_286' title='bbox 1712 2562 2326 2699; x_wconf 57' lang='lat' dir='ltr'><strong>0h⁰01ffi¹⁸055213T⁰¹¹i¹¹⁸</strong></span> <span class='ocrx_word' id='word_1_287' title='bbox 2340 2579 2521 2687; x_wconf 59' lang='lat'><strong>²103?</strong></span> <span class='ocrx_word' id='word_1_288' title='bbox 2542 2578 2874 2699; x_wconf 60' lang='lat'><strong>3321323:</strong></span> <span class='ocrx_word' id='word_1_289' title='bbox 2852 2591 2873 2603; x_wconf 84' lang='grc'><strong><em>’</em></strong></span> 
     </span>
     <span class='ocr_line' id='line_1_58' title="bbox 1712 2703 2872 2775; baseline 0 -16"><span class='ocrx_word' id='word_1_290' title='bbox 1712 2704 2051 2775; x_wconf 79' lang='lat' dir='ltr'><strong>lycoperdon</strong></span> <span class='ocrx_word' id='word_1_291' title='bbox 2098 2706 2265 2759; x_wconf 83' lang='lat' dir='ltr'><strong>tuber</strong></span> <span class='ocrx_word' id='word_1_292' title='bbox 2311 2703 2465 2774; x_wconf 89' lang='lat' dir='ltr'><strong>(nam</strong></span> <span class='ocrx_word' id='word_1_293' title='bbox 2502 2704 2573 2759; x_wconf 89' lang='lat' dir='ltr'><strong>de</strong></span> <span class='ocrx_word' id='word_1_294' title='bbox 2608 2705 2699 2759; x_wconf 88' lang='lat' dir='ltr'><strong>his</strong></span> <span class='ocrx_word' id='word_1_295' title='bbox 2736 2723 2872 2774; x_wconf 86' lang='lat' dir='ltr'><strong>quo-</strong></span> 
     </span>
     <span class='ocr_line' id='line_1_59' title="bbox 1714 2776 2877 2847; baseline 0 -16"><span class='ocrx_word' id='word_1_296' title='bbox 1714 2794 1840 2846; x_wconf 89' lang='lat' dir='ltr'><strong>que,</strong></span> <span class='ocrx_word' id='word_1_297' title='bbox 1876 2792 1991 2831; x_wconf 88' lang='lat' dir='ltr'><strong>non</strong></span> <span class='ocrx_word' id='word_1_298' title='bbox 2026 2777 2206 2832; x_wconf 89' lang='lat' dir='ltr'><strong>solum</strong></span> <span class='ocrx_word' id='word_1_299' title='bbox 2243 2776 2313 2830; x_wconf 92' lang='lat' dir='ltr'><strong>de</strong></span> <span class='ocrx_word' id='word_1_300' title='bbox 2348 2776 2554 2830; x_wconf 87' lang='lat' dir='ltr'><strong>boletis</strong></span> <span class='ocrx_word' id='word_1_301' title='bbox 2590 2776 2687 2830; x_wconf 89' lang='lat' dir='ltr'><strong>hic</strong></span> <span class='ocrx_word' id='word_1_302' title='bbox 2722 2778 2877 2847; x_wconf 74' lang='lat' dir='ltr'><strong>cog-i·</strong></span> 
     </span>
     <span class='ocr_line' id='line_1_60' title="bbox 1712 2847 2873 2932; baseline 0 -29"><span class='ocrx_word' id='word_1_303' title='bbox 1712 2849 1947 2903; x_wconf 85' lang='lat' dir='ltr'><strong>tandum</strong></span> <span class='ocrx_word' id='word_1_304' title='bbox 1968 2852 2069 2915; x_wconf 89' lang='lat' dir='ltr'><strong>est,</strong></span> <span class='ocrx_word' id='word_1_305' title='bbox 2096 2864 2222 2903; x_wconf 86' lang='lat' dir='ltr'><strong>cum</strong></span> <span class='ocrx_word' id='word_1_306' title='bbox 2244 2848 2539 2902; x_wconf 79' lang='lat' dir='ltr'><strong>tuberibus</strong></span> <span class='ocrx_word' id='word_1_307' title='bbox 2564 2847 2873 2932; x_wconf 77' lang='lat' dir='ltr'><strong>(Truffeln)</strong></span> 
     </span>
     <span class='ocr_line' id='line_1_61' title="bbox 1712 2918 2877 3003; baseline -0.002 -28"><span class='ocrx_word' id='word_1_308' title='bbox 1712 2938 1889 2989; x_wconf 90' lang='lat' dir='ltr'><strong>aeque</strong></span> <span class='ocrx_word' id='word_1_309' title='bbox 1960 2920 2377 2975; x_wconf 80' lang='lat' dir='ltr'><strong>delectarentur</strong></span> <span class='ocrx_word' id='word_1_310' title='bbox 2460 2918 2727 3003; x_wconf 82' lang='lat' dir='ltr'><strong>Romani)</strong></span> <span class='ocrx_word' id='word_1_311' title='bbox 2814 2920 2877 2973; x_wconf 87' lang='lat' dir='ltr'><strong>in</strong></span> 
     </span>
     <span class='ocr_line' id='line_1_62' title="bbox 1712 2990 2875 3074; baseline 0.001 -29"><span class='ocrx_word' id='word_1_312' title='bbox 1712 2992 1920 3061; x_wconf 84' lang='lat' dir='ltr'><strong>pratis,</strong></span> <span class='ocrx_word' id='word_1_313' title='bbox 1998 2997 2195 3047; x_wconf 86' lang='lat' dir='ltr'><strong>contra</strong></span> <span class='ocrx_word' id='word_1_314' title='bbox 2266 2990 2697 3074; x_wconf 77' lang='lat' dir='ltr'><strong>nocentissimus</strong></span> <span class='ocrx_word' id='word_1_315' title='bbox 2776 2992 2875 3047; x_wconf 83' lang='lat' dir='ltr'><strong>ille</strong></span> 
     </span>
     <span class='ocr_line' id='line_1_63' title="bbox 1713 3062 2873 3135; baseline -0.002 -16"><span class='ocrx_word' id='word_1_316' title='bbox 1713 3063 1969 3135; x_wconf 80' lang='lat' dir='ltr'><strong>agaricus</strong></span> <span class='ocrx_word' id='word_1_317' title='bbox 1990 3062 2300 3117; x_wconf 86' lang='lat' dir='ltr'><strong>muscarius</strong></span> <span class='ocrx_word' id='word_1_318' title='bbox 2336 3062 2397 3115; x_wconf 93' lang='lat' dir='ltr'><strong>in</strong></span> <span class='ocrx_word' id='word_1_319' title='bbox 2434 3062 2593 3116; x_wconf 78' lang='lat' dir='ltr'><strong>silvis</strong></span> <span class='ocrx_word' id='word_1_320' title='bbox 2629 3063 2873 3133; x_wconf 88' lang='lat' dir='ltr'><strong>aliisque</strong></span> 
     </span>
     <span class='ocr_line' id='line_1_64' title="bbox 1712 3132 2873 3203; baseline -0.002 -14"><span class='ocrx_word' id='word_1_321' title='bbox 1712 3136 1849 3189; x_wconf 89' lang='lat' dir='ltr'><strong>locis</strong></span> <span class='ocrx_word' id='word_1_322' title='bbox 1889 3135 2077 3203; x_wconf 85' lang='lat' dir='ltr'><strong>opacis</strong></span> <span class='ocrx_word' id='word_1_323' title='bbox 2114 3134 2416 3202; x_wconf 87' lang='lat' dir='ltr'><strong>reperitur.</strong></span> <span class='ocrx_word' id='word_1_324' title='bbox 2420 3134 2453 3163; x_wconf 78' lang='lat'><strong>‘⁴</strong></span> <span class='ocrx_word' id='word_1_325' title='bbox 2500 3132 2587 3187; x_wconf 91' lang='lat' dir='ltr'><strong>De</strong></span> <span class='ocrx_word' id='word_1_326' title='bbox 2622 3134 2873 3203; x_wconf 82' lang='lat' dir='ltr'><strong>p-romul</strong></span> 
     </span>
     <span class='ocr_line' id='line_1_65' title="bbox 1712 3205 2873 3273; baseline -0.001 -13"><span class='ocrx_word' id='word_1_327' title='bbox 1712 3206 1833 3261; x_wconf 83' lang='lat' dir='ltr'><strong>side</strong></span> <span class='ocrx_word' id='word_1_328' title='bbox 1878 3206 2022 3260; x_wconf 90' lang='lat' dir='ltr'><strong>Plin.</strong></span> <span class='ocrx_word' id='word_1_329' title='bbox 2061 3206 2127 3261; x_wconf 83' lang='lat' dir='ltr'><strong>N.</strong></span> <span class='ocrx_word' id='word_1_330' title='bbox 2169 3206 2237 3259; x_wconf 89' lang='lat' dir='ltr'><strong>H.</strong></span> <span class='ocrx_word' id='word_1_331' title='bbox 2280 3205 2460 3273; x_wconf 87' lang='lat' dir='ltr'>XXII,</span> <span class='ocrx_word' id='word_1_332' title='bbox 2508 3206 2605 3259; x_wconf 82' lang='lat'><strong>24:</strong></span> <span class='ocrx_word' id='word_1_333' title='bbox 2686 3205 2873 3273; x_wconf 86' lang='lat' dir='ltr'><strong>„-Sem</strong></span> 
     </span>
     <span class='ocr_line' id='line_1_66' title="bbox 1713 3246 2877 3347; baseline -0.001 -16"><span class='ocrx_word' id='word_1_334' title='bbox 1713 3295 1817 3347; x_wconf 87' lang='lat' dir='ltr'><strong>per</strong></span> <span class='ocrx_word' id='word_1_335' title='bbox 1854 3279 2095 3331; x_wconf 86' lang='lat' dir='ltr'><strong>mulsum</strong></span> <span class='ocrx_word' id='word_1_336' title='bbox 2131 3294 2199 3331; x_wconf 87' lang='lat' dir='ltr'><strong>ex</strong></span> <span class='ocrx_word' id='word_1_337' title='bbox 2236 3281 2429 3331; x_wconf 85' lang='lat' dir='ltr'><strong>vetere</strong></span> <span class='ocrx_word' id='word_1_338' title='bbox 2472 3276 2603 3331; x_wconf 82' lang='lat' dir='ltr'><strong>vino</strong></span> <span class='ocrx_word' id='word_1_339' title='bbox 2641 3246 2877 3331; x_wconf 69' lang='lat' dir='ltr'><strong>utilissi-</strong></span> 
     </span>
     <span class='ocr_line' id='line_1_67' title="bbox 1714 3348 2873 3417; baseline 0 -14"><span class='ocrx_word' id='word_1_340' title='bbox 1714 3367 1867 3403; x_wconf 89' lang='lat' dir='ltr'><strong>mum</strong></span> <span class='ocrx_word' id='word_1_341' title='bbox 1920 3348 2303 3417; x_wconf 84' lang='lat' dir='ltr'><strong>facillimeque</strong></span> <span class='ocrx_word' id='word_1_342' title='bbox 2356 3366 2485 3403; x_wconf 89' lang='lat' dir='ltr'><strong>cum</strong></span> <span class='ocrx_word' id='word_1_343' title='bbox 2529 3348 2699 3403; x_wconf 89' lang='lat' dir='ltr'><strong>melle</strong></span> <span class='ocrx_word' id='word_1_344' title='bbox 2744 3367 2873 3404; x_wconf 86' lang='lat' dir='ltr'><strong>con·</strong></span> 
     </span>
     <span class='ocr_line' id='line_1_68' title="bbox 1715 3420 2873 3490; baseline -0.001 -15"><span class='ocrx_word' id='word_1_345' title='bbox 1715 3426 2067 3490; x_wconf 81' lang='lat' dir='ltr'><strong>corporatur,</strong></span> <span class='ocrx_word' id='word_1_346' title='bbox 2102 3420 2255 3488; x_wconf 89' lang='lat' dir='ltr'><strong>quod</strong></span> <span class='ocrx_word' id='word_1_347' title='bbox 2292 3420 2352 3474; x_wconf 90' lang='lat' dir='ltr'><strong>in</strong></span> <span class='ocrx_word' id='word_1_348' title='bbox 2388 3420 2539 3473; x_wconf 89' lang='lat' dir='ltr'><strong>dulci</strong></span> <span class='ocrx_word' id='word_1_349' title='bbox 2582 3438 2873 3489; x_wconf 86' lang='lat' dir='ltr'><strong>nunquam</strong></span> 
     </span>
     <span class='ocr_line' id='line_1_69' title="bbox 1714 3492 2874 3560; baseline -0.001 -13"><span class='ocrx_word' id='word_1_350' title='bbox 1714 3494 1917 3547; x_wconf 80' lang='lat' dir='ltr'><strong>evenit.</strong></span> <span class='ocrx_word' id='word_1_351' title='bbox 1992 3493 2080 3546; x_wconf 84' lang='lat' dir='ltr'><strong>Ex</strong></span> <span class='ocrx_word' id='word_1_352' title='bbox 2114 3497 2340 3547; x_wconf 88' lang='lat' dir='ltr'><strong>austero</strong></span> <span class='ocrx_word' id='word_1_353' title='bbox 2376 3508 2489 3546; x_wconf 91' lang='lat' dir='ltr'><strong>non</strong></span> <span class='ocrx_word' id='word_1_354' title='bbox 2524 3492 2725 3560; x_wconf 79' lang='lat' dir='ltr'><strong>implet</strong></span> <span class='ocrx_word' id='word_1_355' title='bbox 2760 3496 2874 3546; x_wconf 76' lang='lat' dir='ltr'><strong>sto-</strong></span> 
     </span>
     <span class='ocr_line' id='line_1_70' title="bbox 1715 3562 2871 3630; baseline -0.003 -12"><span class='ocrx_word' id='word_1_356' title='bbox 1715 3564 2026 3618; x_wconf 88' lang='lat' dir='ltr'><strong>machum.“</strong></span> <span class='ocrx_word' id='word_1_357' title='bbox 2062 3562 2131 3617; x_wconf 85' lang='lat' dir='ltr'><strong>cf.</strong></span> <span class='ocrx_word' id='word_1_358' title='bbox 2172 3563 2285 3617; x_wconf 82' lang='lat' dir='ltr'><strong>Sat.</strong></span> <span class='ocrx_word' id='word_1_359' title='bbox 2320 3562 2393 3629; x_wconf 94' lang='lat'><strong>11,</strong></span> <span class='ocrx_word' id='word_1_360' title='bbox 2428 3564 2481 3630; x_wconf 86' lang='lat'><strong>2,</strong></span> <span class='ocrx_word' id='word_1_361' title='bbox 2522 3565 2607 3617; x_wconf 84' lang='lat'><strong>15.</strong></span> <span class='ocrx_word' id='word_1_362' title='bbox 2646 3591 2715 3603; x_wconf 89' lang='lat'><strong>--</strong></span> <span class='ocrx_word' id='word_1_363' title='bbox 2756 3566 2871 3617; x_wconf 67' lang='lat' dir='ltr'><strong>Aa·</strong></span> 
     </span>
     <span class='ocr_line' id='line_1_71' title="bbox 1711 3633 2877 3705; baseline 0.001 -17"><span class='ocrx_word' id='word_1_364' title='bbox 1711 3634 1903 3705; x_wconf 72' lang='lat' dir='ltr'><strong>fidius]</strong></span> <span class='ocrx_word' id='word_1_365' title='bbox 1954 3635 2321 3704; x_wconf 83' lang='lat' dir='ltr'><strong>Suspicantur</strong></span> <span class='ocrx_word' id='word_1_366' title='bbox 2366 3633 2477 3687; x_wconf 86' lang='lat' dir='ltr'><strong>viri</strong></span> <span class='ocrx_word' id='word_1_367' title='bbox 2510 3634 2684 3697; x_wconf 87' lang='lat' dir='ltr'><strong>docti,</strong></span> <span class='ocrx_word' id='word_1_368' title='bbox 2726 3635 2877 3689; x_wconf 87' lang='lat' dir='ltr'><strong>hunc</strong></span> 
     </span>
     <span class='ocr_line' id='line_1_72' title="bbox 1716 3706 2875 3775; baseline 0.001 -15"><span class='ocrx_word' id='word_1_369' title='bbox 1716 3724 1833 3761; x_wconf 88' lang='lat' dir='ltr'><strong>esse</strong></span> <span class='ocrx_word' id='word_1_370' title='bbox 1858 3707 1934 3759; x_wconf 84' lang='lat' dir='ltr'><strong>M.</strong></span> <span class='ocrx_word' id='word_1_371' title='bbox 1962 3706 2251 3760; x_wconf 85' lang='lat' dir='ltr'><strong>Aufidium</strong></span> <span class='ocrx_word' id='word_1_372' title='bbox 2276 3706 2608 3772; x_wconf 85' lang='lat' dir='ltr'><strong>Lurconem,</strong></span> <span class='ocrx_word' id='word_1_373' title='bbox 2648 3706 2719 3760; x_wconf 88' lang='lat' dir='ltr'><strong>de</strong></span> <span class='ocrx_word' id='word_1_374' title='bbox 2762 3724 2875 3775; x_wconf 81' lang='lat' dir='ltr'><strong>quo</strong></span> 
     </span>
     <span class='ocr_line' id='line_1_73' title="bbox 1716 3776 2875 3848; baseline 0.001 -17"><span class='ocrx_word' id='word_1_375' title='bbox 1716 3778 1857 3831; x_wconf 91' lang='lat' dir='ltr'><strong>Plin.</strong></span> <span class='ocrx_word' id='word_1_376' title='bbox 1897 3778 1963 3833; x_wconf 79' lang='lat' dir='ltr'><strong>N.</strong></span> <span class='ocrx_word' id='word_1_377' title='bbox 2006 3778 2073 3832; x_wconf 88' lang='lat' dir='ltr'><strong>H.</strong></span> <span class='ocrx_word' id='word_1_378' title='bbox 2113 3778 2183 3846; x_wconf 91' lang='lat' dir='ltr'><strong>X,</strong></span> <span class='ocrx_word' id='word_1_379' title='bbox 2220 3779 2317 3831; x_wconf 82' lang='lat'><strong>20:</strong></span> <span class='ocrx_word' id='word_1_380' title='bbox 2392 3776 2703 3848; x_wconf 71' lang='lat' dir='ltr'><strong>„Saginai-e</strong></span> <span class='ocrx_word' id='word_1_381' title='bbox 2755 3785 2875 3847; x_wconf 67' lang='lat' dir='ltr'><strong>ipa-</strong></span> 
     </span>
     <span class='ocr_line' id='line_1_74' title="bbox 1716 3849 2873 3919; baseline -0.001 -15"><span class='ocrx_word' id='word_1_382' title='bbox 1716 3850 1907 3919; x_wconf 83' lang='lat' dir='ltr'><strong>vones)</strong></span> <span class='ocrx_word' id='word_1_383' title='bbox 1942 3851 2155 3919; x_wconf 86' lang='lat' dir='ltr'><strong>primus</strong></span> <span class='ocrx_word' id='word_1_384' title='bbox 2204 3849 2453 3903; x_wconf 87' lang='lat' dir='ltr'><strong>instituit</strong></span> <span class='ocrx_word' id='word_1_385' title='bbox 2499 3849 2652 3903; x_wconf 73' lang='lat' dir='ltr'><strong>cinca</strong></span> <span class='ocrx_word' id='word_1_386' title='bbox 2688 3850 2873 3903; x_wconf 72' lang='lat' dir='ltr'><strong>novis-</strong></span> 
     </span>
     <span class='ocr_line' id='line_1_75' title="bbox 1716 3920 2873 3990; baseline 0 -15"><span class='ocrx_word' id='word_1_387' title='bbox 1716 3922 1921 3975; x_wconf 87' lang='lat' dir='ltr'><strong>simum</strong></span> <span class='ocrx_word' id='word_1_388' title='bbox 1965 3922 2269 3990; x_wconf 84' lang='lat' dir='ltr'><strong>piraticum</strong></span> <span class='ocrx_word' id='word_1_389' title='bbox 2324 3920 2535 3975; x_wconf 86' lang='lat' dir='ltr'><strong>bellum</strong></span> <span class='ocrx_word' id='word_1_390' title='bbox 2588 3920 2667 3974; x_wconf 81' lang='lat' dir='ltr'><strong>M.</strong></span> <span class='ocrx_word' id='word_1_391' title='bbox 2717 3920 2873 3975; x_wconf 78' lang='lat' dir='ltr'><strong>Aufi-</strong></span> 
     </span>
     <span class='ocr_line' id='line_1_76' title="bbox 1716 3992 2875 4061; baseline 0 -16"><span class='ocrx_word' id='word_1_392' title='bbox 1716 3992 1841 4047; x_wconf 85' lang='lat' dir='ltr'><strong>dius</strong></span> <span class='ocrx_word' id='word_1_393' title='bbox 1880 3992 2063 4047; x_wconf 88' lang='lat' dir='ltr'><strong>Lurco</strong></span> <span class='ocrx_word' id='word_1_394' title='bbox 2104 4008 2285 4061; x_wconf 82' lang='lat' dir='ltr'><strong>exque</strong></span> <span class='ocrx_word' id='word_1_395' title='bbox 2334 4009 2400 4045; x_wconf 90' lang='lat' dir='ltr'><strong>eo</strong></span> <span class='ocrx_word' id='word_1_396' title='bbox 2446 3998 2684 4061; x_wconf 81' lang='lat' dir='ltr'><strong>quaestu</strong></span> <span class='ocrx_word' id='word_1_397' title='bbox 2728 3992 2875 4047; x_wconf 85' lang='lat' dir='ltr'><strong>redi-</strong></span> 
     </span>
     <span class='ocr_line' id='line_1_77' title="bbox 1716 4064 2875 4133; baseline -0.001 -15"><span class='ocrx_word' id='word_1_398' title='bbox 1716 4070 1807 4118; x_wconf 91' lang='lat' dir='ltr'><strong>tus</strong></span> <span class='ocrx_word' id='word_1_399' title='bbox 1842 4064 2161 4118; x_wconf 86' lang='lat' dir='ltr'><strong>sestertium</strong></span> <span class='ocrx_word' id='word_1_400' title='bbox 2198 4080 2476 4133; x_wconf 78' lang='lat' dir='ltr'><strong>sexagena</strong></span> <span class='ocrx_word' id='word_1_401' title='bbox 2497 4064 2575 4117; x_wconf 83' lang='lat' dir='ltr'><strong>M.</strong></span> <span class='ocrx_word' id='word_1_402' title='bbox 2616 4064 2875 4119; x_wconf 82' lang='lat' dir='ltr'><strong>habuit.“</strong></span> 
     </span>
     <span class='ocr_line' id='line_1_78' title="bbox 1719 4134 2875 4204; baseline -0.001 -14"><span class='ocrx_word' id='word_1_403' title='bbox 1719 4166 1787 4175; x_wconf 92' lang='lat'><strong>--</strong></span> <span class='ocrx_word' id='word_1_404' title='bbox 1810 4135 2001 4191; x_wconf 75' lang='lat' dir='ltr'><strong>vacuis</strong></span> <span class='ocrx_word' id='word_1_405' title='bbox 2036 4135 2206 4204; x_wconf 77' lang='lat' dir='ltr'><strong>venis]</strong></span> <span class='ocrx_word' id='word_1_406' title='bbox 2243 4134 2535 4189; x_wconf 83' lang='lat' dir='ltr'><strong>stomacho</strong></span> <span class='ocrx_word' id='word_1_407' title='bbox 2572 4136 2783 4203; x_wconf 82' lang='lat' dir='ltr'><strong>ieiuno,</strong></span> <span class='ocrx_word' id='word_1_408' title='bbox 2810 4141 2875 4189; x_wconf 76' lang='lat' dir='ltr'><strong>ut</strong></span> 
     </span>
     <span class='ocr_line' id='line_1_79' title="bbox 1718 4206 2873 4276; baseline -0.001 -16"><span class='ocrx_word' id='word_1_409' title='bbox 1718 4208 1777 4260; x_wconf 90' lang='lat' dir='ltr'><strong>in</strong></span> <span class='ocrx_word' id='word_1_410' title='bbox 1813 4208 1977 4261; x_wconf 89' lang='lat' dir='ltr'><strong>initio</strong></span> <span class='ocrx_word' id='word_1_411' title='bbox 2018 4206 2243 4276; x_wconf 85' lang='lat' dir='ltr'><strong>prandii</strong></span> <span class='ocrx_word' id='word_1_412' title='bbox 2280 4206 2350 4261; x_wconf 86' lang='lat' dir='ltr'><strong>cf.</strong></span> <span class='ocrx_word' id='word_1_413' title='bbox 2390 4206 2506 4259; x_wconf 85' lang='lat' dir='ltr'><strong>Sat.</strong></span> <span class='ocrx_word' id='word_1_414' title='bbox 2542 4206 2615 4271; x_wconf 90' lang='lat'><strong>11,</strong></span> <span class='ocrx_word' id='word_1_415' title='bbox 2660 4210 2709 4271; x_wconf 79' lang='lat'><strong>3,</strong></span> <span class='ocrx_word' id='word_1_416' title='bbox 2759 4210 2873 4261; x_wconf 78' lang='lat'><strong>153.</strong></span> 
     </span>
     <span class='ocr_line' id='line_1_80' title="bbox 1718 4276 2869 4347; baseline -0.001 -16"><span class='ocrx_word' id='word_1_417' title='bbox 1718 4308 1789 4319; x_wconf 91' lang='lat'>—</span> <span class='ocrx_word' id='word_1_418' title='bbox 1826 4278 2123 4347; x_wconf 67' lang='lat' dir='ltr'><strong>prolueris]</strong></span> <span class='ocrx_word' id='word_1_419' title='bbox 2176 4278 2247 4331; x_wconf 80' lang='lat' dir='ltr'><strong>cf.</strong></span> <span class='ocrx_word' id='word_1_420' title='bbox 2300 4276 2414 4331; x_wconf 86' lang='lat' dir='ltr'><strong>Sat.</strong></span> <span class='ocrx_word' id='word_1_421' title='bbox 2464 4277 2509 4344; x_wconf 92' lang='grc' dir='ltr'><strong>Ι,</strong></span> <span class='ocrx_word' id='word_1_422' title='bbox 2560 4280 2612 4346; x_wconf 88' lang='lat'><strong>5,</strong></span> <span class='ocrx_word' id='word_1_423' title='bbox 2666 4279 2749 4331; x_wconf 80' lang='lat'><strong>16.</strong></span> <span class='ocrx_word' id='word_1_424' title='bbox 2804 4308 2869 4318; x_wconf 90' lang='lat'><em>-</em></span> 
     </span>
     <span class='ocr_line' id='line_1_81' title="bbox 1720 4349 2875 4421; baseline -0.002 -18"><span class='ocrx_word' id='word_1_425' title='bbox 1720 4350 1970 4421; x_wconf 76' lang='lat' dir='ltr'><strong>mitulus]</strong></span> <span class='ocrx_word' id='word_1_426' title='bbox 2020 4349 2289 4404; x_wconf 85' lang='lat' dir='ltr'><strong>conchula</strong></span> <span class='ocrx_word' id='word_1_427' title='bbox 2335 4349 2639 4404; x_wconf 83' lang='lat' dir='ltr'><strong>esculenta.</strong></span> <span class='ocrx_word' id='word_1_428' title='bbox 2736 4350 2875 4405; x_wconf 85' lang='lat' dir='ltr'><strong>Cels.</strong></span> 
     </span>
     <span class='ocr_line' id='line_1_82' title="bbox 1720 4421 2875 4489; baseline 0.001 -15"><span class='ocrx_word' id='word_1_429' title='bbox 1720 4421 1793 4488; x_wconf 90' lang='grc' dir='ltr'><strong>ΙΙ,</strong></span> <span class='ocrx_word' id='word_1_430' title='bbox 1848 4423 1941 4475; x_wconf 81' lang='lat'><strong>29:</strong></span> <span class='ocrx_word' id='word_1_431' title='bbox 2044 4421 2287 4489; x_wconf 81' lang='lat' dir='ltr'><strong>„Alvum</strong></span> <span class='ocrx_word' id='word_1_432' title='bbox 2344 4424 2577 4475; x_wconf 78' lang='lat' dir='ltr'><strong>movent</strong></span> <span class='ocrx_word' id='word_1_433' title='bbox 2628 4422 2875 4489; x_wconf 82' lang='lat' dir='ltr'><strong>cocleae,</strong></span> 
     </span>
     <span class='ocr_line' id='line_1_83' title="bbox 1718 4491 2873 4561; baseline 0 -14"><span class='ocrx_word' id='word_1_434' title='bbox 1718 4496 1923 4558; x_wconf 82' lang='lat' dir='ltr'><strong>ostrea,</strong></span> <span class='ocrx_word' id='word_1_435' title='bbox 1961 4491 2255 4561; x_wconf 83' lang='lat' dir='ltr'><strong>pelorides,</strong></span> <span class='ocrx_word' id='word_1_436' title='bbox 2298 4491 2505 4558; x_wconf 86' lang='lat' dir='ltr'><strong>echini,</strong></span> <span class='ocrx_word' id='word_1_437' title='bbox 2542 4492 2779 4547; x_wconf 82' lang='lat' dir='ltr'><strong>musculi</strong></span> <span class='ocrx_word' id='word_1_438' title='bbox 2812 4497 2873 4547; x_wconf 85' lang='lat' dir='ltr'><strong>et</strong></span> 
     </span>
     <span class='ocr_line' id='line_1_84' title="bbox 1722 4564 2871 4638; baseline 0 -19"><span class='ocrx_word' id='word_1_439' title='bbox 1722 4580 1912 4620; x_wconf 84' lang='lat' dir='ltr'><strong>omnes</strong></span> <span class='ocrx_word' id='word_1_440' title='bbox 1935 4564 2055 4621; x_wconf 80' lang='lat' dir='ltr'><strong>fere</strong></span> <span class='ocrx_word' id='word_1_441' title='bbox 2078 4564 2383 4621; x_wconf 82' lang='lat' dir='ltr'><strong>conchulae</strong></span> <span class='ocrx_word' id='word_1_442' title='bbox 2404 4564 2763 4638; x_wconf 82' lang='lat' dir='ltr'><strong>maximeque</strong></span> <span class='ocrx_word' id='word_1_443' title='bbox 2786 4566 2871 4620; x_wconf 81' lang='lat' dir='ltr'><strong>ius</strong></span> 
     </span>
    </p>
   </div>
  </div>
 </body>
</html>
