3092 5059
425 206 554 271 426

527 394 645 471 Ne
695 395 983 471 biberis
1039 396 1301 473 diluta.

1375 206 1879 275 SATIRARUM

1405 396 1625 472 Foris
1678 410 1791 473 est
1842 422 2181 498 promus,
2242 410 2317 471 et
2366 409 2617 473 atrum

528 519 972 597 Defendens
1025 523 1272 620 pisces
1326 524 1617 599 hiemat
1668 547 1915 599 mare:
1976 546 2143 598 cum
2200 521 2361 597 sale
2413 520 2637 621 panis

527 642 972 722 Lati-antem
1026 648 1498 724 stomachum
1545 648 1745 724 bene
1798 647 2053 723 leniet.
2145 646 2375 723 Unde
2418 659 2643 743 putas
2700 657 2839 719 aut

531 769 686 862 Qui
731 775 1083 869 partum?
1185 773 1360 849 Non
1413 774 1492 847 in
1545 798 1724 849 caro
1778 772 2053 849 nidore
2108 772 2463 869 voluptas

447 926 499 965 20
535 892 872 990 Summa,
927 895 1061 971 sed
1116 896 1196 971 in
1235 910 1312 972 te
1356 896 1523 994 ipso
1580 912 1717 973 est.
1812 897 1927 972 Tu
1979 896 2493 997 pulmentaria
2544 920 2839 995 quaere

532 1018 932 1097 Sudando:
985 1022 1357 1121 pinguem
1410 1022 1615 1098 vitiis
1671 1023 2091 1122 albumque
2145 1046 2397 1121 neque
2448 1034 2699 1097 ostrea

527 1145 690 1221 Nec
742 1172 1002 1222 scarus
1051 1160 1186 1223 aut
1228 1148 1518 1243 poterit
1566 1148 1975 1247 peregrina
2026 1148 2291 1223 iuvare
2339 1144 2609 1244 lagois.

529 1270 680 1347 Vix
731 1285 991 1347 tamen
1044 1272 1393 1368 eripiam,
1447 1273 1698 1370 posito
1753 1296 2053 1368 pavone
2104 1269 2296 1347 velis
2352 1271 2539 1369 quin

528 1396 704 1470 Hoc
754 1397 1004 1493 potius
1060 1422 1287 1497 quam
1333 1398 1629 1497 gallina
1678 1412 1983 1497 tergere
2032 1396 2400 1497 palatum,

445 1554 495 1595 π
532 1519 959 1620 Corruptus
1013 1523 1229 1597 vanis
1281 1548 1563 1614 rerum,
1619 1523 1799 1623 quia
1853 1536 2127 1599 veneat
2176 1546 2363 1599 auro

529 1646 729 1720 Rara
779 1646 940 1722 avis
995 1660 1068 1723 et
1119 1649 1324 1745 picta
1376 1647 1665 1745 pandat
1716 1647 2155 1745 spectacula
2208 1644 2473 1742 cauda,

531 1770 934 1870 Tanquam
963 1771 1062 1846 ad
1090 1798 1254 1850 rem
1285 1774 1609 1849 attineat
1637 1772 2074 1872 quicquam.
2108 1771 2310 1847 Num
2334 1771 2667 1847 vesceris
2690 1770 2843 1845 ista

533 1894 788 1987 Quam
837 1895 1108 1972 laudas
1156 1897 1466 1997 pluma?
1519 1912 1740 1973 cocto
1794 1924 1977 1973 num
2022 1896 2242 1971 adest
2290 1894 2541 1970 honor
2578 1894 2841 1971 idem?

535 2022 790 2100 Carne
843 2034 1098 2098 tamen
1146 2022 1494 2122 quamvis
1550 2022 1801 2118 distat,
1858 2021 1968 2096 nil
2020 2022 2163 2096 hac
2213 2022 2459 2118 magis
2513 2018 2675 2115 illa,

431 2274 609 2329 denae
649 2273 834 2330 librae
881 2276 1061 2331 mellis
1107 2275 1477 2331 addebantur.
1515 2304 1584 2316 -

433 2346 636 2416 atrum]
662 2348 923 2416 procellis
949 2348 1244 2418 agitatum.
1283 2347 1463 2402 Carm.
1487 2346 1588 2416 111,

432 2418 521 2483 27,
561 2419 643 2472 18.
701 2448 768 2457 —-
827 2418 1138 2487 latrantem]
1180 2418 1294 2473 Sat..
1332 2418 1406 2486 11,
1443 2420 1496 2487 8,
1535 2420 1587 2472 5.

434 2489 660 2544 Lucret.
699 2489 774 2551 ΙΙ,
799 2491 866 2543 17
879 2509 892 2542 :
929 2489 1122 2558 „Nihil
1161 2490 1314 2545 aliud
1351 2491 1458 2545 sibi
1492 2506 1588 2543 na·

433 2565 622 2615 turam
658 2562 868 2616 latrare
911 2562 1020 2615 nisi
1061 2566 1128 2615 ut
1165 2562 1307 2615 cet..“
1355 2590 1420 2601 -
1463 2562 1589 2631 pul-

431 2631 730 2701 montana]
797 2632 870 2686 ad
939 2634 1254 2703 exemplum
1314 2632 1590 2702 Socratis3

433 2704 533 2772 qni
569 2720 695 2758 cum
729 2720 906 2773 usque
943 2704 1014 2758 ad
1050 2708 1270 2759 noctem
1321 2704 1589 2773 spatiare·

435 2780 549 2842 tur,
585 2775 966 2846 interrogatus
996 2794 1030 2830 a
1055 2776 1317 2864 quodam,
1354 2793 1454 2829 cur
1483 2776 1593 2831 hoc

438 2846 666 2913 faceret,
703 2848 1020 2917 respondit:
1058 2858 1212 2915 οψον
1241 2842 1477 2916 συνάγω.
1517 2848 1589 2901 cf.

437 2918 618 2987 Epist.
658 2918 702 2985 I,
743 2920 825 2986 18,
863 2920 949 2974 48.
985 2919 1239 2989 Xenoph.
1267 2918 1468 2989 Cyrop-
1493 2918 1591 2987 IV,

436 2992 491 3058 4,
523 2992 576 3042 4.
626 2988 774 3058 VIII,
812 2992 864 3059 8,
901 2992 951 3045 5.
1003 3020 1068 3031 —
1111 2992 1375 3060 pinquem
1411 2990 1589 3060 vitiis]

437 3061 667 3115 luxuria
702 3062 996 3116 tumidum.
1033 3062 1105 3118 cf.
1142 3081 1194 3116 v.
1233 3064 1320 3116 77.
1358 3061 1508 3116 Pers.
1537 3064 1591 3128 3,

438 3133 534 3187 98:
578 3132 894 3203 „Tul-gidus
918 3134 1011 3189 hic
1035 3134 1215 3204 epulis
1251 3138 1422 3202 atque
1461 3134 1589 3187 albo

438 3207 636 3259 ventre
692 3205 960 3260 lavatus-‘⁴
1021 3234 1092 3245 —
1151 3205 1452 3274 ostiumque]
1517 3203 1591 3259 cf.

442 3276 620 3330 Germ.
657 3276 728 3341 11,
767 3280 818 3342 2,
855 3278 940 3331 15.
989 3306 1058 3318 —
1110 3276 1310 3347 ostrea]
1351 3276 1482 3331 vide
1521 3276 1593 3331 ad

441 3346 554 3401 Sat.
592 3346 636 3409 Ι,
673 3348 724 3414 8,
764 3350 850 3401 43.
915 3376 978 3387 -
1045 3348 1256 3417 scarus]
1311 3348 1592 3417 pretiosus

439 3418 624 3487 piscis,
681 3418 740 3471 in
795 3420 941 3473 mari
987 3419 1291 3489 Carpathio
1349 3420 1595 3474 maxime

442 3488 720 3557 frequens,
759 3494 1007 3545 ceterum
1043 3492 1286 3561 ignotus.
1321 3489 1502 3559 Epod.
1537 3492 1592 3559 2,

441 3562 526 3613 50.
585 3588 646 3599 -
710 3561 906 3631 laycis]
967 3562 1123 3629 „avis
1173 3578 1316 3631 quae
1367 3578 1593 3617 carnem

439 3632 638 3700 leporis
675 3632 882 3687 habere
917 3633 1298 3701 perhibetur.“
1373 3636 1540 3688 Acro.

512 3699 574 3755 V.
613 3705 700 3757 23.
739 3703 995 3774 eripiam]
1034 3704 1253 3773 poetice
1288 3721 1393 3774 pro
1427 3705 1591 3773 impe-

442 3774 608 3828 diam.
647 3774 715 3829 cf.
753 3774 964 3829 Tibull.
1000 3774 1043 3837 Ι,
1082 3778 1134 3843 9,
1160 3778 1253 3830 35:
1293 3775 1450 3844 „Illis
1487 3776 1591 3831 eri·

439 3862 620 3946 pereq‘
645 3846 838 3971 ing-bid
879 3846 1022 3972 πέἰίὴῖ
1067 3847 1469 3973 s1i111er41283oaeloP
1481 3847 1593 3901 Lu·

440 3934 582 3973 cere.
742 3936 798 3971 vi
843 3958 856 3971 .
967 3936 1038 3972 e.
1314 3942 1326 3973 ε
1473 3936 1593 3973 osse

441 3990 596 4059 loqui
633 3990 926 4059 eripstnrf‘
967 4019 1034 4028 —
1075 3960 1308 4060 mivone]
1348 3959 1424 4057 Q’.’
1449 3990 1593 4044 Hor·

441 4061 652 4115 tensius
723 4061 938 4129 primus
998 4060 1279 4116 Romanos
1341 4061 1595 4116 docuisse

441 4132 651 4188 dicitur
687 4148 932 4202 pavones
969 4132 1028 4187 in
1067 4150 1260 4187 mensa
1295 4150 1593 4202 apponere.

442 4204 557 4258 Sat.
598 4204 642 4271 Ι,
676 4206 728 4269 2,
773 4205 889 4257 116.
933 4232 1003 4244 -·
1056 4205 1218 4259 vanis
1262 4203 1467 4273 rernm]
1522 4203 1594 4259 cf.

445 4276 625 4330 Carm.
651 4274 746 4341 IV,
777 4276 863 4343 12,
892 4276 974 4329 19.
1011 4274 1125 4330 Sat.
1163 4276 1234 4337 H,
1272 4276 1324 4341 8,
1362 4277 1449 4329 83.
1485 4274 1592 4344 Ep.

442 4346 488 4414 I,
531 4347 614 4414 17,
650 4347 737 4398 21.
785 4376 852 4385 -
901 4346 1136 4401 attineat
1171 4346 1481 4415 quicquam]
1519 4364 1595 4401 sc.

442 4418 598 4488 picta
641 4417 834 4472 cauda.
881 4446 948 4457 —
1005 4432 1139 4471 num
1178 4416 1356 4485 adest]
1406 4416 1595 4472 hiatus

447 4506 482 4542 a
516 4492 685 4555 poeta
732 4487 1018 4542 admissus.
1070 4516 1138 4527 —
1187 4502 1352 4543 carne
1389 4488 1591 4559 tamen]

446 4559 632 4614 Locus
689 4557 1054 4613 difficillimus
1107 4562 1168 4615 et
1222 4559 1597 4615 diversissime

1682 2277 1961 2343 tentatus3
1998 2271 2279 2327 sententia
2302 2274 2495 2326 tamen
2519 2268 2757 2339 simplex
2782 2273 2847 2325 et

1682 2350 1903 2415 aperta:
1946 2343 2237 2413 „praefero
2260 2359 2537 2413 pavonem
2568 2341 2845 2413 gallinae;

1683 2418 1820 2473 cur?
1882 2418 2202 2487 plumarum
2264 2414 2562 2484 splendore
2623 2417 2846 2487 motus3

1686 2493 1747 2543 at
1782 2505 1919 2542 num
1954 2488 2193 2545 vesceris
2220 2487 2461 2556 plumis3
2498 2502 2631 2539 num
2667 2483 2848 2539 coctis

1682 2560 1991 2631 pavonibus
2029 2564 2087 2615 et.
2120 2559 2181 2612 in
2219 2574 2411 2613 mensa
2453 2556 2651 2627 positis
2689 2556 2845 2609 idem

1684 2632 1949 2702 splendor
1996 2637 2099 2699 est,
2156 2630 2257 2699 qui
2302 2634 2361 2683 te
2408 2632 2576 2683 antea
2623 2626 2847 2681 traxit?

1686 2704 1793 2759 Sed
1835 2703 2135 2760 discrimen
2174 2702 2346 2755 etiam
2392 2704 2477 2755 est
2522 2700 2726 2767 carnis,
2762 2698 2847 2752 in-

1685 2776 1829 2845 quis.
1899 2777 2004 2844 At,
2070 2773 2325 2845 quamvis
2386 2770 2691 2826 discrimen
2750 2770 2848 2837 sit,

1686 2846 1834 2916 quod
1873 2847 2213 2902 concedatur
2244 2847 2486 2913 oportet,
2522 2859 2635 2896 non
2672 2858 2847 2910 sapor

1685 2924 1788 2986 est,
1825 2919 1921 2987 qui
1961 2924 2018 2973 te
2054 2916 2255 2983 allicit,
2292 2915 2389 2969 sed
2424 2913 2621 2969 formis
2656 2918 2717 2967 te
2748 2912 2843 2966 de-

1686 2994 1910 3060 ceptum
1971 3006 2088 3045 esse
2140 2986 2351 3058 patetf‘
2434 2987 2631 3055 Itaque
2693 2984 2847 3038 hunc

1684 3065 1873 3116 statuo
1914 3062 2169 3116 ordinem
2208 3058 2537 3113 verborum:
2586 3056 2847 3126 quamvis

1687 3133 1863 3187 distat
1885 3133 2131 3203 gallinae
2156 3148 2287 3187 caro
2318 3148 2353 3184 a
2374 3128 2627 3199 pavonis,
2652 3132 2845 3181 tamen

1684 3203 1828 3259 nihil
1868 3204 2027 3274 (non)
2064 3204 2170 3258 hac
2208 3200 2493 3272 (pavonis)
2525 3200 2706 3269 magis
2742 3197 2847 3253 illa

1686 3275 1943 3346 (gallina,
1988 3275 2110 3345 sed)
2156 3272 2467 3343 imparibus
2512 3270 2712 3325 formis
2748 3269 2845 3324 de·

1684 3352 2027 3474 ζξίἶωαὲθ
2070 3364 2199 3473 εἳῖξῗ
2240 3342 2845 3483 ἑὲἶωῆιιέθζαῗᾱὲ

1684 3489 1843 3544 facili
1868 3435 2073 3560 genez
2108 3488 2291 3543 simile
2320 3434 2543 3559 offiium
2570 3500 2845 3567 assumas:

1687 3563 1943 3687 ‘³¹²3ss
1970 3556 2848 3689 ffiffiffssssffiuffifflffi

1726 3720 1791 3758 ac
1826 3706 2005 3775 magis
2043 3649 2235 3773 quaxnp
2246 3702 2347 3756 illa
2378 3668 2527 3772 (vide
2563 3700 2637 3755 ad
2658 3699 2846 3754 Carm.

1686 3773 2005 3841 1v,14,13)
2040 3780 2098 3830 te
2134 3779 2361 3843 captum
2395 3776 2573 3842 patet,
2610 3771 2709 3825 sed
2742 3771 2846 3825 im-

1688 3846 1921 3916 paribus
1958 3846 2155 3901 formis
2191 3846 2226 3899 i.
2266 3863 2312 3899 e.
2350 3844 2689 3914 plumarum,
2729 3841 2846 3895 for-

1687 3934 1815 3972 mae
1866 3916 2287 3987 pulchritudine
2335 3922 2394 3971 et
2448 3914 2635 3985 specie
2690 3912 2849 3969 dece-

1687 3994 1851 4060 ptum
1888 3990 2061 4044 esse.“
2132 3986 2447 4042 Meinekius
2496 3985 2849 4041 tenebricosa

1688 4061 1865 4114 verba
1888 4061 2044 4115 nullo
2067 4064 2233 4129 pacto
2270 4058 2545 4128 explicari
2580 4062 2686 4112 aut
2718 4074 2849 4126 pro-

1687 4131 1954 4187 babiliter
2014 4131 2299 4187 emendari
2374 4146 2539 4200 posse
2597 4129 2851 4195 censuit3

1686 4204 1879 4271 itaque
1905 4204 2039 4257 olim
2077 4202 2291 4272 aliquid
2328 4201 2601 4257 excidisse
2619 4199 2851 4270 putavit

1688 4276 1747 4328 in
1793 4273 1937 4328 hanc
1983 4274 2158 4329 ferme
2206 4273 2565 4328 sententiam:
2631 4271 2851 4340 „Carne

1688 4350 1895 4415 tamen,
1958 4345 2213 4415 quamvis
2274 4345 2450 4399 distat
2511 4343 2677 4411 nihil,
2744 4342 2849 4397 hac

1688 4416 1867 4487 magis
1922 4416 2023 4471 illa
2082 4416 2363 4480 Delectan-
2428 4414 2652 4484 pulch-i
2712 4412 2851 4484 quid

1694 4488 1855 4542 habet
1894 4488 2169 4543 Iunonius
2207 4489 2333 4543 alec.
2382 4486 2703 4556 Inparibus
2738 4483 2850 4539 foi*

1695 4558 1801 4614 mis
1836 4558 2130 4631 deceptum
2164 4564 2225 4617 te
2262 4558 2483 4630 patet;“
2518 4562 2721 4628 postea
2750 4572 2847 4612 au·
