3092 5059
1032 226 1215 297 ‘LIB.
1259 229 1343 295 II.
1390 228 1646 296 CARM.
1685 228 1760 291 V.

2491 224 2614 289 123

1147 446 1527 534 GARMEN
1589 448 1682 533 V.

614 615 976 691 Nondum
1034 615 1347 690 subacta
1399 614 1610 689 ferre
1661 614 1932 711 iugum
1984 610 2190 686 valet

614 740 959 831 cervice,
1014 740 1373 816 nondum'
1414 740 1680 815 munia
1732 736 2110 835 comparis

716 867 1078 965 Aequare
1129 891 1269 940 nec
1322 866 1525 941 tauri
1576 863 1866 939 ruentis

812 990 906 1066 In
958 1016 1315 1067 venerem
1372 989 1704 1065 tolerare
1754 987 2083 1089 pondus,

547 1172 573 1212 s
613 1140 841 1219 Circa
890 1142 1221 1217 virentes
1274 1152 1389 1215 est
1437 1139 1737 1215 animus
1791 1151 1970 1213 tuae

615 1265 949 1363 Campos
998 1267 1368 1341 iuvencae
1418 1290 1625 1339 nunc
1674 1262 1930 1338 fluviis
1982 1287 2298 1359 gravem

717 1388 1049 1466 Solantis
1097 1402 1413 1487 aestum,
1468 1414 1675 1465 nunc
1726 1388 1807 1463 in
1859 1387 2016 1463 udo

819 1515 1126 1592 Ludere
1180 1540 1355 1591 cum
1406 1515 1668 1591 vitulis
1722 1513 1989 1589 salicto

612 1667 1227 1765 Praegestientis.

1330 1666 1555 1743 Tolle
1609 1664 2050 1766 cupidinem

534 1826 584 1864 ιο
620 1792 951 1867 Immitis
1004 1816 1235 1866 uvae:
1292 1791 1445 1866 iam
1492 1792 1632 1865 tibi
1688 1790 1978 1889 lividos

712 1918 1150 2016 Distinguet
1201 1916 1640 1993 Autumnus
1692 1938 2037 1991 racemos

819 2044 1214 2138 Purpureo
1268 2046 1527 2117 varius
1581 2041 1865 2116 colore.

620 2193 788 2269 Iam
842 2208 918 2269 te
970 2204 1372 2292 sequetur:
1422 2191 1664 2267 currit
1712 2190 1918 2267 enim
1965 2190 2186 2266 ferox

618 2316 857 2394 Aetas
913 2331 989 2394 et
1035 2318 1152 2393 illi
1210 2344 1403 2417 quos
1455 2318 1598 2393 tibi
1648 2316 2070 2416 dempserit

532 2479 581 2517 ιε,
722 2444 1087 2543 Apponet
1138 2469 1416 2520 annos:
1468 2443 1625 2517 iam
1677 2452 2038 2541 proterva

818 2568 1104 2644 Fronte
1155 2580 1365 2669 petet
1408 2566 1701 2665 Lalage
1754 2567 2142 2659 maritum,

620 2716 938 2811 Dilecta,
992 2729 1363 2814 quantum
1417 2741 1572 2790 non
1628 2714 1920 2790 Pholoe·
1972 2716 2237 2811 fugaX,

616 2842 797 2919 Non
853 2842 1161 2921 Chloris
1216 2843 1395 2919 albo
1450 2844 1562 2918 sic
1611 2869 1875 2919 umero
1927 2843 2199 2939 nitens,

591 3125 877 3179 Carmen
913 3122 983 3181 V.

268 3226 573 3280 Incertum
612 3226 717 3289 est,
754 3226 949 3276 utrum
984 3222 1227 3277 amicum
1266 3221 1369 3274 ali-

198 3314 365 3365 quem
381 3314 461 3351 an
486 3312 555 3349 se
579 3293 765 3362 ipsum
791 3294 1110 3349 consoletur
1132 3294 1203 3347 de
1228 3293 1370 3346 dura

196 3386 291 3423 arr
448 3367 542 3423 tia
584 3365 809 3434 puellae
846 3366 1113 3420 ardenter
1150 3368 1369 3420 amatae

194 3441 291 3495 ned
330 3437 649 3510 fugientis:
698 3440 868 3505 atque
918 3454 983 3491 eo
1020 3438 1205 3491 utitur
1241 3453 1367 3489 con-

195 3511 501 3566 solationis
538 3525 751 3579 genere
786 3526 897 3577 quo
932 3510 1133 3578 vulpes
1183 3510 1243 3561 in
1286 3507 1367 3561 fa-

192 3583 339 3638 bula.
426 3581 593 3648 Quae
646 3596 771 3634 cum
818 3581 987 3635 altius
1032 3580 1365 3649 pendentem

191 3672 365 3711 uvam
404 3650 672 3708 saliendo
710 3651 971 3721 deripere
1005 3670 1119 3707 non
1154 3651 1368 3721 potuis-

191 3732 293 3793 set,
330 3724 583 3779 tandem
620 3723 731 3777 sibi
768 3724 889 3793 ipsa
939 3725 1223 3793 persuasit
1266 3723 1368 3776 im-

192 3802 487 3853 maturam
527 3812 653 3849 eam
689 3812 807 3849 esse
844 3796 1081 3851 necdum
1107 3796 1179 3850 ad
1205 3795 1368 3849 eden·

193 3870 331 3923 dum
366 3866 517 3923 satis
556 3866 779 3935 mitem3
826 3868 957 3923 dum
1008 3870 1367 3925 maturescat,

188 3942 330 3996 aliae
370 3954 505 3994 esse
542 3938 830 4007 petendas.
870 3940 955 3993 De
990 3939 1203 4009 Lalage
1238 3938 1369 3991 vide

191 4013 263 4067 ad
298 4012 500 4067 Carm.
538 4008 587 4076 1,
628 4011 708 4063 19.

264 4083 333 4137 V.
382 4081 587 4136 1—19.
666 4080 1003 4150 Metaphora
1056 4086 1279 4150 sumpta
1333 4100 1368 4135 a

194 4172 370 4210 vacca
398 4151 660 4207 nondum
693 4152 905 4219 adulta,
940 4154 1001 4206 in
1026 4154 1367 4221 antiquitate

192 4228 435 4293 usitata,
478 4242 515 4277 a
538 4224 749 4279 nostris
777 4225 1030 4281 moribus
1058 4224 1255 4279 aliena.
1294 4226 1366 4279 ef.

192 4298 383 4353 Carm.
420 4294 530 4361 m,
567 4297 652 4362 11,
676 4297 710 4348 9
736 4313 819 4365 sq.
858 4326 923 4334 —
964 4295 1259 4366 comparis]
1296 4297 1369 4351 ad

194 4368 349 4424 idem
374 4368 586 4437 iugum
607 4368 801 4425 vincti.
827 4368 1049 4439 iugalis.
1086 4368 1156 4423 cf.
1186 4368 1369 4423 Germ.

192 4440 236 4508 Ι,
262 4441 357 4507 33,
384 4440 475 4492 11.
501 4464 567 4477 -·
596 4439 849 4509 solantis]
876 4440 1135 4507 levantis,
1160 4440 1367 4494 exstin-

192 4512 449 4583 guentis.
506 4538 579 4550 —
632 4508 697 4564 V.
742 4513 825 4565 11.
890 4509 1227 4580 Autumnus]
1276 4512 1371 4566 hic

192 4598 487 4653 personae
536 4582 779 4637 formam
824 4582 1028 4649 induit,
1079 4587 1143 4638 ut
1185 4582 1368 4653 Epod.

1362 3129 1367 3134 .
1472 3084 1525 3149 2,
1570 3083 1661 3150 183
1708 3083 1940 3137 ineunte
1986 3086 2257 3137 autumno
2294 3096 2452 3145 uvae,
2488 3078 2627 3133 olim

1470 3154 1702 3221 virides,
1739 3154 1980 3219 variant,
2016 3154 2220 3207 sensim
2245 3154 2542 3207 transeunt
2568 3150 2628 3203 in

1470 3242 1821 3295 purpureum
1858 3225 2118 3282 colorem.
2149 3224 2300 3293 quod
2339 3226 2422 3276 est
2446 3224 2627 3275 matu·

1470 3297 1664 3351 ritatis
1699 3297 1946 3365 primum
1977 3296 2266 3350 indicium.
2328 3294 2467 3348 Cum
2501 3293 2627 3346 uvis

1472 3374 1530 3422 et
1579 3368 1856 3422 fructibus
1903 3367 2075 3421 etiam
2113 3364 2434 3421 Autumnus
2477 3364 2627 3418 colo-

1470 3456 1591 3495 rem
1629 3439 1789 3508 quasi
1827 3442 2028 3506 mutat,
2073 3456 2248 3507 quare
2283 3440 2344 3491 et
2377 3436 2498 3505 ipse
2533 3450 2627 3491 va·

1470 3512 1594 3567 rius
1622 3526 1904 3580 pum-pureo
1929 3510 2103 3565 colore
2127 3511 2354 3576 dicitur,
2380 3508 2434 3561 h.
2456 3524 2502 3561 e.
2531 3508 2627 3575 qui

1471 3584 1661 3638 varius
1721 3586 1806 3635 est
1851 3583 2194 3637 transeundo
2244 3600 2276 3635 a
2322 3579 2494 3633 viridi
2539 3596 2628 3633 co-

1470 3656 1591 3709 lore
1639 3655 1698 3707 in
1741 3670 2108 3723 purpureum.
2183 3652 2254 3708 cf.
2291 3651 2452 3705 Ovid.
2491 3650 2625 3705 Met.

1470 3727 1572 3793 111,
1610 3728 1716 3779 482
1752 3742 1870 3793 sqq.
1934 3725 2070 3779 Tria
2105 3724 2458 3779 substantiva
2499 3739 2624 3776 eum

1470 3798 1586 3852 suis
1645 3796 1941 3851 adiectivis
1997 3796 2299 3851 artificiose
2349 3794 2630 3864 disposuit

1470 3870 1578 3924 hoc
1613 3870 1892 3923 schemate

1470 3958 1620 3999 lividos
1651 3958 1877 3997 Autumnus
1903 3966 2083 3997 racemo·
2102 3958 2314 4003 Purpureo
2339 3956 2479 3995 varius
2495 3956 2632 3995 colore

1506 4024 2603 4167 Q

1470 4225 1545 4279 cf.
1587 4224 1844 4291 Carm.1,
1871 4224 1921 4292 9,
1958 4225 2023 4277 21
2065 4241 2147 4291 sq.
2186 4223 2287 4289 111,
2332 4224 2414 4289 11,
2451 4222 2522 4274 26
2547 4238 2626 4289 sq.

1469 4297 1541 4363 ΙΙ,
1586 4298 1672 4364 15,
1717 4298 1783 4349 14
1817 4313 1902 4363 sq.
1943 4324 2007 4335 --
2055 4294 2274 4363 lividos]
2311 4294 2627 4363 subnigros.

1474 4398 1535 4407 -
1575 4369 1736 4434 ferox
1781 4366 1954 4436 aetas]
2005 4369 2226 4434 tempus
2273 4364 2628 4427 indomitum,

1470 4440 1624 4508 quod
1645 4438 1861 4493 tardari
1891 4438 2104 4507 nequit.
2125 4466 2196 4477 --
2227 4436 2448 4506 Pholoe]
2478 4436 2628 4491 idem

1469 4527 1675 4565 nomen
1731 4510 1914 4564 cm.
1959 4510 2005 4573 1,
2054 4510 2144 4575 33,
2181 4512 2232 4563 7.
2304 4508 2406 4569 111,
2447 4510 2530 4577 15,
2568 4510 2627 4576 ’ἲς

1466 4583 1647 4653 fugax
1693 4582 1889 4636 eadem
1935 4598 2080 4651 quae
2117 4581 2164 4649 1,
2202 4580 2292 4649 33,
2327 4583 2362 4635 6
2409 4594 2627 4652 aspera.
