3092 5059
1098 241 1257 306 LIB.
1302 240 1389 306 11.
1434 239 1708 307 EPIST.
1753 240 1806 306 Ι.

2519 242 2646 306 579

344 431 655 506 Dictitet
706 428 1016 505 Albano
1068 431 1327 504 Musas
1379 428 1457 503 in
1520 442 1782 506 monte
1831 429 2147 504 locutas.

346 555 451 649 Si,
508 558 687 654 quia
742 555 1157 633 Graiorum
1214 569 1389 628 sunt
1439 554 1976 652 antiquissima
2027 577 2382 653 quaeque

342 679 649 776 Scripta
702 681 825 758 vel
880 683 1193 779 optima,
1246 681 1580 756 Romani
1631 694 2051 778 pensantur
2103 681 2372 756 eadem

255 841 309 880 ao
346 803 776 903 Scriptores
829 805 1141 900 trutina,
1196 830 1351 880 non
1404 819 1521 880 est
1574 803 1782 904 quod
1835 806 2080 882 multa
2127 805 2576 904 loquamur:

339 930 469 1006 Nil
520 931 724 1006 intra
776 945 889 1008 est
940 931 1215 1025 oleam,
1264 930 1373 1005 nil
1426 945 1642 1006 extra
1694 944 1809 1006 est
1857 932 1937 1006 in
1990 956 2190 1006 nuce
2241 929 2450 1024 duri3

338 1055 709 1132 Venimus
762 1055 862 1131 ad
914 1081 1301 1131 summum
1352 1053 1735 1152 fortunae,
1790 1056 2180 1154 pingimus
2234 1068 2466 1153 atque

342 1180 747 1256 Psallimus
795 1194 871 1257 et
920 1181 1299 1257 luctamur
1352 1180 1674 1256 Achivis
1726 1179 2028 1256 doctius
2081 1181 2350 1256 unctis.

340 1307 419 1384 Si
471 1307 799 1384 meliora
854 1307 1041 1402 dies,
1098 1321 1184 1383 ut
1240 1307 1440 1402 vina,
1495 1319 1858 1406 poemata
1907 1304 2188 1399 reddit,
2311 1393 2324 1405 ·

256 1465 311 1506 aa
343 1432 556 1509 Scire
608 1431 869 1529 velim,
926 1431 1211 1508 chartis
1260 1434 1594 1530 pretium
1651 1445 1932 1531 quotus
1985 1444 2300 1528 arroget
2347 1455 2614 1508 annus.

346 1556 695 1658 Scriptor
744 1557 1029 1634 abhinc
1080 1583 1323 1634 annos
1379 1571 1684 1635 centum
1741 1559 1878 1658 qui
1930 1555 2237 1652 decidit,
2292 1556 2496 1631 inter

341 1682 735 1757 Perfectos
788 1695 1243 1781 veteresque
1296 1683 1578 1759 referri
1629 1683 1860 1760 debet
1909 1709 2010 1758 an
2061 1683 2265 1757 inter

349 1806 563 1883 Viles
616 1821 851 1907 atque
900 1809 1193 1884 novos?
1294 1808 1672 1884 Excludat
1720 1808 1972 1907 iurgia
2020 1806 2216 1882 finis.

346 1931 529 2029 „Est
580 1945 797 2009 vetus
850 1948 1083 2033 atque
1126 1935 1439 2034 probus,
1480 1947 1788 2010 centum
1829 1935 1967 2033 qui
2000 1932 2303 2030 perficit
2335 1927 2650 2008 annos.“

268 2094 320 2133 ιο
357 2057 618 2150 Quid?
671 2058 805 2157 qui
860 2057 1194 2154 deperiit
1240 2059 1497 2133 minor
1551 2082 1703 2134 uno
1758 2084 2021 2135 mense
2072 2059 2198 2135 vel
2251 2083 2476 2153 ann0,

236 2297 393 2364 (libri
411 2297 687 2368 pontificii
718 2297 808 2352 od.
834 2299 1209 2370 pontificum),
1229 2300 1395 2356 theils

242 2371 422 2426 durch
435 2368 935 2442 Aufzeichnungen
955 2371 1395 2427 vonVorkomm-

241 2443 428 2497 nissen
472 2447 668 2497 staats·
726 2443 841 2496 und
880 2443 1399 2498 sacralrechtlicher

240 2515 372 2576 Art,
409 2513 619 2569 welche
654 2515 737 2568 als
759 2514 1059 2584 Vorgange
1096 2515 1188 2568 fiir
1231 2515 1394 2570 kfinf·

241 2586 289 2640 ti
332 2603 361 2640 e
386 2585 545 2640 Fano,
565 2585 793 2640 dienten
821 2587 1233 2654 (commentarii
1259 2605 1394 2656 pon-

238 2657 285 2711 ti
331 2657 532 2726 cum).“
608 2657 679 2712 cf.
726 2657 836 2712 Cic.
891 2657 961 2712 de
1016 2663 1159 2712 orat.
1214 2657 1259 2726 Ι,
1307 2661 1395 2712 43.

242 2727 475 2797 Quintil.
514 2728 668 2790 VIII,
704 2731 757 2796 2,
799 2731 894 2782 12:
946 2730 1289 2798 „obscuritas
1330 2729 1399 2785 fit

241 2801 414 2854 etiam
464 2800 653 2854 verbis
700 2801 770 2854 ab
823 2818 927 2855 usu
977 2803 1206 2856 remotis
1244 2807 1308 2856 ut
1350 2802 1396 2856 si

241 2871 670 2926 commentarios
696 2873 821 2940 quis
846 2873 1177 2942 pontificum
1214 2877 1273 2927 et
1308 2890 1394 2927 ve-

240 2942 553 2996 tustissima
590 2941 818 2998 foedera
853 2949 911 2998 et
953 2945 1199 3000 exoletos
1246 2963 1396 2998 scru-

241 3017 395 3068 tatus
422 3019 679 3068 auctores
710 3015 765 3069 id
786 3016 965 3085 ipsum
984 3021 1143 3085 petat
1164 3056 1178 3069 .
1200 3057 1212 3070 .
1247 3015 1398 3085 quod

238 3103 353 3139 non
372 3085 775 3156 intellegitur.“
802 3117 865 3125 —
896 3087 1170 3142 volumina
1193 3087 1396 3156 vatum]

238 3161 371 3210 sunt
408 3154 833 3226 libri'vaticini,
876 3157 1116 3228 fatidici,
1157 3177 1397 3228 quorum

237 3229 479 3283 lectione
514 3229 757 3298 populus
796 3229 1201 3286 delectabatur.
1272 3231 1395 3285 Liv.

244 3299 419 3362 XXV,
466 3303 487 3353 l
532 3306 673 3355 extr.
720 3301 855 3362 ibid.
904 3303 981 3354 12.
1059 3301 1395 3372 porphyrio:

243 3369 509 3440 „Veteres
544 3371 721 3427 libros
740 3372 941 3426 Marcii
965 3374 1111 3427 vatis
1132 3371 1397 3444 Sibyllae-

241 3461 352 3512 que
389 3447 447 3498 81
483 3442 804 3498 similium.“
872 3443 1177 3512 Symmach.
1217 3445 1396 3514 Epist.

242 3513 337 3583 IV,
379 3517 475 3569 34:
516 3513 628 3582 „Et
664 3515 1005 3570 Marciorum
1044 3517 1269 3584 quidem
1307 3535 1397 3570 va-

243 3591 367 3640 tum
403 3585 677 3641 divinatio
717 3587 939 3642 carduois
979 3588 1280 3642 corticibus
1316 3589 1398 3640 in-

242 3658 465 3715 culcata
499 3659 636 3711 est.‘·
693 3658 777 3713 De
814 3665 945 3714 vate
982 3659 1196 3714 Marcio
1234 3664 1291 3714 et
1329 3660 1399 3713 (18

241 3729 584 3784 carminibus
604 3729 908 3784 Marcianis
930 3731 1053 3802 lege
1072 3731 1198 3784 Liv.
1224 3730 1399 3794 XXV,

248 3804 331 3854 12.
374 3830 439 3840 -
478 3801 715 3872 Albano]
752 3801 953 3857 festive
990 3803 1233 3872 dictum3
1270 3820 1399 3856 nam

244 3873 343 3942 qui
392 3876 585 3927 vetera
629 3874 729 3927 illa
772 3874 1051 3934 amabant,
1100 3875 1168 3928 iis
1208 3875 1399 3928 Musae

246 3945 306 3998 in
326 3943 550 3998 Albano
586 3951 794 4014 monte,
830 3963 941 4000 non
978 3947 1037 4000 in
1058 3945 1305 4000 Parnaso
1344 3949 1399 4000 et

244 4013 513 4070 Helicone
548 4017 705 4070 sedes
741 4035 867 4072 suas
902 4017 1103 4072 habere
1136 4018 1397 4072 videban-

245 4092 355 4141 tur.
408 4117 473 4125 —
522 4085 843 4159 Graiorum]
885 4087 978 4144 Sic
1022 4108 1091 4144 ex
1128 4089 1397 4158 antiquis-

250 4159 389 4212 simo
430 4158 549 4213 cod.
577 4159 773 4214 Bland.
798 4161 983 4230 Cruq.,
1020 4159 1236 4215 duobus
1262 4160 1397 4214 Tor-

243 4230 435 4298 rentii,
472 4231 700 4301 egregio
735 4248 844 4284 uno
864 4231 1103 4299 Bentlei‚
1141 4249 1251 4286 uno
1274 4231 1399 4286 Pul-

246 4302 437 4356 manni
477 4317 605 4356 cum
641 4301 897 4356 Bentleio
934 4303 1148 4371 scripsi.
1195 4303 1400 4372 reliqui

247 4371 593 4439 Graecorum,
612 4373 760 4442 quod
778 4375 1168 4443 praetulerunt
1190 4375 1397 4429 Keller.

246 4443 487 4514 Kriiger.
526 4445 808 4499 Eckstein.
854 4445 1125 4500 Meineke.
1166 4445 1396 4515 Ritter.;

246 4533 362 4569 non
401 4515 621 4571 Miiller.
674 4522 773 4570 aut
806 4515 1037 4572 Linker.
1088 4517 1184 4572 sed
1222 4517 1292 4572 cf.
1332 4517 1403 4572 ad

247 4587 431 4641 Carm.
470 4587 543 4656 11,
580 4589 633 4656 4,
676 4587 756 4643 12.
804 4618 869 4638 —.-
924 4589 1009 4644 m'l
1046 4589 1224 4657 intra]
1264 4589 1404 4659 „Ne-

1492 2303 1634 2372 gant
1684 2299 2000 2368 manifesta,
2051 2317 2182 2354 nam
2229 2303 2451 2354 constat
2501 2299 2652 2354 intra

1493 2373 1676 2426 oleam
1698 2376 1756 2426 et
1779 2376 1944 2426 extra
1963 2387 2162 2426 nucem
2186 2388 2306 2425 esse
2325 2370 2648 2425 duritiam.“

1493 2442 1701 2514 Porph.
1740 2443 1807 2497 In
1845 2461 1954 2513 quo
1994 2442 2116 2498 loco
2154 2443 2270 2496 noli
2309 2441 2517 2496 offendi
2555 2461 2646 2497 va·

1493 2516 1642 2569 riata
1696 2515 2110 2570 constructione
2165 2515 2317 2568 intra
2374 2515 2544 2568 oleam
2593 2518 2650 2567 et

1492 2593 1650 2642 extra
1683 2588 1747 2640 in
1769 2602 1931 2655 κνοω
1971 2585 2121 2654 quod
2140 2585 2396 2640 Bentleio
2427 2585 2652 2648 accidit,

1494 2659 1592 2728 qui
1633 2659 1753 2713 olea
1807 2659 1842 2712 i.
1880 2676 1926 2712 8.
1975 2659 2033 2711 111
2082 2657 2208 2713 0188
2258 2657 2652 2727 corrigendum

1493 2747 1612 2785 esse
1655 2730 1914 2798 putavit3
1965 2747 2093 2783 eum
2139 2729 2314 2784 secuti
2354 2735 2486 2783 sunt
2521 2729 2649 2782 Kel-

1491 2802 1594 2856 ler.
1650 2801 1892 2870 (Epileg.
1935 2818 1988 2870 p.
2037 2801 2167 2868 699)
2213 2799 2452 2872 Kriiger.
2507 2800 2650 2854 Eck·

1494 2874 1676 2937 stein„
1719 2873 1818 2942 qui
1855 2890 1979 2927 cum
2019 2871 2262 2926 Miillero
2307 2872 2534 2940 scripsit
2567 2872 2650 2924 in-

1494 2949 1637 2999 trast
1674 2945 1811 2998 olea.
1881 2943 2173 3010 Sententia
2211 2943 2350 2998 haec
2384 2947 2495 2997 est:
2556 2942 2652 3011 qui

1496 3014 1776 3084 adfirmat,
1850 3014 2232 3070 Romanorum
2313 3016 2652 3083 scriptorum

1493 3086 1728 3142 eandem
1765 3104 1882 3142 esse
1922 3087 2198 3141 rationem
2225 3104 2392 3156 quam
2415 3085 2651 3141 Graeco·

1493 3177 1640 3227 rum,
1677 3159 1728 3213 ei
1767 3157 1936 3213 etiam
1985 3157 2354 3213 insulsissima
2400 3175 2654 3228 quaeque

1494 3231 1834 3302 coniungere
1889 3235 1947 3284 81
2000 3228 2302 3285 falsissima
2356 3228 2654 3284 adfirmare

1496 3303 1706 3364 licebit.
1747 3307 1918 3371 atque
1956 3303 2094 3357 adeo
2127 3302 2332 3366 dicere,
2371 3301 2652 3357 Romanos

1496 3375 1754 3429 omnibus
1802 3373 2020 3428 artibus
2059 3373 2284 3428 Graecis
2332 3390 2449 3427 esse
2493 3391 2651 3443 supe·

1494 3445 1690 3500 riores.
1745 3475 1809 3486 —-
1859 3445 2123 3514 venimus]
2160 3445 2376 3499 Eodem
2413 3445 2536 3499 iure
2573 3445 2654 3498 di·

1496 3517 2022 3642 ffriibu‘ssuiffl‘ssfflss
2065 3517 2382 3657 {3333322
2395 3517 2656 3656 0ωέἐὲἓὲ

1497 3661 1798 3729 quicquam
1821 3677 1937 3716 esse
1964 3659 2114 3729 quod
2131 3659 2412 3715 Romanos
2442 3659 2655 3714 discere

1496 3731 1707 3785 (188881.
1753 3731 1967 3786 Deinde
1997 3731 2263 3786 Horatius
2303 3732 2476 3786 sorite
2523 3748 2652 3785 usus

1496 3803 1574 3871 (v.
1617 3803 1854 3872 34—-49)
1899 3803 2146 3858 ostendit
2196 3820 2364 3872 quam
2412 3802 2656 3858 absurda

1496 3873 1950 3943 antiquariorum
1994 3875 2069 3928 sit
2115 3875 2411 3928 sententia.
2451 3905 2512 3913 —
2554 3891 2656 3928 un-

1494 3946 1627 4014 ctis]
1664 3946 1892 4016 proprie
1926 3945 1995 4000 de
2031 3945 2398 4008 luctantibus,
2438 3945 2536 4000 sed
2573 3947 2654 4000 ita

1494 4020 1741 4087 positum
1778 4023 1864 4070 881
1887 4018 2242 4086 vocabulum,
2278 4022 2344 4070 ut
2381 4022 2653 4086 perpetua

1497 4088 1840 4144 Graecorum
1874 4089 1934 4142 in
1972 4089 2204 4159 reliquis
2230 4090 2402 4144 etiam
2439 4089 2656 4142 artibus

1495 4161 1826 4215 exercitatio
1890 4160 2239 4215 inlustretur.
2305 4190 2370 4200 —
2445 4159 2655 4215 chartis

1492 4232 1750 4300 pretium]
1825 4231 1916 4286 Sic
1984 4231 2272 4302 antiquiss.
2336 4231 2534 4286 Bland.
2599 4237 2656 4285 et

1496 4301 1734 4359 Tonsan.
1782 4303 2044 4373 Gruquii3
2105 4303 2256 4374 quod
2303 4321 2403 4358 cur
2455 4303 2654 4358 melius

1496 4375 1573 4430 sit
1610 4393 1778 4444 quam
1811 4375 2050 4430 aliorum
2085 4375 2318 4446 pretium
2341 4373 2564 4443 elladi-3,
2597 4374 2656 4428 in

1496 4451 1764 4516 promptu
1822 4452 1921 4501 881.
1979 4477 2046 4486 -
2105 4445 2342 4570 arroget]
2399 4446 2654 4516 legitime

1498 4519 1798 4586 attribuat,
1854 4522 1918 4573 ut
1966 4517 2145 4572 Carm.
2195 4517 2222 4570 1
2276 4558 2290 4585 ‚
2332 4519 2417 4586 14,
2462 4521 2551 4573 40.
2585 4549 2650 4558 —

1499 4589 1728 4658 decidit]
1777 4589 1959 4646 Oarm.
1998 4589 2092 4660 IV,
2127 4593 2180 4654 7,
2223 4592 2304 4644 14.
2358 4618 2426 4629 -
2481 4589 2655 4646 exclu-
