3092 5059
1006 242 1165 311 LIB.
1208 247 1257 313 1.
1310 245 1564 313 CARM.
1605 248 1878 315 XXXV.

2527 252 2648 319 105

567 467 616 506 1⁰
652 430 1061 532 Urbesque
1111 446 1533 533 gentesque
1588 447 1666 510 et
1715 435 2022 514 Latium
2075 438 2298 515 ferox

742 558 1200 658 Regumque
1250 572 1531 635 matres
1585 561 2092 639 barbarorum
2145 576 2221 639 et

847 681 1230 784 Purpurei
1280 696 1634 760 metuunt
1682 689 2008 785 tyranni,

648 832 1033 909 Iniurioso
1091 858 1189 909 ne
1240 834 1443 935 pede
1491 862 1815 933 proruas

651 960 993 1038 Stantem
1049 959 1512 1055 columnam,
1564 988 1715 1039 neu
1766 964 2100 1064 populus
2153 966 2516 1065 frequens

569 1120 617 1162 ιε
750 1084 877 1161 Ad
929 1111 1145 1161 arma
1198 1097 1599 1183 cessantes,
1652 1086 1753 1163 ad
1803 1114 2022 1173 arma

848 1208 1197 1289 Concitet
1238 1209 1812 1311 imperiumque
1863 1214 2193 1311 frangat.

648 1363 759 1438 Te
804 1385 1110 1460 semper
1160 1360 1401 1436 anteit
1450 1385 1682 1437 saeva
1730 1361 2161 1437 Necessitas

650 1488 929 1567 Clavos
982 1484 1317 1562 trabales
1372 1498 1449 1561 et
1499 1510 1784 1562 cuneos
1837 1514 2068 1563 manu

746 1611 1073 1689 Gestans
1124 1624 1340 1707 aena,
1394 1634 1536 1686 nec
1589 1636 1898 1687 severus

564 1773 615 1813 ιο
844 1736 1100 1815 Uncus
1153 1736 1369 1811 abest
1418 1736 1960 1837 liquidumque
2010 1738 2446 1836 plumbum.

645 1888 757 1963 Te
803 1884 993 1985 Spes
1047 1900 1123 1962 et
1171 1885 1353 1962 albo
1405 1912 1582 1962 rara
1631 1884 1864 1961 Fides
1918 1886 2100 1963 colit

236 2101 645 2159 mercaturam,
688 2096 763 2151 cf.
798 2095 977 2151 Carm.
1012 2095 1115 2163 111,
1152 2095 1205 2163 7,
1239 2098 1291 2151 3.
1352 2096 1416 2171 1.

239 2173 288 2234 1,
332 2173 423 2225 18.
492 2168 685 2238 11:1„e
729 2170 818 2222 81.
874 2134 1416 2237 -proruy’s'JCur

234 2242 319 2297 ita
382 2241 762 2312 appellentur,
835 2240 1015 2294 discas
1084 2256 1154 2293 ex
1216 2238 1397 2293 Carm.

232 2312 471 2452 ΙῙΙΙ,,,24
507 2314 659 2381 Bsq.
710 2309 1397 2381 —et]videad0arm.

308 2456 377 2511 V.
422 2457 509 2509 14.
544 2453 729 2524 Stare]
771 2453 843 2509 de
878 2453 1145 2509 aedificiis
1180 2456 1397 2509 exstru-

242 2526 345 2582 ctis
391 2532 453 2583 et
502 2525 784 2597 perfectis,
824 2531 889 2580 ιιι
926 2524 1396 2592 Ovid.Met.111‚

248 2600 367 2652 131.
442 2598 543 2667 XI,
592 2599 719 2653 205.
790 2597 1063 2654 Columna
1110 2596 1397 2651 firmitatis

244 2670 473 2741 signum
509 2674 595 2725 est
631 2675 688 2724 et
718 2668 1161 2725 dominationem
1195 2667 1395 2723 firmis-

241 2743 447 2797 simam
490 2740 857 2796 indicat.1n
908 2741 1153 2810 antiquis
1200 2758 1396 2795 monu-

242 2814 451 2869 mentis
508 2813 660 2883 Paci,
728 2812 1049 2875 Securitati,
1109 2811 1397 2867 Felicitati

238 2887 507 2941 columna
562 2853 807 2940 additur.
885 2884 1005 2939 Iam
1060 2901 1202 2952 quae
1254 2884 1396 2939 inse·

240 2962 499 3026 quuntur
544 2973 649 3011 neu
692 2972 825 3027 pop.
871 2956 1007 3024 freq.
1066 2955 1211 3009 nihil
1260 2956 1395 3011 novi

240 3030 481 3096 addunt,
514 3027 611 3083 sed
630 3028 941 3082 Horatiano
974 3042 1133 3082 more
1164 3028 1396 3082 eandem

241 3118 371 3156 rem
406 3100 632 3154 uberius
668 3100 1017 3155 collustrant.
1055 3128 1120 3139 —
1156 3100 1398 3168 populus

238 3170 521 3241 frequens]
568 3187 683 3225 non
717 3170 965 3254 plurima
1003 3187 1137 3240 pars
1182 3171 1395 3240 populi,

238 3244 343 3297 sed
400 3242 705 3297 multitudo
752 3243 1166 3298 concitatorum
1219 3242 1395 3298 homi·

238 3332 383 3369 num
426 3314 671 3383 reliquos
720 3314 1133 3398 exagitantium
1180 3313 1251 3369 ad
1311 3331 1395 3367 ar·

240 3403 451 3456 maque
498 3386 839 3469 vocantium.
912 3385 1059 3440 Dein
1114 3384 1189 3439 ad
1240 3400 1399 3441 arma

238 3460 329 3514 bie
376 3458 625 3542 positum
668 3460 755 3513 est
796 3458 857 3511 in
902 3456 1219 3511 illustribus
1258 3457 1397 3511 locis

239 3531 302 3600 (i.
342 3546 393 3584 e.
432 3531 493 3583 in
528 3529 717 3598 prima
750 3534 809 3583 et
843 3533 1097 3584 extrema
1120 3528 1250 3582 sede
1274 3546 1395 3583 ver·

238 3606 377 3667 sus),
399 3606 463 3656 ut
498 3601 803 3671 repetitum
840 3617 907 3655 ac
935 3599 1251 3653 terribilem
1287 3599 1397 3653 cla·

238 3690 462 3728 morem
508 3672 618 3742 ipsi
656 3672 727 3726 ad
763 3671 1069 3726 tumultum
1104 3672 1264 3740 quasi
1302 3670 1396 3725 ad-

238 3744 400 3799 missi
439 3744 745 3812 audiamus,
784 3743 853 3798 cf.
892 3741 1055 3799 Ovid.
1095 3688 1231 3797 Met.
1268 3741 1394 3806 XII,

242 3816 374 3869 241.
413 3814 507 3877 XI,
544 3816 652 3869 377
688 3832 715 3869 s

316 3885 385 3941 V.
433 3889 513 3941 17.
575 3832 769 3956 saevq]
826 3886 939 3941 Pro
998 3885 1235 3955 vulgata
1292 3884 1398 3940 hao

238 3958 527 4085 {eruptura
570 3958 737 4084 ιΐὲιιξξι
786 3962 845 4013 et
884 3956 1260 4097 ιιιιιιᾳιὲιὲειιιιι
1306 3973 1398 4082 cot

286 4046 399 4084 ices
482 4046 581 4084 rae
760 4046 931 4093 serva,
1021 4045 1058 4082 ιι
1168 4046 1293 4082 cum
1339 4045 1371 4082 e

242 4047 765 4169 antiquissimorum
792 4101 1049 4155 codicum
1084 4098 1397 4153 adnotatio·

238 4172 411 4227 nibus
464 4176 523 4227 et
574 4172 1005 4227 scholiastes-um
1062 4170 1399 4226 auctoritate

244 4243 689 4313 commendetur,
708 4243 945 4299 fortasse
955 4245 1209 4312 praestat
1232 4242 1398 4297 alteri

243 4320 303 4371 et
346 4334 381 4371 a
423 4315 663 4371 Mullero
712 4320 1001 4385 receptum
1052 4318 1157 4381 est,
1208 4331 1323 4368 non
1366 4331 1401 4368 a

242 4388 489 4455 Kellero,
514 4386 861 4457 Eoksteinio,
900 4386 1177 4443 Schiitzio.
1172 4384 1375 4473 quan

248 4476 415 4529 quam
434 4460 755 4531 comparari
778 4459 949 4515 debet
970 4454 1199 4527 κρατερὴ
1232 4452 1399 4543 ardy-

243 4550 311 4597 κη
368 4532 557 4601 (Ηοιιι.
606 4530 707 4586 Od.
754 4530 826 4599 X,
859 4530 991 4601 273)
1039 4534 1099 4585 et
1144 4524 1297 4595 δεινὴ
1342 4532 1401 4583 et

246 4603 400 4675 apud
432 4601 633 4659 Horat.
665 4603 769 4673 ΠΙ,
803 4572 891 4671 '24,
928 4602 963 4655 6
1011 4600 1143 4656 dira
1177 4600 1401 4657 necessi·

1497 2098 1604 2149 tae.
1688 2093 1950 2149 Ceterum
2001 2094 2334 2151 Lambinust
2395 2098 2647 2163 „intelle-

1567 2165 1743 2221 ndum
1781 2170 1882 2235 est,
1911 2167 2050 2223 haec
2085 2167 2256 2223 fuisse
2274 2168 2438 2223 Antii
2472 2168 2532 2223 in
2565 2174 2648 2225 ta-

1538 2238 1636 2293 ula
1687 2238 1929 2308 depicta,
1992 2256 2138 2308 quae
2189 2256 2340 2295 nunc
2381 2240 2648 2297 Horatius

1499 2308 1662 2363 nobis
1689 2308 2085 2379 pulcherrimis
2113 2312 2365 2367 versibus
2390 2330 2652 2382 expressa

1498 2382 1821 2451 proponit.“
1857 2381 1996 2437 lsuit
2019 2382 2208 2466 etiam,
2225 2385 2324 2454 qui
2349 2383 2420 2439 de
2441 2402 2652 2455 pompa

1498 2453 1756 2507 sollemni
1925 2454 2108 2523 taret,
2160 2454 2219 2508 ιιι
2266 2473 2378 2525 qua
2431 2460 2650 2512 statuae

1498 2524 1876 2586 Necessitatis,
1951 2530 2202 2595 ortunae,
2239 2526 2316 2597 Sp
2317 2526 2372 2581 ei
2407 2530 2466 2581 et
2489 2527 2650 2583 Fidei

1498 2600 1881 2666 portarentur,
1918 2598 2000 2653 ita
2035 2602 2101 2653 ιιι
2121 2598 2432 2653 Fortunam
2449 2599 2649 2655 Neces-

1496 2670 1636 2723 sitas
1673 2670 1938 2739 praeiret,
1975 2668 2110 2739 Spes
2145 2670 2352 2741 Fidesq
2353 2688 2424 2725 ue
2458 2688 2649 2741 seque-

1497 2744 1708 2795 rentur.
1751 2770 1819 2781 —
1850 2741 2026 2797 clavos
2059 2690 2352 2812 trabalesjq
2358 2742 2434 2797 Hi
2471 2747 2531 2798 et
2563 2760 2649 2797 re-

1498 2812 1673 2881 liqua,
1733 2830 1878 2882 quae
1918 2812 2250 2869 Necessitati
2302 2813 2652 2883 tribuuntur,

1500 2884 1826 2954 exprimunt
1873 2882 2202 2939 firmitatem
2257 2902 2323 2940 ac
2372 2886 2650 2941 stabilita-

1500 2959 1632 3009 tem.
1688 2955 1760 3011 cf.
1799 2956 1980 3011 Cam.
2017 2956 2118 3018 ΠΙ,
2156 2957 2244 3019 24,
2285 2958 2336 3010 7.
2408 2957 2652 3012 Namin

1496 3026 1864 3097 proverbium
1900 3027 2072 3081 etiam
2108 2998 2337 3082 transiit
2359 3028 2510 3083 clam
2535 3034 2649 3085 tra-

1497 3098 1612 3153 bah·
1641 3098 1804 3167 ἦρσε
1839 3097 2074 3168 aliquid,
2119 3115 2229 3167 quo
2277 3099 2651 3155 certissimum

1500 3169 1716 3239 aliquid
1777 3187 1896 3225 esse
1959 3169 2322 3225 indicaretur.
2401 3170 2477 3225 cf.
2536 3170 2649 3228 Cic.

1499 3241 1658 3296 Verr.
1682 3242 1756 3308 Π,
1791 3243 1844 3310 5,
1881 3243 1974 3295 21:
2011 3242 2128 3307 „Ut
2161 3242 2270 3297 hoc
2301 3240 2650 3308 beneficium,

1539 3282 1970 3368 nemadmo’dum
1995 3282 2219 3380 dicitur,
2257 3314 2412 3369 clavo
2441 3284 2652 3369 trabali

1498 3330 1754 3454 ggemtf‘
1801 3385 1870 3439 In
1905 3386 2281 3440 monumentis
2318 3386 2490 3441 etiam
2511 3385 2653 3440 clavi

1499 3457 1786 3512 Fortunae
1822 3458 2044 3511 Antiati
2081 3457 2428 3512 tribuuntur.
2478 3456 2651 3512 Uncis

1502 3532 1688 3583 autem
1733 3528 1930 3583 ferreis
1978 3528 2128 3597 (ideo
2166 3530 2398 3596 severis)
2436 3528 2652 3599 lapides

1499 3598 1818 3655 firmissime
1874 3601 2258 3668 continentur,
2319 3600 2652 3670 praesertim

1500 3688 1628 3724 cum
1667 3671 1938 3739 liquatum
1987 3672 2057 3725 iis
2099 3642 2376 3743 plumbum
2413 3673 2651 3728 circum-

1499 3740 1786 3796 fundatur.
1828 3742 1998 3797 Multi
2033 3744 2182 3798 hunc
2205 3744 2428 3800 Horatii
2466 3745 2652 3800 locum

1498 3814 1894 3883 vituperer-unt
1931 3814 2133 3883 (veluti
2157 3816 2486 3887 Lessinqius
2506 3816 2650 3871 Lao-

1500 3900 1660 3953 coon,
1704 3884 1846 3955 Opp.
1891 3886 1976 3941 ed.
2023 3886 2254 3942 Lachm.
2295 3888 2384 3942 VI.
2428 3905 2482 3957 p.
2527 3887 2652 3959 143)

1498 3960 1736 4040 propter
1767 3958 2002 4013 nimiam
2031 3976 2220 4043 rerum
2247 3959 2654 4014 attributamm

1500 4028 1720 4097 copiam
1779 4030 1970 4084 oculos
2159 4032 2201 4085 's
2261 4048 2428 4100 quam
2490 4046 2652 4085 aures

1499 4100 1860 4155 moventium.
1943 4101 2160 4157 Hes-der
2203 4102 2353 4158 Krit.
2391 4100 2650 4159 waldet.

1499 4171 1710 4227 Werke
1767 4190 1868 4227 zur
1919 4172 2107 4228 echon.
2163 4172 2278 4227 Lit.
2347 4191 2400 4227 u.
2448 4174 2650 4228 Kunst.

1500 4243 1654 4297 xm.
1691 4245 1878 4313 p.139
1908 4262 2028 4313 sqq.
2065 4244 2364 4299 Horatium
2399 4262 2512 4300 non
2547 4244 2650 4299 mi-

1498 4332 1606 4368 nus
1639 4315 2016 4399 reprehendit.
2043 4345 2110 4356 —
2139 4316 2264 4372 albo
2282 4316 2493 4386 panno]
2522 4332 2650 4371 cau-

1304 4402 1398 4439 an-
1499 4384 1652 4440 doris
1677 4392 1736 4441 et
1759 4388 2112 4443 innocentiae
2131 4388 2382 4460 signum3
2407 4386 2480 4442 of.
2496 4386 2650 4442 Serv.

1500 4457 1573 4511 ad
1596 4458 1806 4528 Vergil.
1844 4460 1984 4513 Aen.
2017 4459 2195 4527 1,292
2231 4460 2650 4515 adnotationem

1500 4527 1654 4583 infra
1710 4531 2138 4599 transcriptam3
2201 4535 2324 4586 tum
2389 4546 2652 4601 compara

1499 4598 1626 4656 Liv.
1663 4600 1708 4669 I,
1744 4603 1834 4657 21.
1906 4600 2056 4656 Hinc
2087 4618 2337 4672 pannum
2373 4622 2408 4657 a
2441 4601 2648 4659 sacrifi-
