3092 5059
465 242 585 309 162

1026 239 1485 310 CARMINUM
1527 240 1685 308 LIB.
1732 239 1815 306 II.
1861 240 2110 308 GARM.
2150 238 2296 307 XX.

777 458 825 500 ιδ
963 436 1377 536 Syrtesque
1425 435 1793 515 Gaetulas
1846 458 2170 511 canorus

1061 559 1252 637 Ales
1305 550 2012 661 Hyperboreosque
2060 585 2393 659 campos.

854 713 982 787 Me
1039 711 1367 790 Colchus
1421 722 1497 786 et
1552 710 1687 809 qui
1741 708 2174 784 dissimulat
2216 721 2504 847 metum

861 836 1164 912 Marsae
1217 835 1552 913 cohortis
1603 836 1853 911 Dacus
1904 848 1980 910 et
2028 833 2283 909 ultimi

958 960 1296 1037 Noscent
1349 958 1653 1056 Geloni,
1709 985 1833 1035 me
1882 960 2171 1055 peritus

776 1119 827 1159 ιο
1060 1087 1327 1162 Discet
1375 1084 1626 1161 Hiber
1676 1082 2185 1184 Rhodanique
2228 1096 2481 1185 potor.

859 1237 1142 1313 Absint
1189 1236 1404 1311 inani
1455 1237 1733 1312 funere
1769 1234 2044 1311 neniae

860 1363 1299 1462 Luctusque
1350 1375 1613 1460 turpes
1668 1375 1742 1437 et
1794 1360 2361 1461 querimoniae3

959 1486 1384 1588 Compesce
1441 1488 1860 1563 clamorem
1904 1512 1993 1562 ac
2044 1485 2379 1585 sepulcri

1060 1614 1279 1688 Mitte
1330 1637 1847 1713 supervacuos
1898 1611 2255 1687 honores.

459 1838 572 1893 bet.
645 1836 732 1891 De
792 1852 995 1919 graeca
1053 1835 1238 1889 forma
1297 1834 1613 1889 Daedaleam

461 1903 830 1977 (Δαιδάλειος)
865 1908 994 1962 vide
1028 1907 1100 1962 ad
1139 1907 1318 1962 Carm-
1357 1906 1430 1969 Π,
1470 1908 1544 1975 6,
1563 1908 1611 1960 5.

463 2010 530 2021 -
577 1979 860 2051 yementis]
915 1978 983 2034 cf.
1037 1978 1216 2033 Carm.
1272 1978 1613 2046 11‚14,14.

461 2052 626 2122 Verg.
667 2054 808 2105 Aen.
846 2048 913 2119 V,
951 2051 1072 2105 806.
1132 2048 1199 2103 In
1235 2049 1342 2103 hac
1377 2048 1612 2118 stropha

459 2127 708 2178 remotae
735 2128 793 2177 et
817 2122 1091 2176 barbarae
1123 2122 1396 2191 regiones,
1433 2122 1493 2174 in
1529 2122 1610 2174 in-

459 2194 714 2263 sequenti
751 2194 1010 2248 nationes
1043 2193 1410 2247 nominantur
1434 2210 1502 2245 ex
1529 2191 1611 2245 di-

460 2268 634 2322 versis
671 2271 730 2321 et
779 2259 1076 2321 contrariis
1133 2264 1273 2318 caeli
1329 2264 1610 2318 tractibus

460 2338 739 2393 collectae.
767 2366 832 2375 -
858 2334 1090 2391 canorbs
1115 2334 1247 2405 ales]
1287 2352 1489 2404 cycnus
1519 2352 1607 2391 ca·

458 2408 812 2535 33m1t⁰¹3r
827 2412 1052 2533 ἔδω·
1082 2406 1610 2548 ἷὶξινῖἓῖῗὸιῖἷήἐῇ

535 2520 548 2534 .
687 2520 701 2547 ,
777 2520 791 2547 ,
902 2521 915 2533 .

458 2551 633 2606 Marsi
671 2550 1023 2605 fortitudinis
1047 2550 1199 2603 fama
1227 2550 1509 2604 celebrati.
1540 2579 1607 2587 —

453 2624 668 2692 peritus
687 2620 879 2691 Hiber]
917 2621 1279 2676 Adiectivum
1316 2623 1607 2691 προληπτι-

460 2694 567 2753 κῶς
583 2693 858 2763 positum:
893 2693 1208 2763 „Hispanae
1229 2710 1450 2775 quoque
1475 2709 1608 2763 gen·

457 2771 543 2819 tes
599 2734 918 2835 aliquando„
950 2764 1287 2819 carminibus
1335 2764 1473 2818 meis
1518 2762 1609 2817 de-

461 2836 868 2892 lectabunturf‘
909 2865 972 2873 —
1027 2835 1393 2904 Rhodanique
1423 2833 1606 2905 potor]

459 2908 677 2978 poetice
713 2926 816 2977 pro
854 2906 1115 2961 Rhodani
1151 2907 1356 2974 accola,
1396 2905 1610 2961 Gallus,

458 2980 551 3034 Sic
599 2980 826 3047 fluvium
879 2979 1055 3033 bibere
1104 2982 1188 3031 est
1247 2978 1316 3032 ad
1377 2977 1612 3032 fluvium

459 3050 741 3106 habitare:
805 3050 968 3104 Hom.
1021 3049 1088 3103 11.
1143 3048 1212 3109 11.
1279 3050 1398 3103 825.
1420 3049 1611 3173 —Hon

465 3123 646 3177 Carm.
683 3122 784 3191 111,
826 3123 908 3190 10,
949 3124 995 3173 1.
1035 3120 1130 3188 IV,
1175 3124 1254 3185 15,
1293 3123 1379 3173 21.

459 3194 556 3248 ani
591 3194 805 3262 funere]
853 3193 1060 3262 quippe
1099 3160 1255 3246 deest
1291 3208 1492 3261 eorpus
1528 3208 1611 3245 se-

457 3265 792 3335 peliendum.
819 3294 885 3303 -
922 3264 1136 3333 neniae]
1175 3264 1304 3317 vide
1330 3264 1402 3318 ad
1423 3263 1605 3345 Carm.

459 3336 530 3405 11,
561 3340 608 3405 1,
637 3340 722 3391 31.
761 3366 827 3376 —
869 3336 1048 3390 luctus
1086 3334 1292 3405 turpes]
1331 3334 1608 3403 imprimis

451 3406 836 3477 praeficarum,
877 3424 1019 3476 quae
1067 3411 1197 3460 sunt
1230 3406 1490 3460 mulieres
1532 3404 1605 3460 ad

459 3478 878 3534 lamentandum
940 3482 1223 3532 mortuum
1281 3478 1605 3532 conductae.

462 3550 581 3605 Hae
613 3550 885 3605 canebant
920 3550 1159 3603 neniam.
1199 3549 1269 3603 cf.
1294 3552 1420 3603 Art.
1497 3552 1605 3602 oet.

460 3623 584 3675 431.
636 3650 708 3661 —
761 3636 1128 3689 supervacuos
1166 3621 1413 3690 honores]
1491 3620 1605 3673 ole-

459 3693 598 3747 bant
655 3691 892 3746 Romani
947 3696 1213 3761 mortuos,
1270 3692 1605 3762 praesertim

1706 1834 1921 1889 nobiles
1948 1838 2006 1889 et
2040 1834 2101 1888 in
2127 1833 2317 1904 aliqua
2341 1851 2403 1889 re
2428 1833 2627 1897 claros,
2652 1850 2863 1918 mag-na

1705 1923 1911 1975 pompa
1947 1904 2172 1975 efferre3
2212 1906 2518 1961 utebantur
2542 1922 2734 1961 omnes
2758 1906 2862 1975 qui

1705 1977 2187 2060 prosequebantur
2212 1976 2379 2032 funus
2404 1982 2528 2031 atra
2552 1982 2733 2045 veste3
2758 1977 2861 2032 ha-

1706 2049 1947 2104 bebatur
1981 2049 2040 2103 in
2076 2048 2203 2103 foro
2239 2050 2425 2119 posito
2470 2048 2617 2104 lecto
2662 2048 2859 2103 lauda·

1705 2120 1787 2174 tio
1825 2120 2075 2175 funebris
2104 2138 2137 2173 a
2172 2122 2489 2190 propinquo
2522 2121 2733 2189 aliquo,
2758 2121 2861 2191 qui

1704 2192 1916 2246 mortui
1974 2192 2227 2261 publica'
2258 2197 2314 2247 et
2376 2192 2601 2262 privata
2652 2192 2862 2247 merita

1705 2264 1815 2317 rite
1862 2263 2197 2332 celebraret3
2252 2264 2489 2319 aderant
2534 2264 2710 2331 mimi,
2756 2264 2860 2333 qui

1706 2351 1818 2388 non
1854 2336 2035 2389 solum
2072 2334 2417 2405 tragicorum
2452 2340 2749 2405 poetarum
2774 2336 2859 2389 lo·

1707 2424 1798 2460 cos
1836 2405 1909 2459 ad
1945 2411 2229 2462 mortuum
2265 2407 2599 2462 adhiberent
2626 2412 2683 2461 et
2717 2408 2859 2462 reci-

1712 2482 1914 2545 tarent,
1952 2478 2155 2533 sed—
2196 2478 2257 2531 id
2293 2478 2443 2548 quod
2481 2496 2614 2533 vere
2648 2478 2861 2533 miran-

1706 2548 1840 2602 dum
1877 2578 1944 2587 —
1980 2568 2157 2621 nugas
2194 2550 2366 2604 etiam
2402 2550 2669 2617 facerent,
2705 2550 2863 2604 inter

1707 2637 1844 2689 quos
1882 2621 2242 2675 archimimus
2278 2639 2575 2704 personam
2604 2620 2859 2676 defuncti

1705 2692 1939 2761 agebat3
1965 2692 2305 2762 praeibant
2290 2694 2560 2776 imagines
2578 2693 2861 2747 maiorum

1706 2764 1741 2817 i.
1780 2782 1824 2817 e.
1861 2764 2114 2818 homines
2152 2765 2248 2834 qui
2273 2766 2525 2832 personis
2558 2768 2616 2819 et
2641 2764 2858 2819 idoneis

1705 2834 2056 2890 vestimentis
2094 2835 2373 2890 maiorum

1705 2922 1845 2976 pora
1869 2912 2141 2975 quantum
2154 2906 2278 2961 fieri
2300 2912 2527 2977 poterat
2545 2906 2863 2962 reddebant

1705 2976 1911 3047 (Epod.
1940 2982 1992 3045 8,
2025 2981 2145 3046 11);
2180 2978 2347 3033 funus
2384 2979 2568 3049 ipsum
2608 2980 2859 3050 impone-

1704 3049 1875 3103 batur
1919 3049 2063 3104 lecto
2112 3020 2337 3105 funebri
2387 3068 2551 3122 saepe
2610 3050 2859 3105 eburneo

1706 3124 1763 3174 et
1788 3122 1973 3175 aureis
1997 3122 2246 3176 vestibus
2277 3126 2483 3191 strato·
2518 3122 2861 3191 portabatur

1706 3192 1881 3246 lectus
1926 3210 1959 3247 a
2005 3193 2278 3262 proximis
2325 3194 2415 3248 vel
2464 3194 2641 3249 servis
2686 3198 2861 3248 testa·

1706 3269 1892 3318 mento
1909 3264 2261 3318 manumissis
2276 3283 2290 3334 ;
2305 3264 2469 3319 funus
2478 3265 2863 3333 sequebantur

1705 3334 1935 3389 heredes
1972 3344 2028 3389 et
2060 3336 2306 3405 proximi
2332 3354 2457 3390 cum
2484 3338 2658 3391 servis
2686 3341 2862 3393 testa·

1704 3411 1893 3461 mento
1952 3408 2308 3462 manumissis
2366 3412 2423 3462 et
2475 3408 2742 3490 pilleatis.
2792 3438 2863 3448 —

1704 3477 2363 3620 {Ztffssssssfflusslnffssc
2401 3480 2611 3605 3532?
2612 3497 2864 3621 ‘3133

1704 3637 1835 3673 usus
1898 3626 1983 3675 est
2036 3621 2321 3690 Horatius,
2382 3621 2572 3677 Cicero
2638 3641 2865 3693 semper

1702 3691 1952 3760 praefert
1986 3694 2471 3763 supervacaneus!
2512 3692 2777 3749 Orellius.

2558 2854 2619 2890 as
2654 2841 2713 2890 et
2739 2854 2859 2890 eor-
