3092 5059
1589 203 1669 267 10

423 386 548 455 hac
610 408 680 455 re
743 390 912 456 inest
983 408 1193 472 neque
1255 388 1643 473 proditionis
1710 408 1917 472 neque
1977 390 2453 456 assentationis.
2563 388 2819 455 Etenim

421 516 678 581 semper
733 497 1042 564 Horatius
1105 497 1232 564 sibi
1292 498 1416 564 fuit
1479 504 1813 579 constaus3
1883 517 2038 565 vero
2104 506 2171 564 et
2240 499 2492 565 sincero
2570 498 2819 583 patriae

422 625 640 672 amore
712 607 1096 673 adulescens
1152 607 1418 673 Brutum
1485 614 1743 673 secutus
1810 614 1927 691 est,
1998 606 2225 673 eodem
2295 608 2394 672 vir
2462 609 2823 691 Augustum

421 715 800 783 admiratus.
886 716 1053 782 Nam
1107 736 1248 783 cum
1311 715 1592 782 Caesare
1646 716 1984 782 interfecto
2040 716 2313 783 Athenis
2370 715 2822 799 philosophiae

421 824 682 891 deditus
741 844 886 893 eum
943 826 1164 910 prisca
1213 825 1516 892 libertate
1570 826 1853 908 priscam
1918 825 2113 891 etiam
2179 844 2427 891 morum
2489 826 2824 909 integrita-

423 941 571 1017 tem,
637 935 706 999 in
759 954 890 1017 qua
940 953 1256 1001 summam
1314 936 1406 1001 rei
1467 934 1771 1019 publicae
1823 934 2095 1001 salutem
2152 936 2427 1019 positam
2490 954 2637 1001 esse
2688 954 2823 1001 cer-

421 1049 634 1119 neret,
697 1044 1064 1110 restitutum
1129 1045 1210 1109 iri
1287 1042 1502 1110 calido
1572 1044 1791 1109 animo
1856 1050 2176 1129 speraret,
2244 1042 2483 1110 deinde
2554 1044 2823 1111 Brutum
2874 1062 2881 1069 ·

419 1152 670 1219 videret
732 1152 1055 1220 hominem
1107 1154 1592 1238 integerrimum
1652 1172 1904 1236 unoque
1964 1159 2031 1220 et
2083 1172 2237 1219 vero
2295 1153 2549 1238 patriae
2605 1173 2822 1219 amore

419 1260 771 1341 ardentem,
817 1272 953 1328 tum
995 1282 1078 1329 ne
1121 1264 1266 1346 ipse
1309 1261 1573 1346 quidem
1616 1252 1900 1328 studium
1943 1282 2071 1346 quo
2115 1260 2237 1329 has
2279 1268 2495 1349 partes
2540 1263 2822 1347 amplec-

419 1370 677 1438 tebatur
738 1372 1084 1439 simulavit.
1192 1372 1277 1438 At
1331 1392 1486 1439 vero
1539 1391 1619 1438 ea
1678 1372 2163 1457 exspectatione
2216 1378 2615 1456 quantopere
2676 1392 2821 1439 cum

420 1479 504 1545 ab
572 1478 696 1547 hac
757 1486 942 1566 parte
992 1480 1157 1547 nihil
1210 1500 1414 1566 prope
1457 1481 1586 1547 nisi
1641 1480 1881 1566 privati
1948 1479 2267 1547 commodi
2320 1480 2673 1566 aucupium
2722 1500 2820 1548 re-

419 1608 621 1675 gnare
676 1590 1122 1670 intellexisset,
1189 1590 1500 1674 deceptus
1559 1590 1647 1656 sit
1698 1608 1898 1676 supra
1946 1590 2080 1655 iam
2138 1589 2385 1655 dictum
2443 1597 2558 1656 est.
2646 1590 2820 1669 Quid

421 1699 620 1783 ergo?
707 1699 906 1765 Bruto
960 1700 1326 1766 voluntarla
1379 1708 1587 1765 morte
1629 1718 1943 1784 oppresso
1996 1699 2363 1766 libertatem
2408 1701 2649 1784 populo
2693 1700 2816 1767 Ro-

420 1828 610 1873 mano
675 1809 920 1875 servari
987 1829 1069 1875 ea
1131 1808 1261 1873 iam
1327 1813 1539 1875 aetate
1594 1827 1722 1874 non
1776 1827 1987 1892 posse,
2046 1808 2239 1875 bellis
2292 1808 2592 1875 civilibus
2652 1810 2818 1877 nihil

419 1936 564 1983 esse
622 1917 1071 2001 perniciosius,
1137 1917 1270 1983 fato
1337 1916 1482 2002 ipso
1545 1916 1879 1983 dominum
1934 1916 2208 2001 imperio
2272 1918 2508 2001 parari,
2574 1919 2816 1986 nemini

419 2032 553 2091 tum
607 2046 734 2091 non
797 2026 922 2092 fuit
984 2026 1249 2103 clarum,
1313 2026 1441 2092 nisi
1505 2028 1617 2109 qui
1670 2026 1873 2092 nimia
1924 2026 2125 2091 animi
2190 2028 2527 2092 atrocitate
2586 2027 2818 2095 ductus

423 2136 552 2201 diis
605 2136 770 2219 ipsis
824 2154 1016 2219 posse
1075 2134 1420 2220 repugnari
1487 2134 1855 2201 confideret.
1942 2134 2075 2201 Sed
2123 2154 2251 2201 non
2314 2138 2498 2201 multi
2561 2137 2820 2205 fuerunt

425 2244 718 2311 Catones.
816 2246 898 2312 Et
962 2245 1127 2311 bene
1185 2245 1466 2329 quidem.
1567 2243 1785 2312 Otium
1854 2250 1918 2310 et
1983 2263 2210 2327 pacem
2278 2263 2472 2327 quam
2537 2245 2817 2311 maxime

421 2353 703 2438 petenda
745 2373 888 2421 esse
932 2375 1076 2420 cum
1121 2355 1384 2439 optimis
1430 2353 1794 2437 quibusque
1817 2352 2126 2418 Horatius
2170 2355 2586 2420 existimavit.
2657 2354 2817 2421 Inde

421 2463 634 2547 primo
687 2464 819 2528 iam
872 2470 1020 2548 post
1070 2463 1322 2531 cladem
1372 2462 1857 2549 Philippensem
1914 2481 2087 2527 anno
2130 2462 2327 2545 (713),
2390 2483 2535 2529 cum
2579 2462 2817 2530 bellum

421 2572 803 2638 Perusinum
848 2574 1230 2655 immineret,
1275 2574 1689 2655 conqueritur
1730 2572 1937 2657 Epod.
1989 2573 2093 2637 16:

618 2682 842 2749 Altera
877 2684 1009 2747 iam
1051 2683 1282 2748 teritur
1325 2682 1512 2747 bellis
1558 2681 1862 2755 civilibus
1906 2688 2108 2763 aetas,

618 2790 770 2857 Suis
814 2797 879 2858 et
919 2794 1065 2878 ipsa
1106 2792 1310 2857 Roma
1351 2790 1601 2856 viribus
1652 2790 1800 2856 ruit.

419 2906 486 2966 et
525 2901 717 2966 tertio
762 2921 932 2967 anno
973 2908 1124 2985 post
1163 2899 1368 2985 Epod.
1419 2900 1478 2982 7,
1527 2901 1590 2965 l:

617 3008 776 3094 Quo,
821 3029 949 3093 quo
991 3010 1247 3076 scelesti
1293 3008 1522 3074 ruitis?
1564 3014 1676 3074 aut
1720 3029 1832 3075 cur
1873 3008 2159 3077 dexteris

618 3120 938 3203 Aptantur
981 3137 1172 3185 enses
1215 3117 1507 3185 conditi?

420 3227 656 3295 deinde
699 3249 759 3294 v.
803 3230 1028 3311 9sqq.:

617 3337 750 3405 Sed
791 3344 862 3402 ut
903 3335 1252 3403 secundum
1300 3342 1453 3401 vota
1496 3335 1877 3403 Parthorum
1922 3357 2041 3404 sua

616 3446 790 3513 Urbs
831 3444 992 3511 haec
1035 3446 1276 3528 periret
1319 3445 1607 3512 dextera.

615 3556 842 3637 Neque
887 3554 992 3620 hic
1037 3554 1210 3639 lupis
1254 3573 1392 3621 mos
1434 3575 1555 3622 nec
1597 3554 1723 3621 fuit
1764 3555 2059 3621 leonibus

619 3665 918 3747 Unquam
963 3664 1090 3729 nisi
1136 3663 1205 3729 in
1247 3663 1473 3748 dispar
1508 3665 1684 3730 feris.

614 3774 904 3840 Furorne
947 3792 1182 3840 caecus
1224 3793 1307 3839 an
1351 3774 1526 3857 rapit
1569 3774 1671 3840 vis
1714 3772 1967 3841 aerior?

613 3888 717 3949 An
750 3882 987 3968 culpa?

417 3992 596 4060 Haec
647 3993 846 4078 igitur
897 3994 1026 4059 iam
1079 4000 1261 4075 tunc;
1325 3993 1751 4062 Octavianum
1806 3998 2017 4059 autem
2071 4012 2175 4060 res
2228 3991 2296 4057 in
2352 3992 2548 4059 Italia
2596 4000 2821 4060 tenen-

416 4109 544 4169 tem
611 4102 756 4185 quis
821 4123 948 4168 non
1015 4104 1348 4189 perspexit
1417 4105 1620 4169 multo
1683 4104 2221 4188 praestantiorem
2291 4121 2435 4169 esse
2508 4104 2813 4186 Antonin,

415 4213 527 4294 qui
582 4211 967 4296 Cleopatrae
1020 4220 1084 4279 et
1141 4214 1436 4279 luxuriae
1492 4212 1815 4279 illecebris
1871 4220 2098 4296 captus
2154 4211 2465 4295 quicquid
2524 4212 2815 4277 Romano

414 4320 672 4386 nomine
735 4319 1002 4405 dignum
1062 4321 1406 4389 videbatur
1457 4322 1679 4388 amisit
1732 4322 1972 4387 abiecit
2027 4320 2326 4405 perdidit.
2414 4319 2543 4398 Qui
2596 4320 2654 4386 si
2720 4321 2814 4387 vi-

417 4436 552 4495 ctor
599 4450 680 4495 ex
734 4431 1001 4497 instanti
1059 4436 1123 4496 et
1173 4431 1538 4497 inevitabili
1594 4430 1943 4496 certamine
1996 4430 2301 4515 prodiret,
2357 4429 2514 4512 quid
2568 4429 2813 4495 factum

417 4542 590 4603 esset
653 4536 734 4602 de
791 4536 948 4603 urbe
991 4537 1214 4615 Roma,
1271 4536 1352 4602 de
1408 4543 1539 4604 toto
1595 4538 1887 4622 imperio,
1945 4536 2027 4603 de
2081 4536 2431 4623 disciplina
2479 4538 2813 4604 Romana?
