3092 5059
409 202 534 268 640

1473 201 1732 268 LIBER

407 419 484 460 ιω
510 386 758 480 Quam
812 387 1082 486 lingua
1133 387 1462 483 Latium,
1519 386 1584 463 si
1636 415 1793 462 non
1849 386 2281 463 offenderet
2322 413 2599 477 unum-

514 512 916 611 Quemque
969 525 1370 626 poetarum
1421 512 1657 588 limae
1703 511 1927 586 labor
1976 525 2055 588 et
2106 537 2350 588 mora.

2453 513 2641 609 Vos,
2698 539 2744 588 o

507 635 932 735 Pompilius
977 637 1309 735 sanguis,
1369 663 1678 712 carmen
1732 637 2297 735 reprehendite,
2364 637 2576 736 quod
2628 663 2789 712 non

505 761 752 838 Multa
799 761 962 838 dies
1020 774 1094 838 et
1143 762 1385 837 multa
1427 761 1663 838 litura
1716 763 2054 838 coercuit
2104 777 2337 863 atque

508 887 940 963 Perfectum
987 887 1242 962 decies
1297 912 1448 961 non
1507 887 1914 984 castigavit
1960 887 2059 961 ad
2113 911 2478 984 unguem.

406 991 916 1111 mIngenium
971 1013 1254 1088 misera
1285 1012 1491 1112 quia
1543 1013 2001 1089 fortunatius
2054 1027 2219 1090 arte

505 1138 779 1217 Credit
831 1151 905 1214 et
957 1137 1296 1213 excludit
1341 1163 1565 1212 sanos
1617 1137 2000 1214 Helicone
2053 1151 2321 1235 poetas

502 1262 1006 1357 DemocrituS‚
1064 1263 1267 1337 bona
1317 1289 1495 1359 pars
1552 1289 1703 1338 non
1756 1287 2050 1360 ungues
2105 1289 2397 1364 ponere
2450 1275 2687 1360 curat,
2726 1283 2741 1292 ·

504 1387 574 1464 N
581 1415 679 1464 on
731 1388 1076 1484 barbam,
1131 1399 1422 1476 secreta
1473 1389 1663 1486 petit
1712 1388 1905 1484 loca,
1961 1387 2239 1464 balnea
2290 1389 2503 1464 vitat.

502 1511 994 1589 Nanciscetur
1044 1512 1248 1587 enim
1299 1513 1635 1611 pretium
1685 1537 2123 1611 nomenque
2166 1527 2465 1613 poetae,

408 1637 589 1714 mosi
639 1639 882 1713 tribus
938 1635 1332 1736 Anticyris
1383 1653 1615 1737 caput
1667 1638 2093 1714 insanabile
2137 1663 2535 1736 nunquam

503 1763 832 1839 Tonsori
885 1763 1152 1838 Licino
1205 1763 1692 1838 commiserit.

403 1971 569 2026 tionis
602 1971 946 2034 constantim·
991 1987 1159 2040 quare
1194 1971 1258 2025 in
1282 1977 1402 2025 arte
1437 1988 1558 2042 poe·

405 2044 518 2098 tica
555 2043 785 2098 Latium
833 2047 1148 2111 superatum
1193 2049 1270 2097 est
1313 2060 1351 2096 a
1387 2042 1557 2099 Grae·

403 2115 505 2168 cia.
593 2115 788 2169 Verum
831 2115 1157 2183 expolitione
1200 2113 1386 2184 utique
1422 2131 1559 2184 opus

404 2191 499 2253 est,
549 2202 669 2240 cum
712 2185 922 2254 ingenii
967 2186 1146 2240 virtus
1191 2191 1310 2240 arte
1368 2187 1559 2241 relicta

404 2273 616 2312 summa
671 2261 958 2327 praestare
1021 2273 1130 2312 non
1181 2257 1373 2326 possit.
1471 2259 1560 2313 De

405 2345 518 2398 qua
571 2346 633 2384 re
686 2345 806 2384 cum
861 2344 1000 2396 quae
1049 2329 1207 2398 vulgo
1261 2329 1559 2383 creduntur

401 2399 710 2467 falsissima
749 2401 881 2467 sint,
937 2401 1216 2455 Horatius
1253 2407 1559 2470 commpta

407 2471 602 2528 dehinc
642 2472 854 2540 poetn‘ca
897 2472 1060 2526 laude
1105 2477 1274 2526 cotem
1315 2488 1372 2526 se
1403 2473 1555 2539 futu-

403 2545 882 2680 afflagitata*
893 2543 1375 2684 ..mimz
1389 2549 1558 2670 “25“{5

407 2686 688 2770 ducturum
746 2703 802 2741 se
847 2703 958 2742 esse
1001 2685 1196 2756 quibus
1243 2686 1398 2740 rebus
1439 2703 1555 2740 ma-

404 2775 722 2884 {creager->pus
755 2759 834 2812 sit
862 2757 1040 2826 poetis
1077 2757 1288 2898 latimjs
1327 2775 1415 2883 Ἥ.
1450 2758 1555 2885 283

405 2859 474 2870 —-
657 2859 724 2870 --
781 2846 950 2883 unum
1013 2845 1128 2884 uem
1305 2847 1364 2884 vi
1403 2847 1434 2884 e
1481 2849 1515 2885 a

405 2901 518 2956 Sat.
558 2902 603 2970 1,
639 2904 693 2960 2.
731 2903 816 2954 62.
857 2929 923 2940 -
953 2843 1264 2970 ἕὴιηρὲἕιῖε
1297 2900 1552 2972 sanquis]

403 2973 476 3028 cf.
515 2973 632 3028 Sat.
668 2973 740 3040 11,
777 2975 832 3040 2,
860 2975 978 3026 107.
1018 2972 1169 3027 Pers.
1204 2977 1250 3032 1.
1273 2973 1366 3026 61·
1406 2973 1553 3040 „Vos

400 3063 432 3100 ο
474 3045 744 3115 patricius
781 3045 1022 3114 sanguis.
1027 3045 1058 3071 “
1134 3044 1434 3098 Hermann.
1482 3045 1554 3099 ad

399 3116 597 3186 Eurip.
636 3116 907 3170 Androm.
943 3133 1000 3185 p.
1039 3113 1166 3169 XV.
1228 3115 1408 3184 „Mihi
1443 3117 1552 3169 uti-

405 3206 512 3257 que
548 3188 940 3250 nominativus,
975 3205 1140 3256 quem
1163 3154 1266 3256 prb
1293 3188 1552 3242 vocativo

402 3261 648 3330 positum
700 3260 916 3318 volunt.
972 3276 1086 3313 non
1131 3260 1400 3326 vocantis,
1455 3259 1552 3314 sed

402 3332 742 3387 declarantis
779 3347 896 3385 esse
932 3331 1172 3384 videtur.
1175 3331 1208 3358 “
1265 3331 1551 3387 Plutarch.

401 3403 566 3459 Num.
602 3406 667 3456 21
714 3402 1042 3472 I’omponios
1077 3401 1233 3470 dicit,
1261 3403 1551 3472 Pinarios,

401 3475 752 3546 Calpurnius,
800 3474 1108 3529 Mamercus
1155 3479 1308 3528 ortos
1355 3491 1474 3528 esse
1518 3493 1553 3528 a

402 3552 672 3616 quattuor
715 3543 848 3598 filiis
883 3545 1116 3612 Numae,
1171 3562 1410 3613 quorum
1455 3563 1552 3601 no·

401 3620 556 3673 mina
594 3617 806 3674 fuerint
833 3616 1063 3687 Pomp0,
1101 3585 1289 3682 l’inus,
1329 3617 1551 3686 Calpas,

400 3690 730 3746 Mamercus.
759 3717 825 3728 —-
861 3686 1182 3758 castiqavit]
1218 3689 1553 3758 Metaphora

401 3767 624 3846 sumpta
678 3765 765 3816 est
817 3760 890 3814 ab
943 3759 1255 3828 arboribus,
1311 3778 1551 3829 quarum

400 3835 546 3889 rami
581 3832 990 3914 supervacanei
1016 3836 1396 3901 amputantur.
1467 3833 1549 3887 Si-

399 3907 615 3961 militer
635 3905 832 3960 Graeci
857 3897 1116 3965 κολάζειν.
1143 3931 1208 3942 --
1233 3905 1551 3974 perfectum]

401 3977 484 4032 ita
519 3983 583 4032 ut
614 3976 930 4046 perfectum
961 3975 1052 4028 sit.
1091 3975 1272 4029 Bentl.
1311 3993 1379 4030 ex
1416 3976 1551 4031 duo·

400 4049 504 4104 bus
523 4048 682 4104 codd.
702 4048 886 4116 Cruq„
913 4046 1062 4100 inter
1087 4063 1224 4114 quos
1252 4052 1337 4102 est
1356 4047 1549 4103 Bland.

401 4120 708 4190 antiquiss„
766 4119 892 4173 aliis
949 4120 1162 4188 recepit
1213 4125 1551 4189 praesectum

401 4209 636 4262 eumque
673 4191 848 4246 secuti
898 4195 1030 4244 sunt
1064 4190 1272 4260 Haupt.
1309 4191 1551 4245 Meinek.

400 4265 624 4320 Linker.
665 4263 869 4317 Ritter.
898 4262 1150 4317 Mueller.
1192 4261 1415 4330 Lehrs.;
1453 4263 1549 4317 sed

398 4337 672 4392 refutavit
690 4334 1020 4404 Peerlkamp
1030 4375 1059 4400 .‚
1085 4334 1182 4402 qui
1219 4335 1340 4403 ipse
1369 4335 1549 4389 conie-

401 4408 480 4462 cit
512 4406 872 4462 scribendum
903 4423 1020 4461 esse
1050 4411 1322 4471 resectum,
1361 4411 1426 4460 ut
1449 4407 1546 4460 sit:

401 4478 582 4532 decies
628 4477 902 4532 resecabit
951 4481 1008 4530 et
1053 4476 1124 4530 ad
1168 4494 1412 4547 unguem
1461 4495 1544 4532 ca-

401 4549 650 4620 stigabit.
685 4549 918 4603 Servavi
937 4549 1227 4618 vulgatam
1245 4565 1369 4603 cum
1393 4548 1549 4604 Orel-

1799 1763 1865 1840 O
1923 1789 2068 1862 ego
2122 1763 2408 1858 laevus,

1651 1971 1748 2042 lio,
1785 1972 2096 2044 Kruegem,
2134 1971 2514 2033 Doederlinio,
2558 1971 2810 2040 Kellero‚

1652 2043 1993 2110 Ecksteini0‚
2012 2043 2444 2098 Weissenfelsio.
2484 2073 2550 2082 —-
2590 2042 2667 2096 ad
2704 2060 2809 2097 un-

1648 2116 1829 2185 quam]
1868 2115 1997 2170 vide
2034 2115 2105 2170 ad
2145 2115 2259 2170 Sat.
2296 2114 2350 2183 1,·
2380 2117 2431 2181 5,
2469 2117 2553 2170 32.
2586 2145 2654 2154 -
2694 2116 2808 2170 De·

1650 2188 1929 2258 mneritas]
1980 2187 2108 2241 vide
2156 2187 2228 2241 ad
2276 2186 2459 2256 Epist.
2510 2187 2807 2246 1.12,12.

1652 2259 1843 2314 Cicero
1882 2259 1952 2313 de
1989 2259 2163 2313 divin.
2199 2259 2241 2326 Ι,
2267 2261 2362 2312 37:
2402 2259 2623 2328 „Negat
2656 2259 2807 2312 enim

1650 2331 1769 2384 sine
1820 2330 2013 2385 furore
2070 2330 2424 2384 Democritus
2484 2346 2805 2400 quenquam

1648 2406 1875 2471 poetam
1924 2421 2017 2457 ma
2094 2419 2189 2456 um
2236 2419 2353 2457 esse
2398 2418 2589 2471 posse;
2651 2402 2807 2470 quod

1650 2474 1798 2528 idem
1835 2474 1975 2528 dicit
2057 2473 2227 2528 lato.“
2293 2472 2393 2527 Ide
2428 2473 2499 2528 de
2540 2471 2701 2528 Orat.
2735 2473 2807 2530 11.

1648 2548 1737 2612 46,
1778 2547 1900 2599 194:
1968 2545 2178 2614 „Saepe
2214 2545 2403 2599 audivi
2440 2551 2669 2614 poetam
2706 2545 2806 2598 bo-

1649 2634 1785 2671 num
1820 2618 2100 2672 neminem
2135 2645 2209 2656 -·
2242 2617 2309 2670 id'
2342 2616 2493 2684 quod
2529 2634 2564 2671 a
2601 2616 2807 2670 Demo-

1650 2690 1793 2744 crito
1830 2693 1889 2742 et
1914 2688 2151 2743 Platone
2184 2689 2245 2741 in
2276 2688 2502 2757 scriptis
2537 2687 2803 2743 relictum

1650 2777 1767 2816 esse
1821 2760 2131 2814 dicunt—
2188 2759 2309 2814 siue
2360 2759 2807 2814 inflammatione

1649 2833 1963 2886 animorum
2018 2831 2285 2886 exsistere
2345 2848 2507 2900 posse
2562 2835 2623 2884 et
2680 2833 2805 2886 sine

1650 2903 1891 2972 quodam
1928 2903 2142 2957 adflatu
2172 2903 2335 2972 quasi
2358 2902 2580 2957 furoris.
2583 2903 2619 2933 “
2656 2901 2803 2957 Scri-

1647 2975 1763 3045 psit
1817 2975 2171 3030 Democritus
2229 2977 2359 3044 περὶ
2415 2969 2689 3039 ποιήσεως
2744 2979 2805 3029 et

1648 3065 1751 3115 περ
1752 3050 1775 3099 ὶ
1804 3045 1901 3117 Ὁμ
1910 3041 2053 3116 ήοου.
2106 3075 2174 3088 -
2222 3025 2363 3101 bosia
2410 3045 2571 3115 pars]
2618 3045 2803 3100 Gar-m.

1646 3117 1740 3184 IV,
1779 3121 1831 3186 2,
1870 3121 1955 3203 46.
1996 3117 2111 3173 Sat.
2148 3117 2193 3185 Ι,
2224 3121 2274 3186 1,
2310 3119 2394 3170 61.
2436 3117 2805 3187 Castigautur

1646 3189 1849 3244 festive
1893 3191 1951 3252 ii,
2007 3190 2105 3259 qui
2159 3189 2385 3260 ingenio
2435 3188 2569 3243 freti
2620 3194 2803 3244 artem

1646 3261 2007 3330 laboremque
2052 3267 2118 3315 ut
2154 3279 2255 3314 sua
2289 3259 2681 3346 magnitudine
2720 3262 2801 3314 in-

1646 3333 1880 3404 dignum
1901 3337 2172 3404 spernunt
2194 3332 2469 3416 ideoque
2452 3351 2472 3386 ι
2552 3334 2804 3386 eniosam

1648 3405 1927 3473 quandam
1979 3405 2393 3475 neglegentiam
2449 3403 2523 3458 ad
2548 3409 2801 3458 ectautes

1646 3477 1793 3530 sanis
1832 3476 2149 3530 hominibus
2195 3475 2415 3546 largam
2450 3475 2673 3530 ridendi
2710 3491 2799 3530 co·

1644 3549 1798 3632 piam
1844 3547 2141 3630 praebent3
2200 3547 2419 3602 scilicet
2471 3551 2539 3601 ut
2584 3551 2798 3616 quanto

1645 3619 1753 3689 ipsi
1810 3620 2037 3690 ingenio
2093 3620 2207 3673 siut
2256 3618 2445 3674 ornati
2480 3619 2801 3679 ostendant,

1644 3691 1965 3761 vulgarium
2012 3691 2299 3745 homiuum
2338 3695 2399 3744 et
2442 3707 2627 3746 mores
2662 3707 2801 3745 con—

1644 3767 1903 3817 temnunt
1968 3767 2027 3816 et
2086 3763 2409 3817 societatem
2464 3762 2669 3817 vitant.
2730 3791 2795 3802 -

1644 3835 1839 3888 balnea
1872 3834 2035 3902 vitat]
2064 3833 2397 3889 Lambinus.
2440 3873 2473 3902 ,,
2458 3851 2587 3899 ,ιιοιι
2626 3834 2799 3901 lavat,

1645 3905 1965 3960 immundus
2012 3905 2209 3961 illuvie
2256 3905 2398 3973 est“;
2450 3905 2552 3959 alii
2586 3905 2798 3960 rectius

1646 3977 1715 4031 ad
1777 3977 2161 4032 celebritatem
2225 3977 2335 4030 loci
2394 3975 2664 4031 referunt.
2726 4005 2799 4016 --

1643 4049 1957 4118 Anticyris]
2014 4048 2142 4103 vide
2200 4049 2273 4103 ad
2328 4047 2443 4104 Sat.
2492 4048 2565 4118 ΙΙ,
2612 4051 2662 4117 3,
2710 4049 2797 4102 83.

1642 4120 1913 4175 Meinek.:
1956 4137 2115 4189 „cum
2149 4120 2295 4175 duae
2332 4119 2546 4174 fuerint
2564 4119 2796 4188 Anticy-

1644 4209 1740 4247 rae
1787 4192 2019 4246 ellebori
2064 4197 2345 4261 proventu
2398 4191 2633 4260 nobiles,
2690 4192 2797 4246 hoc

1643 4264 1831 4318 dicere
1864 4262 2091 4317 videtur
2114 4266 2311 4333 poeta:
2350 4264 2395 4316 si
2435 4264 2525 4318 vel
2560 4267 2677 4318 tres
2715 4279 2797 4318 es·

1643 4340 1768 4389 sent
1809 4334 2131 4402 Anticyrae,
2184 4353 2257 4390 ne
2306 4337 2507 4388 harum
2567 4335 2797 4404 quidem

1643 4407 1891 4461 omnium
1939 4406 2249 4461 elleborum
2294 4411 2519 4461 sanaret
2568 4407 2793 4460 istum.‘¹

1646 4507 1711 4518 --
1749 4476 1968 4547 Licino]
2016 4477 2264 4544 „Nomen
2300 4479 2543 4532 tonsoris
2580 4477 2794 4541 famati,

1645 4550 1742 4620 qui
1786 4555 1982 4620 postea
2017 4548 2229 4604 dicitur
2268 4549 2451 4606 factus
2500 4554 2727 4605 senator
2760 4567 2795 4606 a
