3092 5059
1109 243 1268 310 LIB.
1307 242 1416 309 IV.
1465 241 1717 310 CARM.
1763 243 1943 309 XIII.

2603 240 2727 309 279

726 431 888 508 Nec
925 431 1113 507 clari
1164 431 1464 529 lapides
1517 445 1888 527 tempora,
1944 454 2143 529 quae
2197 429 2431 505 semel

647 589 696 629 ιο
828 555 1046 633 Notis
1099 556 1410 632 condita
1459 556 1677 631 fastis

929 680 1250 757 Inclusit
1300 680 1636 757 volucris
1690 681 1879 757 dies.

729 832 901 927 Quo
954 833 1160 930 fugit
1209 857 1474 927 venus,
1528 831 1704 925 heu,
1762 858 2013 931 quove
2057 831 2322 908 color?
2380 829 2657 906 decens

732 955 904 1050 Quo
954 958 1262 1032 motus?
1361 955 1565 1048 Quid
1618 956 1853 1031 habes
1907 955 2134 1051 illius,
2190 955 2419 1050 illius,

830 1080 1048 1175 Quae
1099 1081 1441 1180 spirabat
1491 1106 1812 1176 amores,

645 1241 700 1281 ιο
933 1205 1152 1300 Quae
1201 1230 1342 1281 me.
1377 1218 1784 1304 surpuerat
1834 1206 2047 1293 mihi,

726 1358 950 1436 Felix
998 1371 1172 1455 post
1223 1356 1609 1451 Cinaram,
1667 1370 1998 1457 notaque
2052 1372 2127 1434 et
2174 1360 2455 1434 artium

731 1486 1143 1563 Gratarum
1197 1483 1486 1559 facies?
1592 1482 1743 1559 Sed
1799 1482 2127 1560 Cinarae
2177 1482 2449 1559 breves

825 1610 1092 1685 Annos
1145 1608 1300 1685 fata
1352 1608 1731 1685 dederunt

932 1733 1342 1812 Servatura
1394 1734 1528 1811 diu
1576 1760 1841 1833 parem

643 1918 694 1960 ss
728 1885 1077 1963 Cornicis
1131 1885 1434 1963 vetulae
1483 1886 1961 1986 temporibus
2013 1886 2297 1985 Lycen,

731 2013 1052 2088 Possent
1099 2023 1184 2088 ut
1235 2012 1547 2086 iuvenes
1604 2010 1855 2087 visere
1905 2011 2187 2087 fervidi

314 2240 437 2293 tate
473 2237 619 2292 risus
655 2238 928 2291 movetur.
966 2266 1039 2276 —
1077 2233 1215 2291 Coae
1254 2251 1470 2305 purpu-

315 2310 435 2377 rae]
473 2313 669 2364 tenues
707 2325 775 2362 ac
818 2324 996 2378 paene
1039 2308 1354 2376 pellucidae
1401 2325 1470 2363 ex

316 2380 666 2449 bombycinis
694 2379 804 2433 filis
829 2384 1127 2434 contextae
1165 2384 1362 2445 vestes,
1401 2398 1470 2435 ex

319 2452 504 2507 insula
548 2451 676 2517 Coc,
730 2452 792 2504 in
838 2468 1006 2520 quam
1049 2450 1348 2519 bombyces
1401 2468 1470 2505 ex

320 2523 553 2579 Oriente
577 2524 1043 2606 apportabantur.
1073 2522 1186 2577 Sat.
1208 2522 1325 2591 1‚2‚
1351 2523 1468 2577 101.

321 2595 565 2650 -czari
589 2594 820 2665 lapidee]
857 2593 1090 2649 uniones
1116 2562 1468 2679 splendentes

317 2666 694 2734 (Brillanten).
718 2666 788 2720 cf.
811 2665 1014 2721 Catull.
1035 2667 1124 2733 69,
1145 2668 1204 2719 3:
1235 2666 1395 2735 „Non
1419 2667 1466 2721 si

318 2737 476 2792 illam
494 2755 658 2792 rarae
693 2736 996 2792 labefactes
1021 2754 1254 2791 munere
1277 2739 1468 2806 vestis,

313 2810 434 2863 Aut
469 2808 799 2878 pelluciduli
819 2808 1036 2863 deliciis
1073 2808 1330 2878 lapidis.“
1376 2809 1466 2863 Ti·

317 2880 456 2935 bull.
493 2880 567 2948 11,
606 2882 658 2947 4,
693 2881 793 2934 29:
833 2880 948 2949 „Et
985 2879 1098 2935 Coa
1132 2881 1337 2949 puellis
1363 2880 1468 2936 Ve-

314 2952 416 3005 stis
451 2956 511 3007 et
533 2970 564 3007 e
587 2952 762 3006 rubro
798 2951 984 3007 lucida
1021 2952 1232 3006 concha
1269 2953 1466 3007 mari.“

317 3022 472 3079 Glari
495 3024 703 3079 rectius
729 3022 996 3078 scribitur
1020 3040 1187 3093 quam
1221 3025 1356 3091 cari,
1399 3042 1468 3079 ex

315 3094 478 3151 codd.
519 3095 722 3150 Dicere
757 3094 907 3149 enim
945 3093 1141 3149 debuit
1177 3099 1361 3164 poeta,
1397 3113 1469 3150 ne

315 3166 588 3221 unionum
627 3166 852 3234 quidem
899 3166 1253 3236 splendorem
1299 3184 1467 3221 venu—

316 3242 522 3293 statem
547 3242 606 3292 et
627 3237 979 3293 iuventutem
1007 3238 1178 3292 semel
1204 3239 1467 3293 amissam

314 3327 478 3379 posse
531 3310 761 3363 referre.
831 3308 976 3364 Nam
1031 3310 1174 3363 nihil
1220 3311 1291 3364 ad
1337 3309 1393 3363 h.
1429 3310 1468 3363 l.

317 3380 472 3435 valet
508 3380 660 3449 quod
697 3380 931 3450 pretiosi
955 3380 1127 3435 etiam
1154 3386 1285 3435 sunt
1312 3381 1468 3436 unio-

316 3470 430 3507 nes.
460 3482 526 3492 —
563 3450 713 3507 notis
734 3451 926 3523 fastis]
967 3452 1050 3506 Cf.
1077 3452 1186 3507 Cic.
1211 3451 1369 3507 Verr.
1396 3452 1467 3521 11,

320 3524 368 3591 1,
406 3525 439 3576 7
455 3545 494 3607 ι.
527 3540 674 3592 ,,ιιοιι
721 3524 902 3577 solum
948 3524 1114 3591 notis,
1165 3523 1262 3578 sed
1297 3524 1469 3579 etiam

315 3594 1468 3737 iffi.raffsffiffgsffwidssffiaefrg

315 3738 392 3793 tis
440 3742 526 3793 est
573 3737 836 3792 derisui.“

317 3810 522 3878 quibus
577 3809 713 3864 satis
753 3812 954 3863 notum
991 3814 1076 3864 est
1113 3815 1252 3879 quot
1293 3826 1466 3865 annos

315 3881 550 3949 habeas3
587 3898 723 3935 non:
754 3880 851 3950 qui
876 3881 1132 3936 omnibus
1154 3882 1322 3935 nimis
1346 3882 1468 3936 noti

315 3958 464 4007 sunt.
512 3982 578 3992 —
625 3952 816 4020 venus]
865 3957 1127 4007 venustas
1167 3960 1226 4007 et
1261 3954 1464 4024 gratia,

315 4022 1154 4094 utEpistq16‚38.A...P42
1195 4024 1464 4095 —colorJ

313 4096 392 4151 cf.
440 4097 622 4150 Carm.
655 4062 772 4164 IV,
813 4098 896 4163 10,
934 4098 986 4149 4.
1038 4126 1104 4135 -
1150 4096 1468 4166 stupuerat]

313 4166 392 4222 cf.
427 4166 541 4221 Sat.
577 4166 652 4235 ΙΙ,
688 4168 742 4235 3,
757 4135 901 4221 ’1283
941 4166 1028 4221 De
1061 4185 1088 4221 s
1125 4184 1302 4237 ncope
1339 4166 1468 4223 vide

311 4237 614 4293 adCarm.
656 4238 905 4306 ΙΙ,.22
955 4186 1468 4308 —t{liae]amata

317 4313 378 4365 et
411 4309 672 4365 laudibus
709 4309 1006 4365 celebrata.
1045 4338 1112 4349 —-
1145 4315 1277 4379 post
1302 4309 1466 4365 Gina-

313 4380 458 4449 ram]
525 4381 1002 4436 Commemoratur
1054 4381 1191 4437 haec
1247 4381 1467 4449 Cinara,

319 4469 489 4522 quam
524 4470 657 4508 vere
693 4470 906 4508 amasse
942 4452 1240 4508 Horatium
1275 4470 1466 4509 omnes

316 4523 659 4585 existimant,
699 4524 878 4579 Carm.
915 4524 1012 4593 IV,
1050 4529 1096 4593 1,
1126 4527 1178 4578 4.
1214 4524 1396 4594 Epist.
1421 4524 1467 4592 Ι,

321 4597 376 4665 7,
410 4595 498 4649 28.
535 4596 580 4659 Ι,
610 4597 696 4666 14,
721 4598 811 4651 33.
846 4596 1084 4667 Proprie
1122 4596 1370 4651 carmine
1403 4613 1470 4653 ea

911 3738 1054 3792 Sunt
1099 3738 1281 3809 igitur
1315 3738 1468 3800 fasti,

1571 2235 1803 2291 laudata
1838 2253 1947 2291 non
1978 2239 2077 2291 est.
2117 2234 2338 2305 Ubique
2366 2234 2473 2292 hoc
2496 2236 2724 2291 nomine

1572 2307 1841 2363 Horatius
1896 2308 2244 2362 iuventutem
2300 2324 2459 2363 suam
2512 2308 2724 2379 signifi-

1572 2383 1693 2448 θείς
1740 2397 1915 2449 quare
1958 2378 2155 2448 primis
2200 2383 2330 2449 post
2372 2380 2619 2434 reditum
2652 2398 2723 2435 ex

1573 2450 1901 2505 Macedonia
1957 2450 2118 2505 annis
2168 2450 2407 2505 Horatio
2464 2468 2589 2505 cum
2636 2451 2723 2506 ci-

1571 2540 1709 2577 nara
1755 2540 1970 2577 amores
2022 2521 2193 2577 fuisse
2238 2521 2575 2577 credendum
2621 2528 2723 2577 est.

1570 2593 1712 2648 Vide
1746 2594 1820 2649 ad
1838 2594 2018 2649 Carm.
2042 2594 2088 2661 Ι,
2119 2595 2199 2648 19.
2236 2593 2444 2648 Weber
2463 2594 2725 2649 Cinaram

1571 2666 1642 2721 ab
1667 2664 1904 2721 Horatio
1931 2670 2177 2719 amatam
2210 2664 2383 2719 fuisse
2417 2670 2605 2721 censet
2638 2666 2719 2719 in-

1568 2742 1660 2791 tra
1705 2754 1879 2791 annos
1919 2738 2349 2790 717—721.—
2405 2743 2639 2807 notaque
2673 2743 2725 2792 et

1569 2807 1796 2879 artium]
1817 2809 1903 2863 De
1926 2808 2187 2891 genetivo
2211 2807 2285 2861 cf.
2309 2808 2651 2877 Carm.11,2,
2670 2811 2721 2863 6.

1568 2880 1678 2935 Hic
1712 2886 1767 2935 et
1801 2881 2083 2949 particula
2117 2897 2221 2949 pro
2258 2880 2425 2934 etiam
2460 2884 2559 2935 est.
2616 2880 2723 2936 Fa·

1570 2952 1681 3006 cies
1730 2956 1920 3007 autem
1964 2956 2145 3005 totam
2184 2951 2437 3020 corporis
2480 2951 2719 3022 speciem

1569 3024 1611 3076 s'
1596 3022 1866 3093 lgnificat,
1921 3040 2076 3077 nam:
2134 3022 2379 3091 „artium
2430 3028 2721 3092 gratarum

1568 3095 1739 3149 facies
1774 3094 1875 3148 illa
1906 3094 2131 3159 dicitur,
2170 3112 2314 3163 quae
2348 3094 2543 3163 oculis,
2578 3099 2721 3149 nutu

1570 3166 2015 3235 superciliorum,
2058 3166 2289 3221 cervicis
2344 3165 2719 3225 volubilitate,

1568 3237 1769 3307 capitis
1807 3237 2011 3308 gratia,
2047 3237 2222 3291 totius
2259 3236 2501 3305 denique
2528 3253 2721 3306 corpo-

1568 3309 1646 3363 ris
1685 3312 1845 3363 motu
1893 3308 2131 3378 placetf‘
2206 3308 2515 3363 Comment.
2555 3308 2665 3364 Cru

1571 3410 1635 3419 --
1692 3378 1943 3435 Cornicis
1987 3379 2219 3449 vetulae]
2276 3379 2345 3434 cf.
2395 3379 2575 3434 Carm.
2620 3326 2721 3448 ΠΙ,

1572 3452 1765 3520 17,13.
1811 3451 1903 3507 Sic
1937 3451 2182 3506 Martial.
2220 3451 2289 3518 X,
2327 3450 2414 3514 67,
2452 3454 2511 3505 5:
2552 3451 2721 3521 ,-,Pyr

1569 3523 1705 3577 rhae
1762 3522 1879 3578 filia
1935 3523 2054 3577 Iam
2112 3522 2420 3577 cornicibus
2474 3522 2721 3578 omm'bus

1568 3597 1891 3663 superstesf‘
1923 3624 1989 3633 —
2017 3594 2292 3663 dilapsam
2316 3594 2378 3648 in
2406 3595 2613 3649 cineres
2634 3594 2720 3661 fa-

1567 3666 1693 3735 cem]
1738 3664 1830 3721 Sic
1874 3666 1945 3720 de
1989 3666 2182 3720 vetula
2230 3665 2439 3721 lasciva
2474 3665 2718 3721 Martial.

1568 3738 1637 3807 X,
1672 3738 1759 3801 90,
1800 3741 1862 3792 2:
1920 3736 2102 3806 „Quid
2153 3736 2306 3791 busti
2362 3737 2576 3792 cineres
2634 3738 2719 3792 tui

1568 3810 1862 3863 lacessis?“
1900 3808 1975 3863 id.
2013 3808 2111 3870 111.
2144 3810 2231 3869 93,
2263 3810 2350 3862 19:
2392 3809 2720 3878 „virumque

1569 3882 1795 3936 demens
1836 3880 2127 3935 Cineribus
2174 3881 2289 3933 tuis
2332 3880 2553 3948 quaeris
2582 3898 2711 3949 pru-

1569 3952 1737 4007 rire.“
1803 3952 1909 4007 Est
1945 3952 2117 4007 etiam
2154 3951 2385 4021 aliquod
2420 3952 2719 4006 vocabulo-

1567 4042 1696 4079 rum
1730 4029 2014 4080 certamen
2049 4024 2198 4078 inter
2227 4021 2469 4090 fervidos
2505 4024 2719 4076 iuvenes

1568 4100 1627 4151 et
1662 4095 1807 4150 banc
1842 4095 2115 4164 dilapsam
2164 4094 2223 4149 in
2260 4095 2473 4149 cineres
2523 4093 2718 4149 facem.

1568 4167 1691 4221 Fax
1736 4168 1885 4221 enim
1934 4167 2139 4221 amoris
2182 4166 2440 4221 iuventus
2489 4169 2597 4232 est;
2654 4182 2720 4219 ea

1569 4242 1757 4294 autem
1802 4240 1863 4293 in
1906 4238 2201 4292 iuvenibus
2254 4236 2432 4304 ardet,
2492 4236 2551 4290 in
2606 4253 2717 4289 anu

1568 4310 1860 4365 combusta
1896 4310 1956 4363 in
1996 4309 2207 4364 cineres
2246 4307 2533 4362 dilabitur.
2570 4308 2719 4362 Non·
2792 4342 2800 4351 -

1567 4380 1711 4435 nulli
1750 4382 1932 4435 minus
1979 4385 2133 4435 recte
2166 4379 2444 4448 delapsam
2488 4379 2716 4448 scripse·

1568 4456 1727 4521 runt;
1764 4470 1897 4507 nam
1936 4452 2099 4520 „laba
2134 4451 2331 4506 collabi
2354 4455 2413 4505 et
2436 4450 2620 4505 delabi
2654 4450 2721 4504 in

1568 4524 1774 4579 acmes
1810 4524 1881 4578 de
1916 4492 2042 4578 aliis
2078 4521 2243 4577 rebus
2291 4522 2521 4591 dicitur,
2568 4520 2717 4576 faces

1568 4598 1791 4651 tantum
1832 4594 2177 4651 uidebuntur.
2252 4592 2415 4650 Ovid.
2464 4594 2600 4649 Met.
2644 4592 2719 4663 11,
