3092 5059
167 4111 170 4115 ·
255 4096 454 4151 ossibus
511 4098 683 4165 ultor,

963 258 1127 325 LIB.
1173 257 1292 323 111.
1339 255 1591 324 GARM.
1636 255 1915 322 XXVII.

2514 253 2636 320 231

558 479 608 521 ω
643 445 727 524 Si
761 447 933 554 quis
967 448 1338 524 infamem
1366 444 1559 521 mihi
1586 425 1795 519 nunc
1828 445 2241 520 iuvencum

641 571 896 649 Dedat
943 573 1208 668 iratae,
1260 571 1603 648 lacerare
1655 572 1865 646 ferro
1920 582 1994 646 et

637 695 1031 796 Frangere
1085 697 1332 774 enitar
1369 722 1496 772 mo
1504 695 1606 771 do
1643 695 1969 771 multum
2011 695 2247 770 amati

841 821 1150 899 Cornua
1199 821 1547 897 monstri.

645 970 1068 1072 Impudens
1114 971 1311 1071 liqui
1355 971 1647 1069 patrios
1694 971 2040 1065 Penates,

560 1127 612 1168 ω
646 1094 1068 1195 Impudens
1122 1095 1412 1173 Orcum
1464 1121 1748 1170 moror.

1854 1093 1921 1172 O
1978 1095 2300 1172 deorum

644 1220 728 1298 Si
781 1221 950 1321 quis
1001 1222 1192 1297 haec
1244 1220 1487 1318 audis,
1544 1221 1840 1297 utinam
1890 1221 2093 1298 inter
2145 1247 2395 1299 errem

842 1344 1070 1421 Nuda
1113 1345 1418 1421 leones!

640 1494 1084 1596 Antequam
1133 1497 1378 1595 turpis
1433 1496 1711 1572 macies
1765 1495 2121 1573 decentes

644 1620 998 1719 Occupet
1051 1621 1292 1698 malas
1345 1635 1813 1721 teneraeque
1864 1647 2085 1698 sucus

565 1782 618 1822 ω
651 1746 958 1823 Defluat
1007 1741 1363 1845 praedae,
1416 1748 1765 1844 speciosa
1818 1771 2106 1847 quaero

845 1871 1173 1948 Pascere
1223 1871 1481 1969 tigres.

641 2021 845 2097 Vilis
896 2023 1226 2118 Europe,
1272 2013 1504 2123 'pater
1547 2037 1775 2122 urget
1825 2025 2133 2099 absens:

645 2145 854 2238 Quid
906 2147 1105 2221 mori
1157 2145 1739 2222 cessas‘P-Potes
1789 2146 1937 2222 hac
1988 2147 2089 2222 ab
2140 2173 2329 2222 orno

638 2270 1074 2347 Pendulum
1119 2297 1315 2347 zona
1365 2273 1563 2348 bene
1613 2287 1687 2348 te
1736 2285 1997 2349 secuta

559 2430 612 2469 oo
849 2395 1192 2472 Laedere
1247 2397 1573 2493 collum3

253 2595 405 2667 Vei-g.
457 2598 600 2650 Aen.
638 2595 734 2663 vl,
769 2595 892 2649 894.
967 2595 1166 2649 Altera
1212 2595 1391 2650 adiec-

248 2667 344 2720 tivi
386 2667 576 2722 forma
609 2667 869 2722 eburneus
903 2683 1086 2736 neque
1121 2666 1390 2721 Horatius

249 2755 370 2793 usus
409 2744 499 2793 est
530 2755 713 2807 neque
731 2737 1028 2809 Vergilius.
1055 2767 1122 2778 —
1146 2737 1389 2809 fuqiens]

253 2809 464 2882 Fugere
513 2810 662 2880 apud
705 2815 898 2880 poetas
947 2815 1032 2864 est
1067 2810 1261 2880 rapide
1298 2809 1392 2863 ab·

251 2881 339 2946 ire,
395 2881 570 2938 exire.
633 2911 699 2921 —
752 2897 962 2936 cornua
1015 2880 1271 2951 monstri]
1324 2881 1392 2935 In

253 2953 367 3008 aliis
389 2959 452 3009 et
476 2952 633 3008 codd.
653 2958 713 3008 et
731 2953 892 3008 editt.
910 2953 1080 3022 tauri,
1099 2971 1168 3007 ex
1196 2957 1393 3023 aperta

251 3025 710 3096 interpretatione
746 3030 805 3080 et
835 3024 1204 3080 similitudine
1239 3041 1292 3078 v.
1321 3025 1388 3078 72

251 3101 366 3152 orta
401 3097 590 3152 lectio.

311 3168 375 3222 V.
397 3169 485 3222 49.
525 3166 759 3223 Venusti
794 3185 984 3222 versus
1021 3168 1183 3238 gravi
1218 3185 1390 3237 oppo-

252 3237 471 3296 sitione:
507 3256 638 3294 nam
669 3255 812 3309 quae
847 3239 906 3294 id
931 3239 1284 3308 impudenter
1312 3239 1390 3294 fe-

254 3311 342 3378 cit,
367 3311 520 3382 quod
549 3311 794 3382 patriam
827 3311 1054 3365 domum
1091 3311 1391 3366 temerario

250 3397 432 3439 amore
495 3383 728 3438 inducta
785 3382 1034 3452 reliquit,
1095 3399 1162 3437 ea
1221 3382 1392 3438 etiam

251 3459 412 3524 auget
465 3454 891 3524 impudentiam,
951 3454 1102 3523 quod
1159 3454 1282 3509 luce
1335 3458 1393 3509 et

249 3527 392 3580 caelo
429 3525 546 3580 frui
581 3525 753 3580 audet
775 3542 1122 3595 poenamque
1148 3525 1391 3595 quodam

250 3597 408 3654 modo
427 3597 724 3652 detrectat.
741 3625 814 3637 —
835 3597 1019 3666 audis]
1044 3597 1390 3652 Brevitatem

249 3683 384 3734 quae
429 3669 576 3723 inest
617 3669 678 3722 in
725 3669 830 3724 hac
872 3668 1220 3738 pronominis
1267 3669 1391 3738 quis

251 3754 368 3794 cum
405 3741 588 3795 altera
617 3757 856 3810 persona
881 3741 1271 3796 coniunctione
1293 3756 1390 3794 no-

253 3815 366 3864 stra
402 3812 596 3882 lingua
632 3829 746 3866 non
781 3812 1112 3880 assequitur.
1185 3811 1391 3867 Omnes

253 3882 392 3936 enim
426 3883 558 3938 deos
595 3883 762 3937 simul
797 3883 880 3939 sic
913 3883 1250 3953 alloquitur;
1303 3901 1390 3938 co-

252 3957 478 4093 arm
486 3953 1062 4096 mxv..
1077 3955 1391 4082 aaz}

387 4064 399 4077 ⁰
467 4066 482 4094 2

739 4097 848 4169 Qui
903 4097 1028 4152 face
1076 4098 1390 4153 Dardanios

255 4165 504 4238 ferroque
535 4185 762 4239 sequare
795 4171 1074 4224 colonos.“
1108 4199 1176 4209 -
1212 4169 1387 4240 nuda]

255 4240 472 4308 propria
530 4239 956 4312 significatione.
1055 4240 1391 4311 Sequentem

255 4311 527 4378 stropham
552 4312 784 4367 fuerunt
809 4313 907 4382 qui
931 4313 1123 4368 abesse
1158 4314 1393 4368 mallent

259 4387 476 4451 propter
521 4385 806 4454 ingratam
843 4401 1012 4454 quam
1047 4385 1220 4440 habet
1253 4386 1389 4439 ima-

298 4450 429 4509 'nem
455 4459 512 4510 et
534 4455 972 4526 pulchritudinis
997 4457 1248 4526 ineptam
1274 4457 1391 4511 lau·

295 4539 388 4578 em.
429 4525 494 4580 In
529 4544 642 4596 qua
677 4543 742 4582 re
776 4531 844 4581 ut
877 4528 938 4582 in
975 4528 1120 4595 aliis,
1155 4545 1297 4596 quae
1331 4528 1392 4582 in

259 4589 352 4650 hoc
385 4599 628 4654 carmine
664 4599 848 4654 minus
887 4601 1130 4669 placent,
1172 4601 1220 4654 si
1263 4599 1400 4670 quid

1495 2599 1787 2664 peccatum
1823 2600 1923 2659 est,
1948 2596 2009 2650 id
2028 2595 2265 2650 Horatio
2300 2595 2487 2664 potius
2511 2594 2645 2648 dan-

1496 2667 1631 2721 dum
1670 2672 1755 2721 est
1798 2685 1967 2736 quam
2012 2667 2227 2722 scribae
2266 2667 2453 2722 nescio
2491 2665 2645 2720 cuius

1496 2737 1685 2793 fraudi
1723 2742 1781 2793 et
1820 2755 2010 2793 versus
2046 2738 2288 2794 faciendi
2334 2738 2536 2793 studio.
2576 2767 2641 2776 —

1496 2815 1655 2880 πωροι
1676 2809 1890 2880 absens]
1928 2811 2050 2865 Hoc
2077 2827 2300 2880 quoque
2322 2827 2645 2879 oxymoron,

1494 2899 1627 3007 nasu
1660 2898 1765 3007 pgo
1806 2883 1887 2936 rie
1923 2883 2243 3008 pffegessm
2267 2883 2387 2936 sola
2414 2885 2644 3022 ugaent}

1494 2971 1553 3007 vi
1594 2971 1624 3008 e
1659 2972 1693 3008 a
1800 2971 1937 3008 arm.
2172 2994 2185 3007 .
2230 2983 2291 2992 —
2370 2970 2435 3008 en
2536 2969 2626 3006 um

1497 3024 1801 3093 „Horatius
1864 2994 2111 3096 figuram,
2164 2969 2426 3094 Eurogae
2486 3023 2645 3093 quasi

1494 3096 1864 3152 moribundae
1900 3101 1958 3152 et
1993 3097 2065 3151 ab
2111 3097 2311 3151 arbore
2351 3095 2647 3166 pendentis

1496 3168 1859 3237 exquisitiore
1905 3168 2071 3223 modo
2117 3169 2390 3238 depinxit,
2439 3167 2644 3222 collum

1495 3241 1679 3309 ipsum
1733 3239 1823 3294 cui
1876 3241 1935 3293 in
1986 3240 2091 3294 tali
2133 3245 2315 3295 morte
2369 3239 2647 3294 maximae

1497 3316 1661 3366 erant
1678 3315 1885 3380 partes,
1906 3311 2095 3366 dicens
2110 3312 2423 3380 pendulum.
2458 3310 2643 3365 Verbo

1495 3382 1722 3449 laedere,
1758 3382 1909 3451 quod
1941 3382 2169 3438 Iahnius
2214 3383 2268 3437 h.
2306 3383 2343 3437 l.
2381 3382 2644 3437 audacius

1496 3458 1555 3509 et
1608 3454 1826 3509 doctius
1882 3454 2216 3509 collocatum
2270 3471 2387 3509 esse
2442 3458 2645 3520 censet,

1495 3541 1880 3595 comparemus
1918 3525 2086 3595 Soph.
2118 3527 2311 3596 Antig.
2346 3527 2441 3580 54:
2484 3527 2645 3594 „nle-

1495 3603 1711 3651 κταῖσιν
1780 3592 2105 3666 ἀρτάναισεν
2162 3599 2397 3666 λωβᾶται
2469 3598 2645 3664 βίον.“

1494 3669 1681 3724 Iacob.
1719 3667 1941 3735 Quaest.
1988 3669 2130 3739 epic.
2180 3686 2233 3738 p.
2277 3670 2394 3723 106.
2467 3667 2647 3725 Lach-

1495 3756 1733 3806 mannus
1788 3740 1861 3795 ad
1913 3740 2137 3796 Lucret.
2190 3757 2244 3810 p.
2288 3741 2395 3795 324
2454 3745 2645 3795 tamen

1496 3812 1907 3868 commendavit
1970 3813 2028 3866 id
2090 3813 2241 3881 quod
2300 3813 2361 3866 in
2430 3811 2645 3867 duobus

1497 3883 1657 3939 codd.
1694 3889 1981 3954 repertum
2016 3888 2103 3938 est
2146 3889 2330 3939 secuta
2372 3901 2401 3938 e
2440 3913 2503 3923 —
2548 3882 2645 3936 Li-

1495 3955 1637 4023 dere,
1675 3973 1912 4025 eumque
1955 3955 2131 4010 secuti
2176 3960 2307 4010 sunt
2342 3955 2645 4023 Ηααριίαε,

1497 4027 1825 4094 Meinekiuc,
1846 4027 2140 4096 Linkems,
2163 4027 2446 4092 Lennium,
2472 4025 2647 4080 Mud-

1494 4099 1655 4154 larus.
1752 4099 2107 4154 Ecksteinius
2168 4098 2379 4167 recepit
2432 4097 2647 4167 Ungeri

1497 4171 1730 4226 coniect.
1766 4176 1987 4233 nectere,
2036 4188 2178 4240 quae
2214 4168 2473 4224 Schiitzio
2510 4186 2645 4238 quo-

1496 4259 1605 4313 que
1667 4242 1897 4312 placuit.
1991 4241 2252 4297 Ceterum
2308 4241 2413 4295 hoc
2470 4257 2647 4311 genus

1496 4314 1697 4368 mortis
1722 4311 1959 4383 vulgare
1990 4314 2051 4368 in
2082 4312 2346 4380 heminis,
2383 4316 2450 4366 ut
2484 4312 2545 4366 in
2563 4312 2647 4366 Io·

1497 4390 1673 4450 casta,
1721 4385 2005 4453 Phaedra,
2060 4401 2202 4454 quae
2258 4384 2521 4438 similiter
2578 4384 2648 4438 de

1495 4457 1695 4512 mortis
1761 4473 1967 4526 genere
2040 4455 2299 4527 eligendo
2370 4455 2649 4511 deliberat

1497 4527 1647 4597 apud
1706 4526 1895 4583 Senec-
1939 4527 2177 4582 Phaedr.
2227 4527 2331 4581 263
2388 4528 2649 4596 „decreta

1499 4615 1653 4654 mors
1687 4603 1797 4653 est:
1838 4599 2129 4669 quaeritur
2166 4599 2269 4653 fati
2305 4617 2497 4671 genus.
2541 4599 2647 4654 La·
