<?xml version="1.0" encoding="UTF-8"?>
<!DOCTYPE html PUBLIC "-//W3C//DTD XHTML 1.0 Transitional//EN"
    "http://www.w3.org/TR/xhtml1/DTD/xhtml1-transitional.dtd">
<html xmlns="http://www.w3.org/1999/xhtml" xml:lang="en" lang="en">
 <head>
  <title>
</title>
<meta http-equiv="Content-Type" content="text/html;charset=utf-8" />
  <meta name='ocr-system' content='tesseract 3.04.00' />
  <meta name='ocr-capabilities' content='ocr_page ocr_carea ocr_par ocr_line ocrx_word'/>
</head>
<body>
  <div class='ocr_page' id='page_1' title='image "./qhoratiiflaccio05unkngoog/qhoratiiflaccio05unkngoog_0073.png"; bbox 0 0 3092 5059; ppageno 0'>
   <div class='ocr_carea' id='block_1_1' title="bbox 1077 236 2638 309">
    <p class='ocr_par' dir='ltr' id='par_1_1' title="bbox 1077 236 2638 309">
     <span class='ocr_line' id='line_1_1' title="bbox 1077 236 2638 309; baseline -0.004 -2"><span class='ocrx_word' id='word_1_1' title='bbox 1077 242 1236 307; x_wconf 85' lang='lat' dir='ltr'><strong>LIB.</strong></span> <span class='ocrx_word' id='word_1_2' title='bbox 1281 242 1330 307; x_wconf 88' lang='lat' dir='ltr'>L</span> <span class='ocrx_word' id='word_1_3' title='bbox 1378 240 1630 309; x_wconf 79' lang='lat' dir='ltr'><strong>GARM.</strong></span> <span class='ocrx_word' id='word_1_4' title='bbox 1684 240 1797 307; x_wconf 92' lang='grc' dir='ltr'>ΙΙΙ.</span> <span class='ocrx_word' id='word_1_5' title='bbox 2554 236 2638 301; x_wconf 85' lang='grc'><strong>43</strong></span> 
     </span>
    </p>
   </div>
   <div class='ocr_carea' id='block_1_2' title="bbox 431 431 2501 1787">
    <p class='ocr_par' dir='ltr' id='par_1_2' title="bbox 431 431 2501 1787">
     <span class='ocr_line' id='line_1_2' title="bbox 538 431 1671 530; baseline -0.003 -23"><span class='ocrx_word' id='word_1_6' title='bbox 538 431 1127 529; x_wconf 80' lang='lat' dir='ltr'><strong>Ventorumque</strong></span> <span class='ocrx_word' id='word_1_7' title='bbox 1177 442 1398 529; x_wconf 83' lang='lat' dir='ltr'><strong>regat</strong></span> <span class='ocrx_word' id='word_1_8' title='bbox 1450 443 1671 530; x_wconf 83' lang='lat' dir='ltr'><strong>pater</strong></span> 
     </span>
     <span class='ocr_line' id='line_1_3' title="bbox 737 555 2083 653; baseline -0.004 -18"><span class='ocrx_word' id='word_1_9' title='bbox 737 556 1140 635; x_wconf 79' lang='lat' dir='ltr'><strong>Obstrictis</strong></span> <span class='ocrx_word' id='word_1_10' title='bbox 1186 555 1356 632; x_wconf 81' lang='lat' dir='ltr'><strong>aliis</strong></span> <span class='ocrx_word' id='word_1_11' title='bbox 1405 570 1713 653; x_wconf 85' lang='lat' dir='ltr'><strong>praeter</strong></span> <span class='ocrx_word' id='word_1_12' title='bbox 1762 555 2083 653; x_wconf 80' lang='lat' dir='ltr'>Iapyga,</span> 
     </span>
     <span class='ocr_line' id='line_1_4' title="bbox 475 681 1685 781; baseline 0.001 -25"><span class='ocrx_word' id='word_1_13' title='bbox 475 714 504 756; x_wconf 82' lang='lat'><strong>5</strong></span> <span class='ocrx_word' id='word_1_14' title='bbox 545 682 802 777; x_wconf 69' lang='lat' dir='ltr'><strong>Navia,</strong></span> <span class='ocrx_word' id='word_1_15' title='bbox 861 706 1060 781; x_wconf 85' lang='lat' dir='ltr'><strong>quae</strong></span> <span class='ocrx_word' id='word_1_16' title='bbox 1112 682 1254 757; x_wconf 90' lang='lat' dir='ltr'><strong>tibi</strong></span> <span class='ocrx_word' id='word_1_17' title='bbox 1306 681 1685 757; x_wconf 85' lang='lat' dir='ltr'><strong>creditum</strong></span> 
     </span>
     <span class='ocr_line' id='line_1_5' title="bbox 739 806 2141 905; baseline 0.001 -23"><span class='ocrx_word' id='word_1_18' title='bbox 739 808 991 884; x_wconf 83' lang='lat' dir='ltr'><strong>Debes</strong></span> <span class='ocrx_word' id='word_1_19' title='bbox 1039 806 1474 905; x_wconf 76' lang='lat' dir='ltr'><strong>Vergilium</strong></span> <span class='ocrx_word' id='word_1_20' title='bbox 1524 806 1807 883; x_wconf 75' lang='lat' dir='ltr'><strong>finibus</strong></span> <span class='ocrx_word' id='word_1_21' title='bbox 1864 806 2141 883; x_wconf 83' lang='lat' dir='ltr'><strong>Atticis</strong></span> 
     </span>
     <span class='ocr_line' id='line_1_6' title="bbox 534 932 1687 1030; baseline -0.003 -21"><span class='ocrx_word' id='word_1_22' title='bbox 534 933 840 1012; x_wconf 82' lang='lat' dir='ltr'><strong>Reddas</strong></span> <span class='ocrx_word' id='word_1_23' title='bbox 891 932 1356 1009; x_wconf 90' lang='lat' dir='ltr'><strong>incolumem</strong></span> <span class='ocrx_word' id='word_1_24' title='bbox 1408 956 1687 1030; x_wconf 85' lang='lat' dir='ltr'><strong>precor</strong></span> 
     </span>
     <span class='ocr_line' id='line_1_7' title="bbox 739 1057 2235 1135; baseline -0.001 -1"><span class='ocrx_word' id='word_1_25' title='bbox 739 1060 836 1135; x_wconf 86' lang='lat' dir='ltr'><strong>Et</strong></span> <span class='ocrx_word' id='word_1_26' title='bbox 880 1084 1136 1134; x_wconf 76' lang='lat' dir='ltr'><strong>serves</strong></span> <span class='ocrx_word' id='word_1_27' title='bbox 1183 1058 1486 1135; x_wconf 85' lang='lat' dir='ltr'><strong>animae</strong></span> <span class='ocrx_word' id='word_1_28' title='bbox 1540 1057 2235 1135; x_wconf 85' lang='lat' dir='ltr'><strong>dimidium-meae.</strong></span> 
     </span>
     <span class='ocr_line' id='line_1_8' title="bbox 529 1165 1582 1283; baseline -0.002 -22"><span class='ocrx_word' id='word_1_29' title='bbox 529 1183 660 1261; x_wconf 91' lang='lat' dir='ltr'><strong>Illi</strong></span> <span class='ocrx_word' id='word_1_30' title='bbox 709 1165 948 1261; x_wconf 85' lang='lat' dir='ltr'><strong>robur</strong></span> <span class='ocrx_word' id='word_1_31' title='bbox 991 1196 1070 1259; x_wconf 90' lang='lat' dir='ltr'><strong>et</strong></span> <span class='ocrx_word' id='word_1_32' title='bbox 1119 1209 1246 1259; x_wconf 78' lang='lat' dir='ltr'><strong>aee</strong></span> <span class='ocrx_word' id='word_1_33' title='bbox 1297 1183 1582 1283; x_wconf 83' lang='lat' dir='ltr'><strong>triplex</strong></span> 
     </span>
     <span class='ocr_line' id='line_1_9' title="bbox 431 1302 2379 1409; baseline -0.001 -22"><span class='ocrx_word' id='word_1_34' title='bbox 431 1350 484 1389; x_wconf 76' lang='grc' dir='ltr'><strong>ιο</strong></span> <span class='ocrx_word' id='word_1_35' title='bbox 729 1302 970 1395; x_wconf 76' lang='lat' dir='ltr'><strong>,Circa</strong></span> <span class='ocrx_word' id='word_1_36' title='bbox 1015 1320 1278 1409; x_wconf 84' lang='lat' dir='ltr'><strong>pectus</strong></span> <span class='ocrx_word' id='word_1_37' title='bbox 1334 1322 1520 1405; x_wconf 83' lang='lat' dir='ltr'><strong>erat,</strong></span> <span class='ocrx_word' id='word_1_38' title='bbox 1576 1310 1709 1409; x_wconf 90' lang='lat' dir='ltr'><strong>qui</strong></span> <span class='ocrx_word' id='word_1_39' title='bbox 1760 1311 2123 1408; x_wconf 77' lang='lat' dir='ltr'><strong>fragilem</strong></span> <span class='ocrx_word' id='word_1_40' title='bbox 2180 1312 2379 1386; x_wconf 82' lang='lat' dir='ltr'><strong>truci</strong></span> 
     </span>
     <span class='ocr_line' id='line_1_10' title="bbox 539 1436 1575 1535; baseline -0.003 -22"><span class='ocrx_word' id='word_1_41' title='bbox 539 1436 951 1513; x_wconf 82' lang='lat' dir='ltr'><strong>Commisit</strong></span> <span class='ocrx_word' id='word_1_42' title='bbox 997 1436 1278 1535; x_wconf 82' lang='lat' dir='ltr'><strong>pelago</strong></span> <span class='ocrx_word' id='word_1_43' title='bbox 1327 1448 1575 1511; x_wconf 83' lang='lat' dir='ltr'><strong>ratem</strong></span> 
     </span>
     <span class='ocr_line' id='line_1_11' title="bbox 741 1560 2501 1659; baseline 0.001 -23"><span class='ocrx_word' id='word_1_44' title='bbox 741 1562 1042 1637; x_wconf 83' lang='lat' dir='ltr'><strong>Primus</strong></span> <span class='ocrx_word' id='word_1_45' title='bbox 1097 1586 1236 1636; x_wconf 91' lang='lat' dir='ltr'><strong>nec</strong></span> <span class='ocrx_word' id='word_1_46' title='bbox 1287 1562 1544 1636; x_wconf 85' lang='lat' dir='ltr'><strong>timuit</strong></span> <span class='ocrx_word' id='word_1_47' title='bbox 1594 1560 2093 1659; x_wconf 82' lang='lat' dir='ltr'><strong>praecipitem</strong></span> <span class='ocrx_word' id='word_1_48' title='bbox 2148 1562 2501 1639; x_wconf 84' lang='lat' dir='ltr'><strong>Africum</strong></span> 
     </span>
     <span class='ocr_line' id='line_1_12' title="bbox 535 1685 1639 1787; baseline -0.002 -26"><span class='ocrx_word' id='word_1_49' title='bbox 535 1690 1068 1763; x_wconf 87' lang='lat' dir='ltr'><strong>Decertantem</strong></span> <span class='ocrx_word' id='word_1_50' title='bbox 1121 1685 1639 1787; x_wconf 86' lang='lat' dir='ltr'><strong>Aquilonibus</strong></span> 
     </span>
    </p>
   </div>
   <div class='ocr_carea' id='block_1_3' title="bbox 220 1872 1396 4673">
    <p class='ocr_par' dir='ltr' id='par_1_3' title="bbox 220 1872 1387 2307">
     <span class='ocr_line' id='line_1_13' title="bbox 220 1872 708 1947; baseline 0 -14"><span class='ocrx_word' id='word_1_51' title='bbox 220 1872 478 1947; x_wconf 72' lang='grc' dir='ltr'>εὔπλοια;</span> <span class='ocrx_word' id='word_1_52' title='bbox 553 1878 708 1935; x_wconf 85' lang='lat' dir='ltr'><strong>unde</strong></span> 
     </span>
     <span class='ocr_line' id='line_1_14' title="bbox 228 1948 1387 2031; baseline -0.003 -24"><span class='ocrx_word' id='word_1_53' title='bbox 228 1951 411 2007; x_wconf 86' lang='lat' dir='ltr'><strong>Carm.</strong></span> <span class='ocrx_word' id='word_1_54' title='bbox 431 1951 543 2020; x_wconf 91' lang='lat'><strong>111,</strong></span> <span class='ocrx_word' id='word_1_55' title='bbox 569 1952 658 2019; x_wconf 85' lang='lat'><strong>26,</strong></span> <span class='ocrx_word' id='word_1_56' title='bbox 678 1953 728 2005; x_wconf 90' lang='lat'><strong>5.</strong></span> <span class='ocrx_word' id='word_1_57' title='bbox 755 1950 848 2013; x_wconf 88' lang='lat' dir='ltr'><strong>IV,</strong></span> <span class='ocrx_word' id='word_1_58' title='bbox 875 1952 957 2017; x_wconf 89' lang='grc'><strong>11,</strong></span> <span class='ocrx_word' id='word_1_59' title='bbox 983 1950 1068 2003; x_wconf 89' lang='grc'><strong>15.</strong></span> <span class='ocrx_word' id='word_1_60' title='bbox 1087 1948 1387 2031; x_wconf 68' lang='lat' dir='ltr'><strong>—fratrea</strong></span> 
     </span>
     <span class='ocr_line' id='line_1_15' title="bbox 227 1990 1386 2093; baseline -0.005 -14"><span class='ocrx_word' id='word_1_61' title='bbox 227 2022 492 2093; x_wconf 75' lang='lat' dir='ltr'><strong>Helenae]</strong></span> <span class='ocrx_word' id='word_1_62' title='bbox 526 1990 679 2077; x_wconf 68' lang='lat' dir='ltr'><strong>’Sunt</strong></span> <span class='ocrx_word' id='word_1_63' title='bbox 697 2020 932 2090; x_wconf 71' lang='lat' dir='ltr'><strong>Gemini,</strong></span> <span class='ocrx_word' id='word_1_64' title='bbox 965 2020 1203 2090; x_wconf 86' lang='lat' dir='ltr'><strong>propitii</strong></span> <span class='ocrx_word' id='word_1_65' title='bbox 1227 2020 1386 2075; x_wconf 87' lang='lat' dir='ltr'><strong>navi-</strong></span> 
     </span>
     <span class='ocr_line' id='line_1_16' title="bbox 224 2091 1386 2165; baseline -0.004 -16"><span class='ocrx_word' id='word_1_66' title='bbox 224 2096 518 2165; x_wconf 66' lang='lat' dir='ltr'><strong>gentibue,</strong></span> <span class='ocrx_word' id='word_1_67' title='bbox 558 2094 691 2163; x_wconf 87' lang='lat' dir='ltr'><strong>quia</strong></span> <span class='ocrx_word' id='word_1_68' title='bbox 709 2110 812 2163; x_wconf 87' lang='lat' dir='ltr'><strong>per</strong></span> <span class='ocrx_word' id='word_1_69' title='bbox 849 2094 1046 2164; x_wconf 79' lang='lat' dir='ltr'><strong>longas</strong></span> <span class='ocrx_word' id='word_1_70' title='bbox 1079 2097 1270 2147; x_wconf 79' lang='lat' dir='ltr'><strong>noctes</strong></span> <span class='ocrx_word' id='word_1_71' title='bbox 1304 2091 1386 2145; x_wconf 89' lang='lat' dir='ltr'><strong>in-</strong></span> 
     </span>
     <span class='ocr_line' id='line_1_17' title="bbox 226 2164 1386 2237; baseline -0.005 -15"><span class='ocrx_word' id='word_1_72' title='bbox 226 2168 374 2237; x_wconf 73' lang='lat' dir='ltr'><strong>signi</strong></span> <span class='ocrx_word' id='word_1_73' title='bbox 425 2166 643 2221; x_wconf 88' lang='lat' dir='ltr'><strong>lumine</strong></span> <span class='ocrx_word' id='word_1_74' title='bbox 697 2164 933 2235; x_wconf 84' lang='lat' dir='ltr'><strong>fulgent.</strong></span> <span class='ocrx_word' id='word_1_75' title='bbox 1000 2164 1151 2230; x_wconf 86' lang='lat' dir='ltr'><strong>cf.1,</strong></span> <span class='ocrx_word' id='word_1_76' title='bbox 1194 2165 1279 2232; x_wconf 86' lang='lat'><strong>12,</strong></span> <span class='ocrx_word' id='word_1_77' title='bbox 1318 2164 1386 2217; x_wconf 80' lang='lat'><strong>25</strong></span> 
     </span>
     <span class='ocr_line' id='line_1_18' title="bbox 226 2234 1386 2363; baseline -0.003 -72"><span class='ocrx_word' id='word_1_78' title='bbox 226 2256 344 2363; x_wconf 77' lang='lat' dir='ltr'>sqq.</span> <span class='ocrx_word' id='word_1_79' title='bbox 385 2238 496 2307; x_wconf 89' lang='grc' dir='ltr'>ΠΙ,</span> <span class='ocrx_word' id='word_1_80' title='bbox 549 2239 639 2304; x_wconf 89' lang='grc'><strong>29,</strong></span> <span class='ocrx_word' id='word_1_81' title='bbox 686 2238 772 2291; x_wconf 96' lang='grc'><strong>64.</strong></span> <span class='ocrx_word' id='word_1_82' title='bbox 846 2236 1034 2291; x_wconf 88' lang='lat' dir='ltr'><strong>Senec.</strong></span> <span class='ocrx_word' id='word_1_83' title='bbox 1072 2235 1234 2291; x_wconf 84' lang='lat' dir='ltr'><strong>Herc.</strong></span> <span class='ocrx_word' id='word_1_84' title='bbox 1275 2234 1386 2289; x_wconf 86' lang='lat' dir='ltr'><strong>fur.</strong></span> 
     </span>
    </p>

    <p class='ocr_par' dir='ltr' id='par_1_4' title="bbox 227 2277 1396 4673">
     <span class='ocr_line' id='line_1_19' title="bbox 379 2277 1386 2379; baseline -0.003 -15"><span class='ocrx_word' id='word_1_85' title='bbox 379 2310 554 2379; x_wconf 84' lang='lat' dir='ltr'><strong>„hinc</strong></span> <span class='ocrx_word' id='word_1_86' title='bbox 591 2277 745 2365; x_wconf 78' lang='lat' dir='ltr'><strong>clara</strong></span> <span class='ocrx_word' id='word_1_87' title='bbox 785 2308 996 2379; x_wconf 81' lang='lat' dir='ltr'><strong>gemini</strong></span> <span class='ocrx_word' id='word_1_88' title='bbox 1044 2308 1204 2378; x_wconf 78' lang='lat' dir='ltr'><strong>signa</strong></span> <span class='ocrx_word' id='word_1_89' title='bbox 1239 2306 1386 2375; x_wconf 83' lang='lat' dir='ltr'><strong>Tyn-</strong></span> 
     </span>
     <span class='ocr_line' id='line_1_20' title="bbox 227 2314 1390 2448; baseline -0.003 -13"><span class='ocrx_word' id='word_1_90' title='bbox 227 2314 464 2437; x_wconf 70' lang='lat' dir='ltr'><strong>(liaridae</strong></span> <span class='ocrx_word' id='word_1_91' title='bbox 502 2382 770 2437; x_wconf 64' lang='lat' dir='ltr'><strong>micantf‘</strong></span> <span class='ocrx_word' id='word_1_92' title='bbox 807 2380 1005 2448; x_wconf 85' lang='lat' dir='ltr'><strong>Eurip.</strong></span> <span class='ocrx_word' id='word_1_93' title='bbox 1043 2378 1390 2435; x_wconf 72' lang='lat' dir='ltr'><strong>Orest.17oo</strong></span> 
     </span>
     <span class='ocr_line' id='line_1_21' title="bbox 229 2444 1390 2535; baseline -0.004 -28"><span class='ocrx_word' id='word_1_94' title='bbox 229 2470 348 2523; x_wconf 77' lang='lat' dir='ltr'><strong>sqq.</strong></span> <span class='ocrx_word' id='word_1_95' title='bbox 385 2452 542 2523; x_wconf 63' lang='lat' dir='ltr'><strong>„byth</strong></span> <span class='ocrx_word' id='word_1_96' title='bbox 570 2454 622 2505; x_wconf 83' lang='grc' dir='ltr'><strong>δ’</strong></span> <span class='ocrx_word' id='word_1_97' title='bbox 649 2450 870 2517; x_wconf 79' lang='grc' dir='ltr'><em>Ἑλένην</em></span> <span class='ocrx_word' id='word_1_98' title='bbox 888 2452 1068 2516; x_wconf 81' lang='grc' dir='ltr'><strong><em>Ζηνὸς</em></strong></span> <span class='ocrx_word' id='word_1_99' title='bbox 1090 2444 1390 2535; x_wconf 73' lang='grc' dir='ltr'>μελαθροις</span> 
     </span>
     <span class='ocr_line' id='line_1_22' title="bbox 227 2517 1390 2611; baseline -0.001 -34"><span class='ocrx_word' id='word_1_100' title='bbox 227 2520 478 2592; x_wconf 68' lang='grc' dir='ltr'><strong>πελάσω,</strong></span> <span class='ocrx_word' id='word_1_101' title='bbox 553 2524 854 2611; x_wconf 76' lang='grc' dir='ltr'><strong><em>Λαυπρῶν</em></strong></span> <span class='ocrx_word' id='word_1_102' title='bbox 923 2517 1142 2611; x_wconf 75' lang='grc' dir='ltr'><strong><em>ἄστρων</em></strong></span> <span class='ocrx_word' id='word_1_103' title='bbox 1212 2518 1390 2576; x_wconf 74' lang='grc' dir='ltr'><strong><em>πόλον</em></strong></span> 
     </span>
     <span class='ocr_line' id='line_1_23' title="bbox 228 2564 1390 2667; baseline -0.004 -16"><span class='ocrx_word' id='word_1_104' title='bbox 228 2564 514 2665; x_wconf 70' lang='grc' dir='ltr'><strong><em>ἐξανύσας,</em></strong></span> <span class='ocrx_word' id='word_1_105' title='bbox 573 2590 756 2650; x_wconf 71' lang='grc' dir='ltr'><strong><em>’Ένθα</em></strong></span> <span class='ocrx_word' id='word_1_106' title='bbox 811 2594 944 2663; x_wconf 83' lang='grc' dir='ltr'><strong><em>παρ’</em></strong></span> <span class='ocrx_word' id='word_1_107' title='bbox 988 2590 1154 2664; x_wconf 75' lang='grc' dir='ltr'>Ἵιῐρᾳ,</span> <span class='ocrx_word' id='word_1_108' title='bbox 1214 2595 1279 2667; x_wconf 79' lang='grc' dir='ltr'><strong>τῇ</strong></span> <span class='ocrx_word' id='word_1_109' title='bbox 1329 2592 1390 2646; x_wconf 73' lang='grc' dir='ltr'><strong>θ’</strong></span> 
     </span>
     <span class='ocr_line' id='line_1_24' title="bbox 224 2659 1391 2755; baseline -0.003 -31.962"><span class='ocrx_word' id='word_1_110' title='bbox 224 2666 567 2755; x_wconf 76' lang='grc' dir='ltr'><strong><em>Ηρακλέους</em></strong></span> <span class='ocrx_word' id='word_1_111' title='bbox 628 2662 816 2739; x_wconf 74' lang='grc' dir='ltr'><strong>Ἥβῃ,</strong></span> <span class='ocrx_word' id='word_1_112' title='bbox 907 2659 1120 2737; x_wconf 60' lang='lat' dir='ltr'><strong>miqui(</strong></span> <span class='ocrx_word' id='word_1_113' title='bbox 1123 2685 1183 2725; x_wconf 83' lang='grc' dir='ltr'><strong>ος</strong></span> <span class='ocrx_word' id='word_1_114' title='bbox 1257 2663 1391 2724; x_wconf 73' lang='grc' dir='ltr'><strong><em>θεὸς</em></strong></span> 
     </span>
     <span class='ocr_line' id='line_1_25' title="bbox 227 2732 1391 2826; baseline 0 -35"><span class='ocrx_word' id='word_1_115' title='bbox 227 2734 554 2826; x_wconf 72' lang='grc' dir='ltr'>ἀνθρώποις</span> <span class='ocrx_word' id='word_1_116' title='bbox 591 2732 805 2804; x_wconf 74' lang='lat' dir='ltr'><strong>&#39;‘Ema1‚</strong></span> <span class='ocrx_word' id='word_1_117' title='bbox 863 2738 1134 2797; x_wconf 76' lang='grc' dir='ltr'><strong><em>σπονδαῖς</em></strong></span> <span class='ocrx_word' id='word_1_118' title='bbox 1168 2738 1391 2823; x_wconf 80' lang='grc' dir='ltr'><em>ἔντιμος</em></span> 
     </span>
     <span class='ocr_line' id='line_1_26' title="bbox 228 2778 1391 2879; baseline 0 -16"><span class='ocrx_word' id='word_1_119' title='bbox 228 2807 310 2865; x_wconf 78' lang='grc' dir='ltr'><strong>ἀεὶ</strong></span> <span class='ocrx_word' id='word_1_120' title='bbox 351 2808 476 2871; x_wconf 80' lang='grc' dir='ltr'><strong><em>Ξὺν</em></strong></span> <span class='ocrx_word' id='word_1_121' title='bbox 517 2778 898 2879; x_wconf 74' lang='grc' dir='ltr'><strong>Τυνδαρίδαις,</strong></span> <span class='ocrx_word' id='word_1_122' title='bbox 934 2816 1046 2868; x_wconf 77' lang='grc' dir='ltr'><strong>τοῖς</strong></span> <span class='ocrx_word' id='word_1_123' title='bbox 1085 2806 1221 2868; x_wconf 87' lang='grc' dir='ltr'>Διὸς</span> <span class='ocrx_word' id='word_1_124' title='bbox 1257 2813 1391 2869; x_wconf 82' lang='grc' dir='ltr'><strong><em>υἱοῖς</em></strong></span> 
     </span>
     <span class='ocr_line' id='line_1_27' title="bbox 227 2875 1389 2953; baseline -0.001 -15.992"><span class='ocrx_word' id='word_1_125' title='bbox 227 2877 474 2941; x_wconf 68' lang='grc' dir='ltr'><strong>Ναυταις</strong></span> <span class='ocrx_word' id='word_1_126' title='bbox 523 2882 808 2953; x_wconf 77' lang='grc' dir='ltr'><strong><em>μεδέουσα</em></strong></span> <span class='ocrx_word' id='word_1_127' title='bbox 861 2875 1194 2947; x_wconf 47' lang='lat' dir='ltr'><strong>&amp;adduam-f</strong></span> <span class='ocrx_word' id='word_1_128' title='bbox 1269 2882 1389 2937; x_wconf 85' lang='lat' dir='ltr'><strong>Alii</strong></span> 
     </span>
     <span class='ocr_line' id='line_1_28' title="bbox 231 2952 1390 3035; baseline -0.001 -27"><span class='ocrx_word' id='word_1_129' title='bbox 231 2954 297 3009; x_wconf 86' lang='lat' dir='ltr'><strong>de</strong></span> <span class='ocrx_word' id='word_1_130' title='bbox 341 2954 650 3011; x_wconf 78' lang='lat' dir='ltr'><strong>flammulis</strong></span> <span class='ocrx_word' id='word_1_131' title='bbox 699 2952 974 3007; x_wconf 86' lang='lat' dir='ltr'><strong>electricis</strong></span> <span class='ocrx_word' id='word_1_132' title='bbox 1019 2954 1390 3035; x_wconf 77' lang='lat' dir='ltr'><strong>accipiebant,</strong></span> 
     </span>
     <span class='ocr_line' id='line_1_29' title="bbox 231 3024 1388 3095; baseline -0.002 -14"><span class='ocrx_word' id='word_1_133' title='bbox 231 3032 358 3095; x_wconf 74' lang='lat' dir='ltr'><strong>poet</strong></span> <span class='ocrx_word' id='word_1_134' title='bbox 393 3026 622 3080; x_wconf 75' lang='lat' dir='ltr'><strong>nimbos</strong></span> <span class='ocrx_word' id='word_1_135' title='bbox 661 3029 722 3087; x_wconf 86' lang='lat' dir='ltr'><strong>et</strong></span> <span class='ocrx_word' id='word_1_136' title='bbox 753 3024 1024 3094; x_wconf 80' lang='lat' dir='ltr'><strong>procellas</strong></span> <span class='ocrx_word' id='word_1_137' title='bbox 1065 3024 1124 3079; x_wconf 90' lang='lat' dir='ltr'><strong>in</strong></span> <span class='ocrx_word' id='word_1_138' title='bbox 1161 3026 1388 3079; x_wconf 76' lang='lat' dir='ltr'><strong>nummis</strong></span> 
     </span>
     <span class='ocr_line' id='line_1_30' title="bbox 233 3096 1386 3165; baseline 0.001 -15"><span class='ocrx_word' id='word_1_139' title='bbox 233 3099 466 3153; x_wconf 81' lang='lat' dir='ltr'><strong>navium</strong></span> <span class='ocrx_word' id='word_1_140' title='bbox 491 3096 654 3151; x_wconf 77' lang='lat' dir='ltr'><strong>malis</strong></span> <span class='ocrx_word' id='word_1_141' title='bbox 678 3096 1133 3151; x_wconf 61' lang='lat' dir='ltr'><strong>elucescentibua</strong></span> <span class='ocrx_word' id='word_1_142' title='bbox 1159 3096 1243 3149; x_wconf 92' lang='lat' dir='ltr'><strong>De</strong></span> <span class='ocrx_word' id='word_1_143' title='bbox 1267 3097 1386 3165; x_wconf 79' lang='lat' dir='ltr'><strong>qui-</strong></span> 
     </span>
     <span class='ocr_line' id='line_1_31' title="bbox 231 3168 1390 3236; baseline -0.002 -13"><span class='ocrx_word' id='word_1_144' title='bbox 231 3169 333 3223; x_wconf 73' lang='lat' dir='ltr'><strong>bus</strong></span> <span class='ocrx_word' id='word_1_145' title='bbox 369 3168 592 3223; x_wconf 74' lang='lat' dir='ltr'><strong>Plinius</strong></span> <span class='ocrx_word' id='word_1_146' title='bbox 629 3168 696 3223; x_wconf 80' lang='lat' dir='ltr'><strong>N.</strong></span> <span class='ocrx_word' id='word_1_147' title='bbox 723 3168 794 3223; x_wconf 91' lang='grc' dir='ltr'><strong>Η.</strong></span> <span class='ocrx_word' id='word_1_148' title='bbox 832 3168 906 3235; x_wconf 88' lang='lat'><strong>11,</strong></span> <span class='ocrx_word' id='word_1_149' title='bbox 941 3169 1039 3221; x_wconf 79' lang='lat'><strong>37:</strong></span> <span class='ocrx_word' id='word_1_150' title='bbox 1081 3169 1390 3236; x_wconf 78' lang='lat' dir='ltr'><strong>„Antennie</strong></span> 
     </span>
     <span class='ocr_line' id='line_1_32' title="bbox 233 3239 1389 3381; baseline 0 -16"><span class='ocrx_word' id='word_1_151' title='bbox 233 3208 1389 3381; x_wconf 54' lang='lat' dir='ltr'><strong>ssffig⁸31¹2¹¹¹³2031¹?q330a22fussff1201’333.</strong></span> 
     </span>
     <span class='ocr_line' id='line_1_33' title="bbox 236 3382 1390 3447; baseline 0.001 -10"><span class='ocrx_word' id='word_1_152' title='bbox 236 3384 464 3447; x_wconf 80' lang='lat' dir='ltr'><strong>sistunt,</strong></span> <span class='ocrx_word' id='word_1_153' title='bbox 518 3387 586 3437; x_wconf 87' lang='lat' dir='ltr'><strong>ut</strong></span> <span class='ocrx_word' id='word_1_154' title='bbox 629 3382 884 3438; x_wconf 82' lang='lat' dir='ltr'><strong>volucres</strong></span> <span class='ocrx_word' id='word_1_155' title='bbox 934 3382 1120 3437; x_wconf 82' lang='lat' dir='ltr'><strong>sedem</strong></span> <span class='ocrx_word' id='word_1_156' title='bbox 1156 3400 1224 3437; x_wconf 85' lang='lat' dir='ltr'><strong>ex</strong></span> <span class='ocrx_word' id='word_1_157' title='bbox 1261 3382 1390 3438; x_wconf 81' lang='lat' dir='ltr'><strong>sede</strong></span> 
     </span>
     <span class='ocr_line' id='line_1_34' title="bbox 237 3455 1389 3526; baseline 0.001 -17"><span class='ocrx_word' id='word_1_158' title='bbox 237 3460 550 3521; x_wconf 52' lang='lat' dir='ltr'><strong>mutantem</strong></span> <span class='ocrx_word' id='word_1_159' title='bbox 623 3473 843 3526; x_wconf 76' lang='lat' dir='ltr'><strong>graves,</strong></span> <span class='ocrx_word' id='word_1_160' title='bbox 917 3472 1042 3509; x_wconf 90' lang='lat' dir='ltr'><strong>cum</strong></span> <span class='ocrx_word' id='word_1_161' title='bbox 1103 3455 1389 3511; x_wconf 80' lang='lat' dir='ltr'><strong>solitariae</strong></span> 
     </span>
     <span class='ocr_line' id='line_1_35' title="bbox 239 3526 1392 3598; baseline 0 -17"><span class='ocrx_word' id='word_1_162' title='bbox 239 3545 460 3595; x_wconf 82' lang='lat' dir='ltr'><strong>venere,</strong></span> <span class='ocrx_word' id='word_1_163' title='bbox 514 3531 941 3598; x_wconf 72' lang='lat' dir='ltr'><strong>mergentesque</strong></span> <span class='ocrx_word' id='word_1_164' title='bbox 997 3526 1240 3597; x_wconf 80' lang='lat' dir='ltr'><strong>navigia,</strong></span> <span class='ocrx_word' id='word_1_165' title='bbox 1302 3544 1392 3597; x_wconf 85' lang='lat' dir='ltr'><strong>ge·</strong></span> 
     </span>
     <span class='ocr_line' id='line_1_36' title="bbox 239 3598 1390 3669; baseline -0.001 -16"><span class='ocrx_word' id='word_1_166' title='bbox 239 3600 423 3655; x_wconf 81' lang='lat' dir='ltr'><strong>minae</strong></span> <span class='ocrx_word' id='word_1_167' title='bbox 479 3602 668 3654; x_wconf 87' lang='lat' dir='ltr'><strong>autem</strong></span> <span class='ocrx_word' id='word_1_168' title='bbox 707 3598 982 3654; x_wconf 76' lang='lat' dir='ltr'><strong>salutares</strong></span> <span class='ocrx_word' id='word_1_169' title='bbox 1037 3602 1094 3653; x_wconf 88' lang='lat' dir='ltr'><strong>et</strong></span> <span class='ocrx_word' id='word_1_170' title='bbox 1135 3599 1390 3669; x_wconf 80' lang='lat' dir='ltr'><strong>prosperi</strong></span> 
     </span>
     <span class='ocr_line' id='line_1_37' title="bbox 238 3668 1390 3739; baseline -0.002 -14"><span class='ocrx_word' id='word_1_171' title='bbox 238 3688 430 3727; x_wconf 74' lang='lat' dir='ltr'><strong>cursus</strong></span> <span class='ocrx_word' id='word_1_172' title='bbox 449 3670 870 3739; x_wconf 58' lang='lat' dir='ltr'><strong>praenuntiaef‘</strong></span> <span class='ocrx_word' id='word_1_173' title='bbox 894 3698 960 3711; x_wconf 91' lang='lat'><strong>-—</strong></span> <span class='ocrx_word' id='word_1_174' title='bbox 981 3669 1164 3725; x_wconf 74' lang='lat' dir='ltr'><strong>lueida</strong></span> <span class='ocrx_word' id='word_1_175' title='bbox 1179 3668 1390 3739; x_wconf 72' lang='lat' dir='ltr'><strong>sidera]</strong></span> 
     </span>
     <span class='ocr_line' id='line_1_38' title="bbox 241 3742 1394 3811; baseline -0.001 -15"><span class='ocrx_word' id='word_1_176' title='bbox 241 3748 302 3796; x_wconf 90' lang='lat' dir='ltr'><strong>ut</strong></span> <span class='ocrx_word' id='word_1_177' title='bbox 339 3742 522 3797; x_wconf 85' lang='lat' dir='ltr'><strong>Carm.</strong></span> <span class='ocrx_word' id='word_1_178' title='bbox 557 3742 664 3811; x_wconf 89' lang='lat' dir='ltr'><strong>IV,·</strong></span> <span class='ocrx_word' id='word_1_179' title='bbox 709 3744 762 3810; x_wconf 89' lang='lat'><strong>8,</strong></span> <span class='ocrx_word' id='word_1_180' title='bbox 817 3744 900 3797; x_wconf 82' lang='lat'><strong>31.</strong></span> <span class='ocrx_word' id='word_1_181' title='bbox 961 3769 1028 3781; x_wconf 90' lang='lat'><strong>-—</strong></span> <span class='ocrx_word' id='word_1_182' title='bbox 1098 3742 1394 3796; x_wconf 76' lang='lat' dir='ltr'><strong>Ventorum</strong></span> 
     </span>
     <span class='ocr_line' id='line_1_39' title="bbox 233 3812 1388 3883; baseline -0.005 -12"><span class='ocrx_word' id='word_1_183' title='bbox 233 3816 418 3883; x_wconf 71' lang='lat' dir='ltr'><strong>pater]</strong></span> <span class='ocrx_word' id='word_1_184' title='bbox 454 3814 678 3868; x_wconf 81' lang='lat' dir='ltr'><strong>Aeolus,</strong></span> <span class='ocrx_word' id='word_1_185' title='bbox 715 3812 878 3883; x_wconf 84' lang='lat' dir='ltr'><strong>Verg.</strong></span> <span class='ocrx_word' id='word_1_186' title='bbox 920 3815 1060 3867; x_wconf 88' lang='lat' dir='ltr'><strong>Aen.</strong></span> <span class='ocrx_word' id='word_1_187' title='bbox 1099 3812 1267 3875; x_wconf 82' lang='lat'><strong>1,52.</strong></span> <span class='ocrx_word' id='word_1_188' title='bbox 1322 3844 1388 3853; x_wconf 89' lang='grc'>-</span> 
     </span>
     <span class='ocr_line' id='line_1_40' title="bbox 240 3883 1389 3955; baseline 0 -16"><span class='ocrx_word' id='word_1_189' title='bbox 240 3883 537 3954; x_wconf 70' lang='lat' dir='ltr'><strong>obstrictis]</strong></span> <span class='ocrx_word' id='word_1_190' title='bbox 576 3886 648 3941; x_wconf 82' lang='lat' dir='ltr'><strong>cf.</strong></span> <span class='ocrx_word' id='word_1_191' title='bbox 685 3884 847 3940; x_wconf 83' lang='lat' dir='ltr'><strong>Hom.</strong></span> <span class='ocrx_word' id='word_1_192' title='bbox 883 3884 986 3939; x_wconf 82' lang='lat' dir='ltr'><strong>od.</strong></span> <span class='ocrx_word' id='word_1_193' title='bbox 1023 3884 1089 3947; x_wconf 91' lang='lat' dir='ltr'><strong>V,</strong></span> <span class='ocrx_word' id='word_1_194' title='bbox 1127 3884 1230 3937; x_wconf 84' lang='lat'><strong>383</strong></span> <span class='ocrx_word' id='word_1_195' title='bbox 1269 3902 1389 3955; x_wconf 78' lang='lat' dir='ltr'><strong>sqq.</strong></span> 
     </span>
     <span class='ocr_line' id='line_1_41' title="bbox 243 3956 1389 4026; baseline 0.003 -16"><span class='ocrx_word' id='word_1_196' title='bbox 243 3956 310 4025; x_wconf 88' lang='lat' dir='ltr'><strong>X,</strong></span> <span class='ocrx_word' id='word_1_197' title='bbox 327 3960 399 4011; x_wconf 89' lang='lat'><strong>20</strong></span> <span class='ocrx_word' id='word_1_198' title='bbox 417 3974 500 4025; x_wconf 80' lang='lat' dir='ltr'><strong>sq.</strong></span> <span class='ocrx_word' id='word_1_199' title='bbox 519 3986 584 3995; x_wconf 95' lang='lat'>—</span> <span class='ocrx_word' id='word_1_200' title='bbox 606 3956 852 4026; x_wconf 65' lang='lat' dir='ltr'><strong>Iapyga]</strong></span> <span class='ocrx_word' id='word_1_201' title='bbox 873 3956 1096 4025; x_wconf 85' lang='lat' dir='ltr'><strong>Reliqui</strong></span> <span class='ocrx_word' id='word_1_202' title='bbox 1120 3957 1274 4011; x_wconf 82' lang='lat' dir='ltr'><strong>venti</strong></span> <span class='ocrx_word' id='word_1_203' title='bbox 1293 3958 1389 4013; x_wconf 82' lang='lat' dir='ltr'><strong>ad·</strong></span> 
     </span>
     <span class='ocr_line' id='line_1_42' title="bbox 243 4028 1392 4097; baseline 0 -16"><span class='ocrx_word' id='word_1_204' title='bbox 243 4030 406 4097; x_wconf 73' lang='lat' dir='ltr'><strong>versi,</strong></span> <span class='ocrx_word' id='word_1_205' title='bbox 441 4028 618 4097; x_wconf 80' lang='lat' dir='ltr'><strong>Iapyx</strong></span> <span class='ocrx_word' id='word_1_206' title='bbox 647 4028 972 4097; x_wconf 82' lang='lat' dir='ltr'><strong>(Favonius)</strong></span> <span class='ocrx_word' id='word_1_207' title='bbox 1013 4028 1284 4083; x_wconf 69' lang='lat' dir='ltr'><strong>secundus</strong></span> <span class='ocrx_word' id='word_1_208' title='bbox 1322 4047 1392 4083; x_wconf 86' lang='lat' dir='ltr'><strong>ex</strong></span> 
     </span>
     <span class='ocr_line' id='line_1_43' title="bbox 241 4099 1390 4170; baseline 0 -18"><span class='ocrx_word' id='word_1_209' title='bbox 241 4099 406 4157; x_wconf 83' lang='lat' dir='ltr'><strong>Italia</strong></span> <span class='ocrx_word' id='word_1_210' title='bbox 441 4101 502 4153; x_wconf 89' lang='lat' dir='ltr'><strong>in</strong></span> <span class='ocrx_word' id='word_1_211' title='bbox 540 4099 831 4155; x_wconf 72' lang='lat' dir='ltr'><strong>Graeciam</strong></span> <span class='ocrx_word' id='word_1_212' title='bbox 867 4100 1283 4170; x_wconf 76' lang='lat' dir='ltr'><strong>navigantibus.</strong></span> <span class='ocrx_word' id='word_1_213' title='bbox 1324 4130 1390 4139; x_wconf 90' lang='lat'><strong>--</strong></span> 
     </span>
     <span class='ocr_line' id='line_1_44' title="bbox 248 4170 1392 4240; baseline 0 -13"><span class='ocrx_word' id='word_1_214' title='bbox 248 4188 381 4239; x_wconf 75' lang='lat' dir='ltr'><strong>quae</strong></span> <span class='ocrx_word' id='word_1_215' title='bbox 403 4171 509 4226; x_wconf 78' lang='lat' dir='ltr'><strong>tibi</strong></span> <span class='ocrx_word' id='word_1_216' title='bbox 531 4170 792 4227; x_wconf 57' lang='lat' dir='ltr'><strong>&amp;editum</strong></span> <span class='ocrx_word' id='word_1_217' title='bbox 819 4171 998 4240; x_wconf 67' lang='lat' dir='ltr'><strong>debes]</strong></span> <span class='ocrx_word' id='word_1_218' title='bbox 1038 4170 1302 4226; x_wconf 70' lang='lat' dir='ltr'><strong>Consulto</strong></span> <span class='ocrx_word' id='word_1_219' title='bbox 1333 4176 1392 4227; x_wconf 88' lang='lat' dir='ltr'><strong>et</strong></span> 
     </span>
     <span class='ocr_line' id='line_1_45' title="bbox 247 4242 1396 4311; baseline 0.003 -15"><span class='ocrx_word' id='word_1_220' title='bbox 247 4242 540 4298; x_wconf 77' lang='lat' dir='ltr'><strong>artificiose</strong></span> <span class='ocrx_word' id='word_1_221' title='bbox 571 4243 761 4311; x_wconf 78' lang='lat' dir='ltr'><strong>posita</strong></span> <span class='ocrx_word' id='word_1_222' title='bbox 785 4248 918 4297; x_wconf 78' lang='lat' dir='ltr'><strong>sunt</strong></span> <span class='ocrx_word' id='word_1_223' title='bbox 937 4242 1144 4309; x_wconf 62' lang='lat' dir='ltr'><strong>finibus</strong></span> <span class='ocrx_word' id='word_1_224' title='bbox 1168 4244 1396 4311; x_wconf 73' lang='lat' dir='ltr'><strong>Atticis,</strong></span> 
     </span>
     <span class='ocr_line' id='line_1_46' title="bbox 247 4314 1396 4383; baseline 0.001 -15"><span class='ocrx_word' id='word_1_225' title='bbox 247 4318 310 4369; x_wconf 88' lang='lat' dir='ltr'><strong>ut</strong></span> <span class='ocrx_word' id='word_1_226' title='bbox 343 4319 646 4383; x_wconf 87' lang='lat' dir='ltr'><strong>utrumque</strong></span> <span class='ocrx_word' id='word_1_227' title='bbox 669 4316 906 4370; x_wconf 82' lang='lat' dir='ltr'><strong>verbum</strong></span> <span class='ocrx_word' id='word_1_228' title='bbox 931 4314 1085 4371; x_wconf 77' lang='lat' dir='ltr'><strong>debes</strong></span> <span class='ocrx_word' id='word_1_229' title='bbox 1111 4320 1170 4369; x_wconf 87' lang='lat' dir='ltr'><strong>et</strong></span> <span class='ocrx_word' id='word_1_230' title='bbox 1195 4314 1396 4369; x_wconf 69' lang='lat' dir='ltr'><strong>reddas</strong></span> 
     </span>
     <span class='ocr_line' id='line_1_47' title="bbox 249 4386 1395 4456; baseline 0.002 -17"><span class='ocrx_word' id='word_1_231' title='bbox 249 4386 545 4456; x_wconf 85' lang='lat' dir='ltr'><strong>attingant.</strong></span> <span class='ocrx_word' id='word_1_232' title='bbox 585 4386 784 4441; x_wconf 81' lang='lat' dir='ltr'><strong>Oratio</strong></span> <span class='ocrx_word' id='word_1_233' title='bbox 815 4386 946 4441; x_wconf 87' lang='lat' dir='ltr'><strong>inde</strong></span> <span class='ocrx_word' id='word_1_234' title='bbox 985 4386 1229 4441; x_wconf 84' lang='lat' dir='ltr'><strong>efficitur</strong></span> <span class='ocrx_word' id='word_1_235' title='bbox 1265 4404 1395 4441; x_wconf 90' lang='lat' dir='ltr'><strong>con-</strong></span> 
     </span>
     <span class='ocr_line' id='line_1_48' title="bbox 250 4457 1394 4527; baseline 0.002 -16"><span class='ocrx_word' id='word_1_236' title='bbox 250 4457 478 4525; x_wconf 85' lang='lat' dir='ltr'><strong>cinnior,</strong></span> <span class='ocrx_word' id='word_1_237' title='bbox 506 4474 674 4527; x_wconf 87' lang='lat' dir='ltr'><strong>quam</strong></span> <span class='ocrx_word' id='word_1_238' title='bbox 699 4459 746 4513; x_wconf 76' lang='lat' dir='ltr'><strong>si</strong></span> <span class='ocrx_word' id='word_1_239' title='bbox 770 4458 1068 4513; x_wconf 78' lang='lat' dir='ltr'><strong>molestum</strong></span> <span class='ocrx_word' id='word_1_240' title='bbox 1087 4474 1394 4527; x_wconf 84' lang='lat' dir='ltr'><strong>pronomen</strong></span> 
     </span>
     <span class='ocr_line' id='line_1_49' title="bbox 251 4526 1393 4598; baseline 0 -15"><span class='ocrx_word' id='word_1_241' title='bbox 251 4526 333 4583; x_wconf 71' lang='lat' dir='ltr'><strong>hia</strong></span> <span class='ocrx_word' id='word_1_242' title='bbox 365 4530 835 4598; x_wconf 84' lang='lat' dir='ltr'><strong>interponeretur.</strong></span> <span class='ocrx_word' id='word_1_243' title='bbox 897 4528 1037 4584; x_wconf 87' lang='lat' dir='ltr'><strong>Vult</strong></span> <span class='ocrx_word' id='word_1_244' title='bbox 1074 4528 1222 4583; x_wconf 86' lang='lat' dir='ltr'><strong>enim</strong></span> <span class='ocrx_word' id='word_1_245' title='bbox 1258 4530 1393 4584; x_wconf 86' lang='lat' dir='ltr'><strong>hoc:</strong></span> 
     </span>
     <span class='ocr_line' id='line_1_50' title="bbox 255 4598 1396 4673; baseline -0.001 -19"><span class='ocrx_word' id='word_1_246' title='bbox 255 4617 393 4669; x_wconf 81' lang='lat' dir='ltr'><strong>quae</strong></span> <span class='ocrx_word' id='word_1_247' title='bbox 427 4600 595 4656; x_wconf 73' lang='lat' dir='ltr'><strong>debes</strong></span> <span class='ocrx_word' id='word_1_248' title='bbox 611 4598 926 4673; x_wconf 80' lang='lat' dir='ltr'><strong>Vergilium</strong></span> <span class='ocrx_word' id='word_1_249' title='bbox 945 4600 1152 4655; x_wconf 75' lang='lat' dir='ltr'><strong>finibus</strong></span> <span class='ocrx_word' id='word_1_250' title='bbox 1172 4601 1396 4669; x_wconf 78' lang='lat' dir='ltr'><strong>Atticis,</strong></span> 
     </span>
    </p>
   </div>
   <div class='ocr_carea' id='block_1_4' title="bbox 777 1842 1418 1935">
    <p class='ocr_par' dir='ltr' id='par_1_5' title="bbox 777 1842 1418 1935">
     <span class='ocr_line' id='line_1_51' title="bbox 1395 1842 1418 1861; baseline 0 -2"><span class='ocrx_word' id='word_1_251' title='bbox 1395 1842 1418 1861; x_wconf 84' lang='grc'><strong>.</strong></span> 
     </span>
     <span class='ocr_line' id='line_1_52' title="bbox 777 1875 1388 1935; baseline -0.003 -2"><span class='ocrx_word' id='word_1_252' title='bbox 777 1878 960 1935; x_wconf 67' lang='lat' dir='ltr'><strong>Venus</strong></span> <span class='ocrx_word' id='word_1_253' title='bbox 1019 1875 1244 1932; x_wconf 77' lang='lat' dir='ltr'><strong>marina</strong></span> <span class='ocrx_word' id='word_1_254' title='bbox 1301 1880 1388 1931; x_wconf 81' lang='lat' dir='ltr'><strong>eat</strong></span> 
     </span>
    </p>
   </div>
   <div class='ocr_carea' id='block_1_5' title="bbox 1486 1878 2653 4670">
    <p class='ocr_par' dir='ltr' id='par_1_6' title="bbox 1489 1878 2650 2867">
     <span class='ocr_line' id='line_1_53' title="bbox 1491 1878 2649 1966; baseline 0.002 -33"><span class='ocrx_word' id='word_1_255' title='bbox 1491 1878 1693 1933; x_wconf 76' lang='lat' dir='ltr'><strong>reddas</strong></span> <span class='ocrx_word' id='word_1_256' title='bbox 1716 1895 1840 1933; x_wconf 88' lang='lat' dir='ltr'><strong>eum</strong></span> <span class='ocrx_word' id='word_1_257' title='bbox 1859 1878 1963 1933; x_wconf 76' lang='lat' dir='ltr'><strong>hia.</strong></span> <span class='ocrx_word' id='word_1_258' title='bbox 1984 1878 2145 1946; x_wconf 78' lang='lat' dir='ltr'><strong>Quod</strong></span> <span class='ocrx_word' id='word_1_259' title='bbox 2148 1897 2337 1966; x_wconf 73' lang='lat' dir='ltr'><strong>genua</strong></span> <span class='ocrx_word' id='word_1_260' title='bbox 2358 1880 2649 1964; x_wconf 68' lang='lat' dir='ltr'><strong>appellant</strong></span> 
     </span>
     <span class='ocr_line' id='line_1_54' title="bbox 1490 1947 2647 2021; baseline 0.002 -16"><span class='ocrx_word' id='word_1_261' title='bbox 1490 1949 1849 2019; x_wconf 73' lang='lat' dir='ltr'><strong>grammatici</strong></span> <span class='ocrx_word' id='word_1_262' title='bbox 1894 1951 2087 2021; x_wconf 78' lang='grc' dir='ltr'><strong><em>σχῆμα</em></strong></span> <span class='ocrx_word' id='word_1_263' title='bbox 2132 1947 2245 2005; x_wconf 76' lang='grc' dir='ltr'><strong>ἀπὸ</strong></span> <span class='ocrx_word' id='word_1_264' title='bbox 2282 1952 2471 2007; x_wconf 78' lang='grc' dir='ltr'>κοινοῦ</span> <span class='ocrx_word' id='word_1_265' title='bbox 2514 1970 2647 2020; x_wconf 88' lang='lat' dir='ltr'><strong>quo,</strong></span> 
     </span>
     <span class='ocr_line' id='line_1_55' title="bbox 1493 2020 2647 2095; baseline 0.004 -20"><span class='ocrx_word' id='word_1_266' title='bbox 1493 2038 1619 2075; x_wconf 88' lang='lat' dir='ltr'><strong>cum</strong></span> <span class='ocrx_word' id='word_1_267' title='bbox 1646 2020 1869 2090; x_wconf 83' lang='lat' dir='ltr'><strong>antiqui</strong></span> <span class='ocrx_word' id='word_1_268' title='bbox 1893 2022 2195 2092; x_wconf 78' lang='lat' dir='ltr'><strong>scriptores</strong></span> <span class='ocrx_word' id='word_1_269' title='bbox 2216 2024 2396 2095; x_wconf 78' lang='lat' dir='ltr'><strong>magis</strong></span> <span class='ocrx_word' id='word_1_270' title='bbox 2418 2024 2647 2079; x_wconf 88' lang='lat' dir='ltr'><strong>audien·</strong></span> 
     </span>
     <span class='ocr_line' id='line_1_56' title="bbox 1491 2092 2647 2164; baseline 0.004 -17"><span class='ocrx_word' id='word_1_271' title='bbox 1491 2092 1645 2147; x_wconf 80' lang='lat' dir='ltr'><strong>tibus</strong></span> <span class='ocrx_word' id='word_1_272' title='bbox 1672 2110 1839 2161; x_wconf 84' lang='lat' dir='ltr'><strong>quam</strong></span> <span class='ocrx_word' id='word_1_273' title='bbox 1864 2094 2181 2164; x_wconf 73' lang='lat' dir='ltr'><strong>legentibus</strong></span> <span class='ocrx_word' id='word_1_274' title='bbox 2218 2095 2533 2150; x_wconf 81' lang='lat' dir='ltr'><strong>scriberent</strong></span> <span class='ocrx_word' id='word_1_275' title='bbox 2554 2112 2647 2151; x_wconf 86' lang='lat' dir='ltr'><strong>ne-</strong></span> 
     </span>
     <span class='ocr_line' id='line_1_57' title="bbox 1493 2164 2647 2234; baseline 0.003 -16"><span class='ocrx_word' id='word_1_276' title='bbox 1493 2182 1602 2234; x_wconf 89' lang='lat' dir='ltr'><strong>que</strong></span> <span class='ocrx_word' id='word_1_277' title='bbox 1617 2164 1829 2219; x_wconf 70' lang='lat' dir='ltr'><strong>crebris</strong></span> <span class='ocrx_word' id='word_1_278' title='bbox 1850 2167 2141 2222; x_wconf 78' lang='lat' dir='ltr'><strong>commatis</strong></span> <span class='ocrx_word' id='word_1_279' title='bbox 2154 2166 2542 2234; x_wconf 75' lang='lat' dir='ltr'><strong>abuterentur,</strong></span> <span class='ocrx_word' id='word_1_280' title='bbox 2562 2166 2647 2221; x_wconf 87' lang='lat' dir='ltr'><strong>ita</strong></span> 
     </span>
     <span class='ocr_line' id='line_1_58' title="bbox 1492 2206 2649 2305; baseline 0.003 -15"><span class='ocrx_word' id='word_1_281' title='bbox 1492 2236 1579 2291; x_wconf 90' lang='lat' dir='ltr'><strong>uti</strong></span> <span class='ocrx_word' id='word_1_282' title='bbox 1614 2240 1943 2305; x_wconf 87' lang='lat' dir='ltr'><strong>potuerunt,</strong></span> <span class='ocrx_word' id='word_1_283' title='bbox 1993 2242 2059 2291; x_wconf 88' lang='lat' dir='ltr'><strong>ut</strong></span> <span class='ocrx_word' id='word_1_284' title='bbox 2099 2255 2271 2293; x_wconf 89' lang='lat' dir='ltr'><strong>unum</strong></span> <span class='ocrx_word' id='word_1_285' title='bbox 2308 2206 2649 2293; x_wconf 76' lang='lat' dir='ltr'><strong>vocabulum</strong></span> 
     </span>
     <span class='ocr_line' id='line_1_59' title="bbox 1492 2307 2646 2365; baseline 0.003 -3"><span class='ocrx_word' id='word_1_286' title='bbox 1492 2326 1619 2363; x_wconf 90' lang='lat' dir='ltr'><strong>cum</strong></span> <span class='ocrx_word' id='word_1_287' title='bbox 1656 2308 1873 2362; x_wconf 77' lang='lat' dir='ltr'><strong>duobus</strong></span> <span class='ocrx_word' id='word_1_288' title='bbox 1912 2307 2035 2363; x_wconf 79' lang='lat' dir='ltr'><strong>aliis</strong></span> <span class='ocrx_word' id='word_1_289' title='bbox 2064 2326 2133 2363; x_wconf 83' lang='lat' dir='ltr'><strong>ex</strong></span> <span class='ocrx_word' id='word_1_290' title='bbox 2168 2308 2403 2365; x_wconf 75' lang='lat' dir='ltr'><strong>diversis</strong></span> <span class='ocrx_word' id='word_1_291' title='bbox 2428 2313 2646 2365; x_wconf 75' lang='lat' dir='ltr'><strong>senten·</strong></span> 
     </span>
     <span class='ocr_line' id='line_1_60' title="bbox 1491 2380 2646 2464; baseline 0.002 -31"><span class='ocrx_word' id='word_1_292' title='bbox 1491 2380 1607 2435; x_wconf 87' lang='lat' dir='ltr'><strong>tiae</strong></span> <span class='ocrx_word' id='word_1_293' title='bbox 1642 2380 1900 2449; x_wconf 75' lang='lat' dir='ltr'><strong>partibus</strong></span> <span class='ocrx_word' id='word_1_294' title='bbox 1938 2380 2176 2464; x_wconf 75' lang='lat' dir='ltr'><strong>sumptis</strong></span> <span class='ocrx_word' id='word_1_295' title='bbox 2222 2381 2427 2436; x_wconf 87' lang='lat' dir='ltr'><strong>coniun</strong></span> <span class='ocrx_word' id='word_1_296' title='bbox 2468 2385 2646 2437; x_wconf 83' lang='lat' dir='ltr'><strong>erent.</strong></span> 
     </span>
     <span class='ocr_line' id='line_1_61' title="bbox 1492 2450 2649 2521; baseline 0.002 -16"><span class='ocrx_word' id='word_1_297' title='bbox 1492 2450 1615 2519; x_wconf 80' lang='lat' dir='ltr'><strong>Qua</strong></span> <span class='ocrx_word' id='word_1_298' title='bbox 1660 2469 1723 2506; x_wconf 86' lang='lat' dir='ltr'><strong>re</strong></span> <span class='ocrx_word' id='word_1_299' title='bbox 1771 2468 1885 2505; x_wconf 91' lang='lat' dir='ltr'><strong>non</strong></span> <span class='ocrx_word' id='word_1_300' title='bbox 1922 2453 2061 2507; x_wconf 76' lang='lat' dir='ltr'><strong>satis</strong></span> <span class='ocrx_word' id='word_1_301' title='bbox 2094 2458 2391 2521; x_wconf 81' lang='lat' dir='ltr'><strong>perspecta</strong></span> <span class='ocrx_word' id='word_1_302' title='bbox 2458 2457 2649 2509; x_wconf 77' lang='lat' dir='ltr'><strong>actum</strong></span> 
     </span>
     <span class='ocr_line' id='line_1_62' title="bbox 1493 2522 2650 2594; baseline 0.003 -17"><span class='ocrx_word' id='word_1_303' title='bbox 1493 2528 1594 2591; x_wconf 78' lang='lat' dir='ltr'><strong>est,</strong></span> <span class='ocrx_word' id='word_1_304' title='bbox 1621 2528 1686 2577; x_wconf 89' lang='lat' dir='ltr'><strong>ut</strong></span> <span class='ocrx_word' id='word_1_305' title='bbox 1710 2522 2002 2577; x_wconf 74' lang='lat' dir='ltr'><strong>haerentes</strong></span> <span class='ocrx_word' id='word_1_306' title='bbox 2024 2524 2364 2593; x_wconf 77' lang='lat' dir='ltr'><strong>interpretes</strong></span> <span class='ocrx_word' id='word_1_307' title='bbox 2394 2525 2494 2579; x_wconf 86' lang='lat' dir='ltr'><strong>alii</strong></span> <span class='ocrx_word' id='word_1_308' title='bbox 2517 2528 2650 2594; x_wconf 79' lang='lat' dir='ltr'><strong>post</strong></span> 
     </span>
     <span class='ocr_line' id='line_1_63' title="bbox 1505 2594 2647 2666; baseline 0.003 -18"><span class='ocrx_word' id='word_1_309' title='bbox 1505 2594 1805 2665; x_wconf 72' lang='lat' dir='ltr'><strong>Veryilmm</strong></span> <span class='ocrx_word' id='word_1_310' title='bbox 1844 2596 1941 2649; x_wconf 88' lang='lat' dir='ltr'><strong>alii</strong></span> <span class='ocrx_word' id='word_1_311' title='bbox 1976 2599 2109 2665; x_wconf 82' lang='lat' dir='ltr'><strong>post</strong></span> <span class='ocrx_word' id='word_1_312' title='bbox 2127 2595 2330 2649; x_wconf 76' lang='lat' dir='ltr'><strong>Atticis</strong></span> <span class='ocrx_word' id='word_1_313' title='bbox 2356 2597 2647 2666; x_wconf 83' lang='lat' dir='ltr'><strong>interpun-</strong></span> 
     </span>
     <span class='ocr_line' id='line_1_64' title="bbox 1493 2666 2647 2737; baseline 0.001 -16"><span class='ocrx_word' id='word_1_314' title='bbox 1493 2667 1679 2721; x_wconf 90' lang='lat' dir='ltr'><strong>ctione</strong></span> <span class='ocrx_word' id='word_1_315' title='bbox 1716 2666 2147 2737; x_wconf 75' lang='lat' dir='ltr'><strong>distinguerent.</strong></span> <span class='ocrx_word' id='word_1_316' title='bbox 2221 2666 2521 2735; x_wconf 76' lang='lat' dir='ltr'><strong>Oreditum,</strong></span> <span class='ocrx_word' id='word_1_317' title='bbox 2558 2668 2647 2722; x_wconf 80' lang='lat' dir='ltr'><strong>de-</strong></span> 
     </span>
     <span class='ocr_line' id='line_1_65' title="bbox 1489 2738 2645 2809; baseline 0.002 -16"><span class='ocrx_word' id='word_1_318' title='bbox 1489 2738 1595 2805; x_wconf 76' lang='lat' dir='ltr'><strong>bes,</strong></span> <span class='ocrx_word' id='word_1_319' title='bbox 1638 2738 1847 2795; x_wconf 72' lang='lat' dir='ltr'><strong>reddas</strong></span> <span class='ocrx_word' id='word_1_320' title='bbox 1890 2739 2162 2795; x_wconf 80' lang='lat' dir='ltr'><strong>vocabula</strong></span> <span class='ocrx_word' id='word_1_321' title='bbox 2207 2743 2340 2793; x_wconf 80' lang='lat' dir='ltr'><strong>sunt</strong></span> <span class='ocrx_word' id='word_1_322' title='bbox 2376 2740 2446 2793; x_wconf 87' lang='lat' dir='ltr'><strong>de</strong></span> <span class='ocrx_word' id='word_1_323' title='bbox 2482 2756 2645 2809; x_wconf 86' lang='lat' dir='ltr'><strong>pecu-</strong></span> 
     </span>
     <span class='ocr_line' id='line_1_66' title="bbox 1489 2810 2103 2867; baseline 0.007 -4"><span class='ocrx_word' id='word_1_324' title='bbox 1489 2810 1585 2863; x_wconf 85' lang='lat' dir='ltr'><strong>nia</strong></span> <span class='ocrx_word' id='word_1_325' title='bbox 1624 2810 1684 2865; x_wconf 87' lang='lat' dir='ltr'><strong>in</strong></span> <span class='ocrx_word' id='word_1_326' title='bbox 1719 2810 1915 2865; x_wconf 74' lang='lat' dir='ltr'><strong>faenus</strong></span> <span class='ocrx_word' id='word_1_327' title='bbox 1954 2812 2103 2867; x_wconf 81' lang='lat' dir='ltr'><strong>data.</strong></span> 
     </span>
    </p>

    <p class='ocr_par' dir='ltr' id='par_1_7' title="bbox 1489 2880 2651 3740">
     <span class='ocr_line' id='line_1_67' title="bbox 1563 2880 2645 2951; baseline 0.001 -15"><span class='ocrx_word' id='word_1_328' title='bbox 1563 2880 1629 2936; x_wconf 89' lang='lat' dir='ltr'><strong>V.</strong></span> <span class='ocrx_word' id='word_1_329' title='bbox 1674 2885 1709 2937; x_wconf 88' lang='lat'>8</span> <span class='ocrx_word' id='word_1_330' title='bbox 1764 2883 1983 2938; x_wconf 78' lang='lat' dir='ltr'><strong>animae</strong></span> <span class='ocrx_word' id='word_1_331' title='bbox 2032 2882 2319 2937; x_wconf 59' lang='lat' dir='ltr'><strong>dmidium</strong></span> <span class='ocrx_word' id='word_1_332' title='bbox 2360 2882 2525 2951; x_wconf 77' lang='lat' dir='ltr'><strong>meae]</strong></span> <span class='ocrx_word' id='word_1_333' title='bbox 2574 2882 2645 2937; x_wconf 80' lang='lat' dir='ltr'><strong>cf.</strong></span> 
     </span>
     <span class='ocr_line' id='line_1_68' title="bbox 1494 2953 2649 3025; baseline -0.003 -16"><span class='ocrx_word' id='word_1_334' title='bbox 1494 2955 1675 3009; x_wconf 87' lang='lat' dir='ltr'><strong>Carm.</strong></span> <span class='ocrx_word' id='word_1_335' title='bbox 1733 2954 1805 3018; x_wconf 88' lang='lat'><strong>11,</strong></span> <span class='ocrx_word' id='word_1_336' title='bbox 1856 2956 1941 3016; x_wconf 93' lang='grc'><strong>17,</strong></span> <span class='ocrx_word' id='word_1_337' title='bbox 1984 2956 2037 3009; x_wconf 88' lang='grc'><strong>5.</strong></span> <span class='ocrx_word' id='word_1_338' title='bbox 2110 2954 2255 3009; x_wconf 82' lang='lat' dir='ltr'><strong>Nam</strong></span> <span class='ocrx_word' id='word_1_339' title='bbox 2308 2956 2467 3025; x_wconf 75' lang='grc' dir='ltr'>φιλία</span> <span class='ocrx_word' id='word_1_340' title='bbox 2532 2953 2649 3007; x_wconf 69' lang='grc' dir='ltr'><strong>ἐστὶ</strong></span> 
     </span>
     <span class='ocr_line' id='line_1_69' title="bbox 1489 3021 2647 3097; baseline 0.002 -19"><span class='ocrx_word' id='word_1_341' title='bbox 1489 3031 1595 3097; x_wconf 83' lang='grc' dir='ltr'><strong>μία</strong></span> <span class='ocrx_word' id='word_1_342' title='bbox 1649 3024 1801 3096; x_wconf 78' lang='grc' dir='ltr'><strong><em>ψυχὴ</em></strong></span> <span class='ocrx_word' id='word_1_343' title='bbox 1851 3027 1911 3079; x_wconf 71' lang='grc' dir='ltr'><strong><em>ἐν</em></strong></span> <span class='ocrx_word' id='word_1_344' title='bbox 1960 3026 2116 3079; x_wconf 87' lang='grc' dir='ltr'><strong><em>δυοῖν</em></strong></span> <span class='ocrx_word' id='word_1_345' title='bbox 2166 3021 2407 3097; x_wconf 79' lang='grc' dir='ltr'>σώμασι.</span> <span class='ocrx_word' id='word_1_346' title='bbox 2451 3054 2514 3064; x_wconf 94' lang='grc'>-</span> <span class='ocrx_word' id='word_1_347' title='bbox 2558 3042 2647 3080; x_wconf 80' lang='lat' dir='ltr'><strong>ro-</strong></span> 
     </span>
     <span class='ocr_line' id='line_1_70' title="bbox 1493 3096 2650 3180; baseline -0.002 -27"><span class='ocrx_word' id='word_1_348' title='bbox 1493 3098 1597 3153; x_wconf 78' lang='lat' dir='ltr'><strong>bur</strong></span> <span class='ocrx_word' id='word_1_349' title='bbox 1631 3103 1682 3151; x_wconf 78' lang='lat' dir='ltr'><strong>et</strong></span> <span class='ocrx_word' id='word_1_350' title='bbox 1719 3112 1812 3153; x_wconf 69' lang='lat' dir='ltr'><strong>aes</strong></span> <span class='ocrx_word' id='word_1_351' title='bbox 1846 3097 2075 3166; x_wconf 75' lang='lat' dir='ltr'><strong>triplex]</strong></span> <span class='ocrx_word' id='word_1_352' title='bbox 2115 3097 2341 3180; x_wconf 76' lang='lat' dir='ltr'><strong>clipeus</strong></span> <span class='ocrx_word' id='word_1_353' title='bbox 2377 3096 2650 3151; x_wconf 73' lang='lat' dir='ltr'><strong>roboreus</strong></span> 
     </span>
     <span class='ocr_line' id='line_1_71' title="bbox 1493 3168 2649 3238; baseline -0.001 -15"><span class='ocrx_word' id='word_1_354' title='bbox 1493 3172 1551 3223; x_wconf 91' lang='lat' dir='ltr'><strong>et</strong></span> <span class='ocrx_word' id='word_1_355' title='bbox 1574 3169 1748 3223; x_wconf 85' lang='lat' dir='ltr'><strong>lorica</strong></span> <span class='ocrx_word' id='word_1_356' title='bbox 1773 3186 1843 3223; x_wconf 84' lang='lat' dir='ltr'><strong>ex</strong></span> <span class='ocrx_word' id='word_1_357' title='bbox 1868 3168 2085 3238; x_wconf 84' lang='lat' dir='ltr'><strong>triplici</strong></span> <span class='ocrx_word' id='word_1_358' title='bbox 2110 3170 2255 3224; x_wconf 80' lang='lat' dir='ltr'><strong>aeris</strong></span> <span class='ocrx_word' id='word_1_359' title='bbox 2282 3168 2494 3225; x_wconf 84' lang='lat' dir='ltr'><strong>lamina</strong></span> <span class='ocrx_word' id='word_1_360' title='bbox 2522 3186 2649 3223; x_wconf 92' lang='lat' dir='ltr'><strong>con-</strong></span> 
     </span>
     <span class='ocr_line' id='line_1_72' title="bbox 1493 3240 2647 3310; baseline -0.002 -15"><span class='ocrx_word' id='word_1_361' title='bbox 1493 3240 1642 3295; x_wconf 82' lang='lat' dir='ltr'><strong>fecta</strong></span> <span class='ocrx_word' id='word_1_362' title='bbox 1662 3258 1695 3294; x_wconf 80' lang='lat' dir='ltr'><strong>a</strong></span> <span class='ocrx_word' id='word_1_363' title='bbox 1713 3246 1941 3310; x_wconf 87' lang='lat' dir='ltr'><strong>pectore</strong></span> <span class='ocrx_word' id='word_1_364' title='bbox 1955 3245 2012 3294; x_wconf 89' lang='lat' dir='ltr'><strong>et</strong></span> <span class='ocrx_word' id='word_1_365' title='bbox 2027 3241 2213 3295; x_wconf 80' lang='lat' dir='ltr'><strong>animo</strong></span> <span class='ocrx_word' id='word_1_366' title='bbox 2236 3240 2505 3295; x_wconf 76' lang='lat' dir='ltr'><strong>humanos</strong></span> <span class='ocrx_word' id='word_1_367' title='bbox 2527 3258 2647 3295; x_wconf 74' lang='lat' dir='ltr'><strong>son-</strong></span> 
     </span>
     <span class='ocr_line' id='line_1_73' title="bbox 1493 3310 2647 3381; baseline 0.001 -16"><span class='ocrx_word' id='word_1_368' title='bbox 1493 3329 1589 3365; x_wconf 75' lang='lat' dir='ltr'><strong>aua</strong></span> <span class='ocrx_word' id='word_1_369' title='bbox 1624 3311 1948 3381; x_wconf 84' lang='lat' dir='ltr'><strong>prohibent.</strong></span> <span class='ocrx_word' id='word_1_370' title='bbox 1987 3312 2187 3368; x_wconf 83' lang='lat' dir='ltr'><strong>Graeci</strong></span> <span class='ocrx_word' id='word_1_371' title='bbox 2222 3312 2339 3365; x_wconf 85' lang='lat' dir='ltr'><strong>eius</strong></span> <span class='ocrx_word' id='word_1_372' title='bbox 2372 3310 2526 3367; x_wconf 85' lang='lat' dir='ltr'><strong>modi</strong></span> <span class='ocrx_word' id='word_1_373' title='bbox 2548 3311 2647 3366; x_wconf 87' lang='lat' dir='ltr'><strong>ho·</strong></span> 
     </span>
     <span class='ocr_line' id='line_1_74' title="bbox 1493 3376 2650 3455; baseline -0.003 -17"><span class='ocrx_word' id='word_1_374' title='bbox 1493 3384 1701 3439; x_wconf 83' lang='lat' dir='ltr'><strong>minem</strong></span> <span class='ocrx_word' id='word_1_375' title='bbox 1765 3378 2146 3455; x_wconf 79' lang='grc' dir='ltr'><strong><em>σιδηρόφρονα</em></strong></span> <span class='ocrx_word' id='word_1_376' title='bbox 2208 3388 2267 3437; x_wconf 85' lang='lat' dir='ltr'><strong>et</strong></span> <span class='ocrx_word' id='word_1_377' title='bbox 2313 3376 2650 3454; x_wconf 72' lang='grc' dir='ltr'><strong><em>χαλκεοκάρ-</em></strong></span> 
     </span>
     <span class='ocr_line' id='line_1_75' title="bbox 1495 3454 2645 3525; baseline 0.001 -17"><span class='ocrx_word' id='word_1_378' title='bbox 1495 3456 1620 3509; x_wconf 82' lang='grc' dir='ltr'>διον</span> <span class='ocrx_word' id='word_1_379' title='bbox 1665 3455 2045 3525; x_wconf 80' lang='lat' dir='ltr'><strong>appellabant,</strong></span> <span class='ocrx_word' id='word_1_380' title='bbox 2094 3455 2245 3511; x_wconf 86' lang='lat' dir='ltr'><strong>unde</strong></span> <span class='ocrx_word' id='word_1_381' title='bbox 2281 3454 2645 3524; x_wconf 75' lang='lat' dir='ltr'><strong>Aristophan.</strong></span> 
     </span>
     <span class='ocr_line' id='line_1_76' title="bbox 1495 3524 2650 3598; baseline -0.003 -16"><span class='ocrx_word' id='word_1_382' title='bbox 1495 3528 1799 3582; x_wconf 78' lang='lat' dir='ltr'><strong>Ran.1017</strong></span> <span class='ocrx_word' id='word_1_383' title='bbox 1837 3528 2023 3583; x_wconf 81' lang='lat' dir='ltr'><strong>iocose</strong></span> <span class='ocrx_word' id='word_1_384' title='bbox 2048 3524 2262 3598; x_wconf 78' lang='grc' dir='ltr'><strong><em>θυμους</em></strong></span> <span class='ocrx_word' id='word_1_385' title='bbox 2298 3526 2650 3594; x_wconf 77' lang='grc' dir='ltr'><strong><em>ἑπταβοείους</em></strong></span> 
     </span>
     <span class='ocr_line' id='line_1_77' title="bbox 1493 3598 2645 3686; baseline 0 -33"><span class='ocrx_word' id='word_1_386' title='bbox 1493 3599 1649 3653; x_wconf 83' lang='lat' dir='ltr'><strong>fecit.</strong></span> <span class='ocrx_word' id='word_1_387' title='bbox 1722 3598 1953 3655; x_wconf 74' lang='lat' dir='ltr'><strong>Secutus</strong></span> <span class='ocrx_word' id='word_1_388' title='bbox 2010 3604 2097 3654; x_wconf 79' lang='lat' dir='ltr'><strong>est</strong></span> <span class='ocrx_word' id='word_1_389' title='bbox 2159 3602 2328 3683; x_wconf 65' lang='lat' dir='ltr'><strong>poeta</strong></span> <span class='ocrx_word' id='word_1_390' title='bbox 2388 3598 2645 3686; x_wconf 89' lang='lat' dir='ltr'><strong>Sophocl.</strong></span> 
     </span>
     <span class='ocr_line' id='line_1_78' title="bbox 1493 3667 2651 3756; baseline 0 -31"><span class='ocrx_word' id='word_1_391' title='bbox 1493 3672 1685 3756; x_wconf 57' lang='lat' dir='ltr'><strong>Antig5</strong></span> <span class='ocrx_word' id='word_1_392' title='bbox 1713 3674 1848 3724; x_wconf 80' lang='grc'>332·</span> <span class='ocrx_word' id='word_1_393' title='bbox 1892 3667 2114 3754; x_wconf 62' lang='lat' dir='ltr'><strong>„nouit</strong></span> <span class='ocrx_word' id='word_1_394' title='bbox 2148 3668 2215 3723; x_wconf 79' lang='grc' dir='ltr'><strong>τὰ</strong></span> <span class='ocrx_word' id='word_1_395' title='bbox 2256 3668 2409 3725; x_wconf 80' lang='grc' dir='ltr'>δεινὰ</span> <span class='ocrx_word' id='word_1_396' title='bbox 2448 3667 2651 3725; x_wconf 76' lang='grc' dir='ltr'><strong><em>κούδὲν</em></strong></span> 
     </span>
    </p>

    <p class='ocr_par' dir='ltr' id='par_1_8' title="bbox 1486 3736 2653 4656">
     <span class='ocr_line' id='line_1_79' title="bbox 1491 3736 2651 3825; baseline 0 -30"><span class='ocrx_word' id='word_1_397' title='bbox 1491 3736 1794 3811; x_wconf 74' lang='grc' dir='ltr'><strong><em>ἀνθρώπου</em></strong></span> <span class='ocrx_word' id='word_1_398' title='bbox 1815 3736 2123 3810; x_wconf 81' lang='grc' dir='ltr'><strong><em>δεινότεοον</em></strong></span> <span class='ocrx_word' id='word_1_399' title='bbox 2142 3744 2319 3797; x_wconf 75' lang='grc' dir='ltr'>πέλει·</span> <span class='ocrx_word' id='word_1_400' title='bbox 2346 3742 2504 3795; x_wconf 79' lang='grc' dir='ltr'><strong><em>τοῦτο</em></strong></span> <span class='ocrx_word' id='word_1_401' title='bbox 2522 3746 2651 3825; x_wconf 73' lang='grc' dir='ltr'><strong><em>περὶ</em></strong></span> 
     </span>
     <span class='ocr_line' id='line_1_80' title="bbox 1491 3794 2649 3885; baseline 0 -18"><span class='ocrx_word' id='word_1_402' title='bbox 1491 3794 1687 3867; x_wconf 66' lang='grc' dir='ltr'><strong><em>πολῖοῢ</em></strong></span> <span class='ocrx_word' id='word_1_403' title='bbox 1722 3818 1903 3882; x_wconf 77' lang='grc' dir='ltr'><strong><em>πέραν</em></strong></span> <span class='ocrx_word' id='word_1_404' title='bbox 1952 3808 2159 3867; x_wconf 85' lang='grc' dir='ltr'><strong><em>πόντου</em></strong></span> <span class='ocrx_word' id='word_1_405' title='bbox 2199 3819 2467 3885; x_wconf 77' lang='grc' dir='ltr'>χειμερίῳ</span> <span class='ocrx_word' id='word_1_406' title='bbox 2510 3807 2649 3883; x_wconf 74' lang='grc' dir='ltr'><strong><em>νότῳ</em></strong></span> 
     </span>
     <span class='ocr_line' id='line_1_81' title="bbox 1486 3886 2652 3956; baseline -0.001 -18"><span class='ocrx_word' id='word_1_407' title='bbox 1486 3892 1675 3956; x_wconf 79' lang='grc' dir='ltr'>χωρεῖ,</span> <span class='ocrx_word' id='word_1_408' title='bbox 1702 3888 2099 3955; x_wconf 78' lang='grc' dir='ltr'>περιβρυχίοισι</span> <span class='ocrx_word' id='word_1_409' title='bbox 2130 3887 2317 3953; x_wconf 78' lang='grc' dir='ltr'><strong><em>περῶν</em></strong></span> <span class='ocrx_word' id='word_1_410' title='bbox 2336 3887 2427 3940; x_wconf 78' lang='grc' dir='ltr'><strong>ἐπ’</strong></span> <span class='ocrx_word' id='word_1_411' title='bbox 2453 3886 2652 3956; x_wconf 77' lang='grc' dir='ltr'><strong><em>οἴδμα-</em></strong></span> 
     </span>
     <span class='ocr_line' id='line_1_82' title="bbox 1493 3957 2649 4027; baseline 0 -16"><span class='ocrx_word' id='word_1_412' title='bbox 1493 3958 1635 4012; x_wconf 79' lang='grc' dir='ltr'>σιν.“</span> <span class='ocrx_word' id='word_1_413' title='bbox 1705 3986 1767 3997; x_wconf 87' lang='lat'><strong>—-</strong></span> <span class='ocrx_word' id='word_1_414' title='bbox 1833 3958 2001 4027; x_wconf 67' lang='lat' dir='ltr'><strong>tract]</strong></span> <span class='ocrx_word' id='word_1_415' title='bbox 2071 3957 2329 4011; x_wconf 85' lang='lat' dir='ltr'><strong>horribili</strong></span> <span class='ocrx_word' id='word_1_416' title='bbox 2402 3960 2649 4027; x_wconf 75' lang='lat' dir='ltr'><strong>aspectu.</strong></span> 
     </span>
     <span class='ocr_line' id='line_1_83' title="bbox 1496 4027 2649 4099; baseline -0.001 -15"><span class='ocrx_word' id='word_1_417' title='bbox 1496 4029 1567 4085; x_wconf 85' lang='lat' dir='ltr'><strong>cf.</strong></span> <span class='ocrx_word' id='word_1_418' title='bbox 1606 4028 1787 4099; x_wconf 86' lang='lat' dir='ltr'><strong>Epod.</strong></span> <span class='ocrx_word' id='word_1_419' title='bbox 1830 4031 1882 4095; x_wconf 90' lang='grc'><strong>2,</strong></span> <span class='ocrx_word' id='word_1_420' title='bbox 1922 4032 1975 4083; x_wconf 85' lang='grc'><strong>5.</strong></span> <span class='ocrx_word' id='word_1_421' title='bbox 2013 4027 2275 4083; x_wconf 87' lang='lat' dir='ltr'><strong>Ceterum</strong></span> <span class='ocrx_word' id='word_1_422' title='bbox 2311 4029 2451 4083; x_wconf 85' lang='lat' dir='ltr'><strong>haec</strong></span> <span class='ocrx_word' id='word_1_423' title='bbox 2487 4046 2649 4083; x_wconf 83' lang='lat' dir='ltr'><strong>voca-</strong></span> 
     </span>
     <span class='ocr_line' id='line_1_84' title="bbox 1493 4100 2652 4170; baseline 0 -15"><span class='ocrx_word' id='word_1_424' title='bbox 1493 4101 1631 4157; x_wconf 88' lang='lat' dir='ltr'><strong>bula</strong></span> <span class='ocrx_word' id='word_1_425' title='bbox 1686 4100 1947 4170; x_wconf 72' lang='lat' dir='ltr'><strong>frayilem</strong></span> <span class='ocrx_word' id='word_1_426' title='bbox 2006 4100 2155 4155; x_wconf 76' lang='lat' dir='ltr'><strong>truci</strong></span> <span class='ocrx_word' id='word_1_427' title='bbox 2224 4100 2419 4169; x_wconf 74' lang='lat' dir='ltr'><strong>pelayo</strong></span> <span class='ocrx_word' id='word_1_428' title='bbox 2476 4104 2652 4155; x_wconf 80' lang='lat' dir='ltr'><strong>ratem</strong></span> 
     </span>
     <span class='ocr_line' id='line_1_85' title="bbox 1496 4172 2648 4240; baseline 0 -13"><span class='ocrx_word' id='word_1_429' title='bbox 1496 4173 1729 4227; x_wconf 78' lang='lat' dir='ltr'><strong>chiasmi</strong></span> <span class='ocrx_word' id='word_1_430' title='bbox 1780 4172 1977 4227; x_wconf 81' lang='lat' dir='ltr'><strong>ordine</strong></span> <span class='ocrx_word' id='word_1_431' title='bbox 2022 4172 2296 4227; x_wconf 86' lang='lat' dir='ltr'><strong>collocata</strong></span> <span class='ocrx_word' id='word_1_432' title='bbox 2342 4175 2491 4239; x_wconf 78' lang='lat' dir='ltr'><strong>sunt,</strong></span> <span class='ocrx_word' id='word_1_433' title='bbox 2538 4188 2648 4240; x_wconf 90' lang='lat' dir='ltr'><strong>quo</strong></span> 
     </span>
     <span class='ocr_line' id='line_1_86' title="bbox 1492 4242 2648 4309; baseline 0 -11"><span class='ocrx_word' id='word_1_434' title='bbox 1492 4244 1809 4309; x_wconf 81' lang='lat' dir='ltr'><strong>fragilitate</strong></span> <span class='ocrx_word' id='word_1_435' title='bbox 1816 4242 2112 4298; x_wconf 85' lang='lat' dir='ltr'><strong>naviculae</strong></span> <span class='ocrx_word' id='word_1_436' title='bbox 2121 4246 2319 4297; x_wconf 83' lang='lat' dir='ltr'><strong>contra</strong></span> <span class='ocrx_word' id='word_1_437' title='bbox 2333 4242 2648 4298; x_wconf 84' lang='lat' dir='ltr'><strong>immanita-</strong></span> 
     </span>
     <span class='ocr_line' id='line_1_87' title="bbox 1495 4312 2653 4385; baseline 0 -15"><span class='ocrx_word' id='word_1_438' title='bbox 1495 4320 1609 4370; x_wconf 86' lang='lat' dir='ltr'><strong>tem</strong></span> <span class='ocrx_word' id='word_1_439' title='bbox 1628 4316 1799 4370; x_wconf 81' lang='lat' dir='ltr'><strong>maris</strong></span> <span class='ocrx_word' id='word_1_440' title='bbox 1820 4315 2006 4385; x_wconf 80' lang='lat' dir='ltr'><strong>posita</strong></span> <span class='ocrx_word' id='word_1_441' title='bbox 2024 4314 2271 4369; x_wconf 86' lang='lat' dir='ltr'><strong>humana</strong></span> <span class='ocrx_word' id='word_1_442' title='bbox 2287 4312 2522 4369; x_wconf 80' lang='lat' dir='ltr'><strong>audacia</strong></span> <span class='ocrx_word' id='word_1_443' title='bbox 2536 4332 2653 4370; x_wconf 82' lang='lat' dir='ltr'><strong>ma·</strong></span> 
     </span>
     <span class='ocr_line' id='line_1_88' title="bbox 1495 4385 2649 4469; baseline 0 -28"><span class='ocrx_word' id='word_1_444' title='bbox 1495 4387 1582 4469; x_wconf 72' lang='lat' dir='ltr'><strong>gis</strong></span> <span class='ocrx_word' id='word_1_445' title='bbox 1622 4387 2053 4441; x_wconf 74' lang='lat' dir='ltr'><strong>illustretur.—</strong></span> <span class='ocrx_word' id='word_1_446' title='bbox 2080 4385 2273 4441; x_wconf 62' lang='lat' dir='ltr'><strong>decer-t</strong></span> <span class='ocrx_word' id='word_1_447' title='bbox 2292 4385 2475 4454; x_wconf 73' lang='lat' dir='ltr'><strong>Aquil.</strong></span> <span class='ocrx_word' id='word_1_448' title='bbox 2480 4385 2501 4455; x_wconf 92' lang='grc'>]</span> <span class='ocrx_word' id='word_1_449' title='bbox 2540 4386 2649 4441; x_wconf 88' lang='lat' dir='ltr'><strong>Da-</strong></span> 
     </span>
     <span class='ocr_line' id='line_1_89' title="bbox 1497 4457 2650 4539; baseline 0.001 -28"><span class='ocrx_word' id='word_1_450' title='bbox 1497 4458 1647 4512; x_wconf 75' lang='lat' dir='ltr'><strong>tivue</strong></span> <span class='ocrx_word' id='word_1_451' title='bbox 1693 4476 1798 4528; x_wconf 86' lang='lat' dir='ltr'><strong>pro</strong></span> <span class='ocrx_word' id='word_1_452' title='bbox 1837 4474 1959 4513; x_wconf 76' lang='lat' dir='ltr'><strong>cum</strong></span> <span class='ocrx_word' id='word_1_453' title='bbox 2006 4473 2272 4539; x_wconf 79' lang='lat' dir='ltr'><strong>praepos·</strong></span> <span class='ocrx_word' id='word_1_454' title='bbox 2306 4461 2366 4510; x_wconf 88' lang='lat' dir='ltr'><strong>et</strong></span> <span class='ocrx_word' id='word_1_455' title='bbox 2400 4457 2650 4513; x_wconf 82' lang='lat' dir='ltr'><strong>ablativo</strong></span> 
     </span>
     <span class='ocr_line' id='line_1_90' title="bbox 1497 4526 2652 4600; baseline -0.003 -16"><span class='ocrx_word' id='word_1_456' title='bbox 1497 4546 1627 4584; x_wconf 76' lang='lat' dir='ltr'><strong>casu</strong></span> <span class='ocrx_word' id='word_1_457' title='bbox 1649 4529 1721 4583; x_wconf 84' lang='lat' dir='ltr'><strong>ad</strong></span> <span class='ocrx_word' id='word_1_458' title='bbox 1742 4528 2061 4596; x_wconf 84' lang='lat' dir='ltr'><strong>exemplum</strong></span> <span class='ocrx_word' id='word_1_459' title='bbox 2085 4526 2275 4599; x_wconf 82' lang='lat' dir='ltr'><strong>graeci</strong></span> <span class='ocrx_word' id='word_1_460' title='bbox 2294 4528 2455 4582; x_wconf 83' lang='lat' dir='ltr'><strong>verbi</strong></span> <span class='ocrx_word' id='word_1_461' title='bbox 2478 4546 2652 4600; x_wconf 77' lang='grc' dir='ltr'><strong><em>μαχε·</em></strong></span> 
     </span>
     <span class='ocr_line' id='line_1_91' title="bbox 1499 4600 2651 4670; baseline 0.002 -17"><span class='ocrx_word' id='word_1_462' title='bbox 1499 4607 1659 4669; x_wconf 71' lang='grc' dir='ltr'>σθαι,</span> <span class='ocrx_word' id='word_1_463' title='bbox 1710 4601 1793 4655; x_wconf 77' lang='lat' dir='ltr'><strong>sic</strong></span> <span class='ocrx_word' id='word_1_464' title='bbox 1830 4600 2651 4670; x_wconf 77' lang='lat' dir='ltr'><strong>Carm.1,1‚15.11,6‚15.</strong></span> 
     </span>
    </p>
   </div>
  </div>
 </body>
</html>
