3092 5059
1108 240 1271 306 LIB.
1315 240 1402 305 ΙΙ.
1447 238 1633 305 SAT.
1676 238 1785 305 IV.

2537 233 2663 299 459

362 427 918 529 Quaecumque
963 428 1387 507 immundis
1433 428 1740 505 fervent
1788 426 2025 503 allata
2074 422 2407 522 popinis.

355 554 494 629 Est
541 578 827 653 operae
876 554 1212 654 pretium
1265 552 1599 652 duplicis
1648 574 2108 652 pernoscere
2150 546 2337 624 iuris

356 677 752 755 Naturam.

859 678 1202 779 Simplex
1253 704 1298 755 e
1351 677 1565 754 dulci
1618 688 1912 753 constat
1966 674 2199 770 olivo,

273 834 328 875 or,
365 803 598 895 Quod
648 804 924 902 pingui
973 804 1300 881 miscere
1350 828 1566 881 mero
1614 801 2019 901 muriaque
2070 796 2397 894 decebit,

356 928 536 1005 Non
585 926 742 1004 alia
795 952 1026 1027 quam
1081 953 1236 1028 qua
1284 926 1659 1026 Byzantia
1710 924 1969 1025 putuit
2016 948 2219 1001 orca.

356 1054 534 1130 Hoc
582 1053 722 1129 ubi
773 1051 1180 1129 confusum
1231 1052 1456 1131 sectis
1505 1051 1881 1129 inferbuit
1927 1049 2190 1127 herbis

360 1178 852 1278 Corycioque
901 1202 1128 1255 croco
1174 1203 1526 1276 sparsum
1580 1176 1807 1269 stetit,
1860 1177 2175 1275 insuper
2218 1170 2459 1249 addes

358 1304 636 1380 Pressa
681 1302 1166 1381 Venafranae
1211 1301 1424 1402 quod
1474 1304 1671 1379 baca
1720 1300 2017 1379 remisit
2066 1297 2341 1375 olivae.

277 1458 328 1497 -ιο
363 1422 666 1499 Picenis
718 1422 1004 1501 cedunt
1051 1423 1304 1523 pomis
1351 1421 1701 1498 Tiburtia
1750 1444 1971 1496 suco:

358 1546 560 1625 Nam
604 1548 808 1624 facie
855 1558 1271 1648 praestant.

1375 1545 1779 1624 Venucula
1830 1548 2193 1625 convenit
2243 1547 2459 1643 ollis3

361 1672 668 1749 Rectius
721 1671 1112 1749 Albanam
1163 1674 1382 1749 fumo
1437 1672 1839 1750 duraveris
1890 1700 2145 1751 uvam.

362 1781 590 1872 Hanc
643 1822 789 1895 ego
844 1822 1020 1873 cum
1071 1796 1318 1890 malis,
1373 1822 1520 1894 ego
1575 1797 1869 1875 faecem
1919 1798 2217 1896 primus
2268 1810 2346 1875 et
2394 1798 2611 1893 allec,

364 1923 670 1999 Primus
723 1934 799 1999 et
847 1924 1203 2001 invenior
1253 1924 1482 2021 piper
1524 1923 1789 2000 album
1845 1950 2022 2000 cum
2073 1923 2231 2001 sale
2280 1923 2505 2022 nigro

277 2080 330 2123 τε
365 2046 760 2125 Incretum
811 2048 1022 2147 puris
1067 2047 1707 2147 circumposuisse
1755 2048 2054 2125 catillis.

363 2174 712 2249 Immane
761 2185 877 2249 est
918 2173 1184 2249 vitium
1242 2174 1426 2249 dare
1469 2172 1689 2249 milia
1731 2186 1949 2250 terna
1990 2173 2317 2252 macello

369 2298 882 2398 Angustoque
933 2323 1170 2397 vagos
1222 2300 1473 2397 pisces
1519 2324 1803 2398 urgere
1852 2300 2130 2377 catin0.

363 2426 654 2522 Magna
702 2436 962 2499 movet
1009 2424 1404 2501 stomacho
1457 2424 1793 2522 fastidia,
1848 2450 1986 2503 seu
2034 2450 2230 2524 puer
2281 2422 2533 2499 unctis

365 2549 761 2626 Tractavit
809 2550 1128 2627 calicem
1178 2551 1556 2649 manibus,
1612 2551 1798 2628 dum
1848 2552 2059 2629 furta
2107 2550 2441 2649 ligurrit,

265 2805 500 2875 Ritter.)
556 2805 862 2874 immersus,
906 2810 1058 2878 quod
1101 2810 1250 2865 idem
1305 2828 1422 2866 esse

267 2878 432 2933 aiunt
467 2877 620 2945 quod
654 2880 948 2947 vellicatus,
983 2882 1288 2951 excitatus3
1325 2900 1420 2937 vo-

265 2949 534 3005 cabulum
575 2949 782 3005 dubiae
817 2956 904 3005 est
937 2953 1422 3022 interpretationis

267 3026 328 3075 et
363 3020 620 3088 exemplo
657 3024 885 3077 omnino
917 3026 1094 3081 caret.
1135 3053 1202 3063 —
1237 3024 1419 3095 malit]

267 3109 440 3161 quam
493 3092 788 3148 lactucam.
841 3124 908 3135 -—
964 3096 1282 3166 immundis]
1347 3096 1420 3151 cf.

265 3164 375 3232 Ep.
413 3163 457 3227 I,
497 3165 580 3231 14,
619 3167 705 3219 21.
777 3166 1025 3221 Martial.
1075 3167 1200 3235 V11,
1237 3171 1324 3235 61,
1363 3170 1420 3222 8:

211 3268 218 3273 ·
267 3234 472 3305 „nigra
504 3236 766 3304 popina.“
821 3264 882 3277 -
935 3238 1048 3293 Est
1085 3238 1302 3308 operas]
1337 3240 1423 3295 Io-

269 3322 398 3361 cose
433 3306 690 3362 imitatur
714 3308 977 3371 Ennium.
1013 3311 1170 3365 cuius
1202 3328 1424 3365 versum

269 3377 402 3433 vide
434 3377 509 3432 ad
546 3378 661 3433 Sat.
684 3378 730 3449 1,
749 3382 802 3448 2,
829 3383 914 3435 37.
941 3381 1016 3436 cf.
1043 3382 1216 3437 etiam
1240 3382 1422 3452 Epist.

271 3448 346 3515 11,
388 3452 436 3516 1,
472 3450 597 3504 229.

343 3519 407 3573 V.
433 3522 520 3575 65.
557 3521 767 3593 muria]
805 3524 1090 3592 liquamen
1124 3525 1444 3594 praecipue·

269 3591 626 3659 thynnorum.
669 3594 860 3649 Catius
898 3612 1022 3651 eam
1059 3597 1256 3653 laudat
1281 3614 1425 3665 quae

267 3666 508 3732 pai-atur
543 3681 611 3718 ex
645 3665 874 3735 thynnis
909 3667 1062 3738 apud
1091 3668 1424 3737 Byzantium

269 3734 466 3803 captis.
490 3764 556 3775 -
579 3736 732 3807 orca]
755 3756 854 3793 vas
870 3738 1042 3794 fictile
1061 3741 1151 3795 vel
1173 3741 1424 3811 ligneum

269 3806 560 3887 servandis
579 3809 943 3865 salsamentis.
955 3840 1020 3851 -
1037 3810 1136 3867 hoc
1153 3812 1264 3881 ubi]
1287 3812 1424 3866 Cum

271 3876 476 3946 quibus
501 3878 668 3933 rebus
695 3882 1066 3951 compositum
1087 3884 1166 3938 sit
1183 3884 1270 3937 ius
1295 3882 1422 3939 sim-

269 3949 402 4018 plex
439 3951 780 4019 exposuerit,
827 3954 940 4009 iam
979 3973 1048 4009 ea
1081 3954 1242 4009 addit
1283 3972 1426 4023 quae

269 4024 340 4074 ut
371 4022 744 4091 compositum
769 4025 854 4078 ius
883 4032 1116 4094 paretur
1141 4026 1426 4081 addantur

269 4108 494 4148 necesse
533 4094 624 4148 sit.
663 4124 728 4135 —
763 4096 963 4167 herbis]
1001 4098 1199 4166 erucis,
1237 4098 1423 4159 inuiis,

269 4167 340 4218 ut
377 4162 494 4218 Sat.
516 4165 588 4231 ΙΙ,
613 4165 665 4232 8,
689 4168 777 4221 51.
797 4196 864 4207 -
885 4166 1214 4239 Corycioque
1251 4168 1424 4238 croco]

271 4234 422 4289 Plin.
445 4235 512 4289 N.
533 4236 602 4291 H.
629 4238 779 4299 XXI.
801 4240 861 4293 6:
902 4240 1127 4307 „Prima
1157 4239 1424 4295 nobilitas

270 4306 468 4361 Cilicio
480 4305 688 4377 (croco)
711 4314 769 4363 et
786 4310 868 4364 ibi
887 4311 946 4364 in
957 4312 1166 4379 Coryco
1182 4312 1426 4367 monte.“

277 4406 332 4415 -
379 4378 546 4448 steut]
583 4386 648 4435 ut
683 4382 956 4450 paulatim
995 4384 1320 4452 intepescat.
1355 4412 1424 4423 -

283 4447 656 4530 Venafranae]
695 4452 826 4506 vide
863 4454 934 4507 ad
971 4454 1156 4509 Carm.
1175 4455 1246 4518 11,
1263 4457 1314 4521 6,
1342 4456 1424 4509 16.

275 4548 346 4561 -
373 4518 616 4591 Rem]
655 4522 768 4578 Sat.
793 4524 868 4591 11,
893 4527 944 4593 3,
977 4526 1100 4579 272.
1145 4526 1218 4581 cf.
1241 4526 1424 4581 Carm.

271 4591 324 4656 1,
345 4591 432 4660 17,
455 4594 538 4647 14.
563 4622 628 4633 -
654 4594 1006 4667 Vmuculam]
1026 4614 1214 4667 uvam,
1227 4597 1298 4653 de
1317 4614 1428 4666 qua

1513 2810 1659 2865 Plin.
1678 2810 1747 2865 N.
1770 2810 1841 2865 Η.
1863 2809 2010 2878 xlv,
2035 2811 2093 2865 2:
2120 2810 2503 2877 „Venuculam
2520 2808 2671 2863 inter

1515 2884 1729 2951 optime
1754 2882 2179 2937 deflorescentes
2215 2887 2274 2937 et
2296 2882 2423 2935 ollis
2450 2880 2668 2950 aptissi-

1513 2972 1667 3008 mam
1707 2954 1974 3023 Campani
2009 2954 2230 3008 malunt
2274 2953 2538 3007 sirculam
2574 2968 2671 3005 vo·

1513 3042 1659 3086 care,
1702 3026 1801 3080 alii
1838 3025 2161 3080 staculam.“
2202 3024 2430 3080 Holder.
2460 3028 2521 3078 et
2544 3040 2670 3076 cum

1511 3114 1579 3152 eo
1622 3096 1845 3151 Miiller.
1900 3096 2141 3152 Fritsch.
2200 3097 2546 3166 scripserunt
2600 3112 2668 3149 ex

1513 3169 1741 3238 optimis
1778 3168 1937 3223 codd.
1974 3168 2343 3235 emunctam
2380 3168 2553 3222 etiam
2586 3183 2668 3221 ve-

1511 3240 1701 3295 nicaea
1718 3245 1777 3294 et
1796 3240 2106 3295 vennucula
2128 3240 2417 3294 scribitur.
2446 3266 2510 3279 —-
2550 3238 2667 3309 eqo]

1511 3311 1581 3366 ln
1630 3312 1841 3365 iterato
1886 3310 2217 3381 pronomine
2258 3310 2541 3366 cernenda
2584 3315 2671 3365 est

1513 3383 1757 3453 gloriola
1810 3382 2052 3437 hominis
2106 3382 2178 3437 de
2238 3383 2405 3437 rebus
2454 3383 2514 3436 in
2563 3381 2671 3436 hoc

1513 3472 1721 3525 genere
1765 3454 2027 3509 inventis.
2120 3454 2189 3509 cf.
2231 3454 2345 3509 Sat.
2382 3454 2456 3522 11,
2492 3454 2545 3522 8,
2580 3455 2669 3507 51.

1513 3526 1599 3581 De
1643 3526 1797 3581 faece
1841 3526 1971 3581 vide
2016 3525 2153 3580 ibid.
2202 3544 2255 3579 v.
2294 3528 2347 3579 9.
2394 3556 2459 3565 -
2502 3526 2671 3595 piper

1513 3596 1721 3667 album]
1762 3598 1941 3652 lenius
1988 3598 2172 3668 nigro,
2218 3601 2417 3653 contra
2460 3597 2544 3651 sal
2585 3596 2669 3649 ni-

1513 3686 1617 3737 ger
1652 3669 2002 3723 salsissimus.
2026 3698 2099 3709 —·
2122 3669 2419 3737 inco-dm]
2456 3668 2671 3722 admix-

1515 3746 1655 3796 tum.
1692 3768 1760 3781 --
1798 3738 2040 3810 macello]
2078 3739 2209 3795 vide
2246 3740 2318 3795 ad
2354 3740 2469 3794 Sat.
2509 3739 2579 3803 ll,
2618 3740 2671 3806 3,

1513 3814 1640 3866 229.
1662 3841 1729 3851 —
1746 3826 1915 3881 caym
1929 3811 2131 3880 pisces]
2162 3812 2379 3866 Acron:
2420 3810 2668 3879 „epithe-

1514 3888 1617 3937 ton
1636 3884 1893 3953 piscium,
1924 3883 2129 3952 quibus
2158 3884 2417 3937 naturale
2446 3887 2533 3937 est
2558 3882 2671 3936 late

1516 3954 1763 4026 vagari.“
1800 3984 1867 3995 --
1908 3960 2243 4024 anau-stoque
2280 3954 2487 4023 catino]
2520 3952 2668 4009 Gati-

1519 4044 1624 4081 nus
1648 4043 1871 4095 quoque
1894 4026 2111 4095 amplus
2148 4027 2221 4081 sit
2258 4032 2505 4095 oportet,
2540 4042 2665 4079 cum

1515 4103 1677 4153 tanta
1711 4099 1949 4167 pecunia
1990 4103 2355 4153 consumatur
2378 4099 2437 4151 in
2474 4096 2669 4166 pisces.

1515 4170 1637 4224 Iam
1674 4170 1927 4239 loquitur
1962 4170 2033 4226 de
2056 4174 2289 4225 externo
2315 4186 2539 4224 mensae
2574 4184 2669 4237 ap-

1515 4246 1735 4310 paratu.
1772 4270 1837 4281 -
1876 4241 2075 4311 unctis]
2112 4241 2229 4295 Sat.
2268 4241 2337 4303 11,
2378 4243 2429 4304 2,
2470 4242 2558 4295 68.
2600 4268 2663 4279 ·-

1513 4312 1695 4383 furta]
1736 4314 1819 4367 sic
1860 4318 2011 4368 recte
2036 4312 2411 4382 antiquissimi
2436 4312 2671 4374 codices,

1515 4384 1689 4439 etiam
1722 4384 1949 4439 Holder.
2002 4384 2209 4439 Keller.
2256 4384 2523 4451 Fritsch.;
2570 4382 2669 4438 alii

1511 4460 1578 4509 ut
1622 4456 1845 4511 Miiller.
1889 4456 2173 4511 Eckstein.
2220 4455 2416 4509 Lehrs.
2464 4456 2668 4522 frusta.

1512 4527 1719 4582 Fun-tis
1764 4527 2047 4583 indicatur
2094 4527 2179 4581 ius
2226 4526 2429 4581 furtim
2465 4524 2668 4581 subdu·

1512 4604 1686 4655 ctum.
1734 4628 1793 4639 —
1832 4595 2017 4668 odai]
2067 4615 2170 4668 per
2215 4614 2277 4654 ss
2320 4599 2547 4669 quidem
2594 4598 2669 4653 ob
