3092 5059
1095 252 1252 320 LIB.
1293 254 1402 320 IV.
1449 252 1699 320 GARM.
1744 255 1923 323 XIV.

2590 252 2711 319 281

820 438 1194 538 Auguste,
1251 442 1568 519 virtutes
1617 442 1698 517 in
1750 468 2025 519 aevum

921 562 1072 639 Per-
1121 564 1382 641 titulos
1431 591 1965 667 memoresque
2010 569 2249 644 fastos

661 744 686 785 ις
722 713 1113 812 Aeternet⁷
1168 741 1213 790 o
1262 740 1415 816 qua
1464 715 1583 792 sol
1634 716 2089 795 habitabiles

713 837 1057 914 Illustrat
1107 866 1278 917 oras
1329 842 1665 919 maxime
1714 844 2154 944 principum
2173 848 2210 920 ⁴?

816 962 1067 1057 Quem
1114 964 1309 1071 legis
1365 981 1718 1067 expertes
1768 967 2089 1045 Latinae

917 1086 1301 1165 Vindelici
1352 1088 1693 1167 didicere
1743 1116 1993 1187 nuper

715 1238 920 1332 Quid
975 1238 1225 1314 Marte
1274 1263 1576 1340 posses3
1631 1240 1877 1315 milite
1927 1266 2105 1317 nam
2158 1255 2291 1318 tuo

638 1396 686 1433 ιο
719 1362 1010 1440 Drusus
1065 1365 1502 1461 Genaunes,
1558 1365 2061 1465 implacidum
2117 1393 2381 1466 genus,

813 1488 1316 1589 Breunosque
1360 1490 1663 1567 veloces
1715 1503 1790 1567 et
1838 1518 2055 1569 arces

918 1613 1250 1713 Alpibus
1292 1616 1694 1713 impositas
1740 1619 2161 1695 tremendis

642 1828 650 1839 .
717 1764 1015 1842 Deiecit
1064 1790 1242 1842 acer
1292 1765 1468 1863 plus
1519 1765 1691 1841 vice
1742 1767 2109 1868 simplici3

711 1892 962 1967 Maior
1011 1890 1406 1967 Neronum
1457 1918 1639 1967 mox
1695 1918 1933 1991 grave
1980 1895 2363 1995 proelium

633 2048 678 2089 ιε
816 2014 1224 2095 Commisit
1273 2018 1802 2117 immanesque
1850 2021 2129 2095 Raetos

912 2141 1300 2242 Auspiciis
1351 2142 1651 2242 pepulit
1700 2143 2085 2242 secundis,

715 2290 1192 2391 Spectandus
1244 2292 1323 2367 in
1375 2294 1793 2369 certamine
1845 2295 2152 2392 Martio,

711 2416 1004 2491 Devota
1047 2418 1279 2492 morti
1327 2430 1643 2516 pectora
1694 2418 1988 2497 liberae

812 2542 1134 2634 Quantis
1187 2542 1551 2641 fatigaret
1603 2544 1881 2641 ruinis3

626 2702 679 2743 ιο
915 2667 1338 2746 Indomitas
1392 2694 1635 2770 prope
1692 2668 1935 2769 qualis
1990 2672 2234 2748 undas

304 2884 422 2939 cuti
465 2888 597 2938 sunt
636 2884 906 2939 Miillerus
955 2890 1014 2940 et
1050 2884 1339 2939 Schi‘itzius
1383 2904 1454 2940 ex

302 2954 549 3009 maxima
585 2960 746 3025 parte
781 2955 938 3011 codd.
968 2957 1021 3011 h.
1044 2957 1082 3010 1.
1104 2957 1288 3024 fastus
1320 2958 1452 3011 sori-

302 3032 554 3097 pserunt,
591 3045 910 3097 quanquam
946 3027 1004 3082 C.
1032 3028 1133 3096 111,
1176 3029 1256 3091 17,
1295 3031 1330 3080 4
1364 3029 1451 3096 fa-

298 3104 412 3153 atos
461 3102 520 3152 et
568 3098 661 3162 IV,
704 3101 786 3167 13,
828 3102 890 3152 15
934 3100 1106 3167 fastis
1151 3098 1453 3153 admissum

301 3174 402 3223 est.
439 3168 524 3223 Tu
555 3170 670 3224 noli
695 3170 943 3239 credere,
965 3170 1264 3225 Horatium
1283 3172 1452 3226 modo

302 3239 448 3295 hanc
501 3241 667 3296 modo
725 3242 878 3296 illam
947 3243 1187 3297 formam
1243 3248 1452 3297 temere

298 3313 645 3382 praetulisse.
671 3341 739 3352 -
775 3313 1040 3383 aeternat]
1077 3314 1311 3369 Praeter
1335 3315 1448 3369 h.l.

301 3384 471 3439 semel
547 3388 769 3439 tantum
830 3385 936 3440 hoc
1005 3386 1240 3439 verbum
1301 3386 1450 3455 apud

301 3456 604 3525 scriptores
641 3456 922 3511 Romanos
959 3456 1186 3526 legitur,
1225 3458 1284 3510 in
1315 3458 1450 3511 Var-

299 3528 454 3582 ronis
492 3528 682 3597 aliquo
718 3527 748 3581 f
905 3533 1035 3583 ento
1075 3546 1162 3598 ap.
1200 3528 1341 3583 Non.
1376 3529 1450 3599 ΙΙ,

301 3600 395 3653 57:
440 3599 684 3667 „litteris
721 3616 788 3653 ac
811 3600 1070 3655 laudibus
1107 3602 1449 3669 aeternare‘ss

299 3670 396 3723 sed
449 3688 624 3741 grave
676 3672 911 3727 verbum
967 3677 1052 3726 est
1105 3676 1164 3726 et
1213 3671 1448 3727 Horatio

299 3740 704 3812 dignissimum.
762 3742 831 3797 cf.
870 3742 1029 3797 Ovid.
1067 3742 1202 3798 Met.
1242 3743 1285 3805 1,
1325 3742 1447 3797 663.

299 3842 367 3851 -—-
388 3812 728 3883 principum]
757 3814 879 3869 Hoc
905 3814 1131 3869 nomine
1167 3815 1450 3885 gaudebat

298 3884 605 3955 Augustus,
645 3886 744 3953 qui
769 3886 938 3940 etiam
971 3890 1229 3940 mortuus
1255 3886 1447 3941 lauda-

295 3955 482 4021 batur,
523 3956 712 4025 quod,
716 3974 844 4024 ‚non
871 3974 1044 4027 regno
1072 3974 1252 4027 neque
1276 3958 1448 4012 dicta·

295 4032 445 4090 tura,
506 4028 602 4082 sed
662 4028 934 4098 principis
1002 4030 1262 4084 nomine“
1328 4046 1448 4084 rem

295 4099 580 4169 publicam
622 4100 1005 4155 constituerat.
1080 4100 1258 4155 Tacit.
1302 4101 1446 4155 Ann.

296 4170 342 4238 Ι,
379 4172 430 4225 9.
472 4198 540 4209 —-
580 4170 746 4243 Quem
782 4171 1037 4243 didicere]
1075 4172 1447 4229 Atti-actionis

297 4210 542 4311 q’uodam
577 4258 782 4313 genere
809 4243 960 4313 quod
996 4244 1306 4299 subiectum
1330 4262 1447 4299 esse

296 4312 540 4367 debebat
579 4313 738 4369 verbi
767 4330 972 4399 possse,
1013 4332 1139 4369 cum
1175 4316 1446 4385 primario

295 4384 470 4439 verbo
507 4384 748 4441 didicere
783 4386 1140 4441 coniunctum
1175 4392 1285 4456 est3
1337 4405 1448 4456 qua

295 4457 715 4511 constructione
749 4459 900 4527 apud
919 4458 1156 4514 Graecos
1187 4459 1446 4528 frequen-

296 4528 411 4581 tius
447 4531 534 4583 est
577 4526 747 4597 nihi13
795 4528 865 4583 cf.
903 4528 1126 4585 Terent.
1169 4530 1312 4585 Eun.
1348 4530 1446 4599 IV,

297 4602 352 4668 Β,
391 4601 484 4653 15:
543 4616 682 4670 „ego
733 4570 902 4655 ’illum
955 4603 1140 4657 nescio
1186 4604 1284 4671 qui
1329 4601 1446 4657 fue-

1554 2886 1686 2940 ritf·
1730 2914 1789 2926 --
1828 2885 1980 2956 nam]
2016 2885 2146 2940 vide
2182 2886 2255 2940 ad
2275 2886 2455 2942 Carm.
2477 2889 2522 2956 Ι,
2547 2891 2628 2957 18,
2650 2892 2701 2944 3.

1556 2984 1625 2997 -·-
1692 2956 2005 3028 Genauam]
2065 2958 2319 3012 Genauni
2380 2963 2438 3014 et
2492 2928 2701 3016 Breuni

1556 3029 1799 3098 Alpinae
1840 3034 2035 3098 gentes
2084 3027 2314 3085 fuerunt
2360 3031 2433 3085 ad
2486 3032 2700 3088 fontem

1554 3104 1613 3154 ct
1648 3101 1801 3187 ripas
1821 3100 1967 3154 Aeni
2003 3100 2179 3155 fluvii.
2218 3100 2399 3157 Strab.
2434 3103 2531 3173 IV,
2559 3106 2610 3167 6.
2640 3107 2695 3159 8.

1556 3174 1661 3240 ,,οἱ
1722 3168 1821 3227 Οὖὶ
1813 3172 1967 3225 ἰνδελ
1972 3176 2061 3225 κοὶ
2134 3176 2227 3226 καὶ
2286 3144 2531 3243 Νωρικοί
2602 3173 2701 3241 τὴν

1554 3242 1709 3302 ἐκτὸς
1745 3249 2057 3327 παρωρείαι
2090 3248 2401 3329 κατέχουσι
2428 3245 2491 3299 τὸ
2528 3249 2702 3302 πλέον

1552 3312 1692 3398 μετὰ
1753 3310 2014 3389 Βρεὺνων
2076 3320 2169 3369 καὶ
2226 3312 2531 3384 Γεναύνων,
2594 3313 2701 3386 ἤδη

1552 3370 1757 3440 τούτων
1771 3382 2088 3455 Ἰλλυριῶνμ
2110 3388 2181 3441 cf.
2196 3388 2493 3459 Hormayr,
2503 3389 2697 3445 Gesch.

1552 3476 1663 3513 von
1719 3457 1905 3527 Tyrol.
1964 3475 2018 3527 p.
2057 3460 2149 3513 36:
2209 3459 2309 3527 „In
2380 3460 2700 3531 Valyenaun

1552 3530 1784 3585 verriith
1826 3530 1944 3585 sich
1991 3530 2093 3584 der
2140 3530 2442 3587 Genaunen
2486 3534 2701 3589 uralter

1554 3602 1686 3663 Sitz,
1740 3618 1835 3656 um
1891 3602 1990 3655 das
2036 3600 2308 3657 Brenner-
2286 3603 2555 3675 -Gebirge
2608 3606 2699 3660 die

1552 3672 1913 3727 Wohnstiitte
1948 3673 2051 3727 der
2085 3672 2344 3729 Brennen
2378 3676 2515 3730 oder
2533 3676 2699 3731 Breo·

1550 3762 1677 3799 nen.
1718 3744 1919 3797 Noch
1902 3762 1981 3799 un
2011 3744 2106 3798 IX.
2126 3745 2164 3800 J
2167 3744 2515 3802 ahrhundert
2548 3749 2699 3803 trieb

1551 3816 1675 3870 hier
1712 3816 1803 3869 ein
1838 3815 2017 3870 durch
2052 3817 2161 3871 alle
2186 3816 2409 3872 Stiirme
2446 3819 2549 3873 der
2567 3820 2697 3875 Vol·

1550 3886 1995 3957 kerwanderung
2033 3888 2345 3943 erhaltenes
2370 3890 2699 3947 Geschlecht

1552 3958 1653 4013 der
1698 3959 1936 4013 altesten
1972 3958 2313 4015 Einwohner
2358 3961 2553 4029 (Natio
2588 3964 2695 4017 No-

1550 4030 1793 4086 ricorum
1830 4036 1887 4085 et
1924 4030 2383 4100 Brennariorum)
2420 4033 2540 4087 sein
2570 4034 2697 4089 We-

1550 4102 1699 4157 sen.“
1720 4130 1783 4142 —-
1809 4101 2185 4173 implacidum]
2216 4102 2269 4157 h.
2290 4121 2342 4157 v.
2371 4110 2502 4158 ante
2520 4105 2695 4160 Hora-

1550 4174 1695 4228 tium
1731 4190 1764 4228 a
1800 4174 1956 4228 nullo
1992 4174 2331 4243 scriptorum
2370 4176 2467 4243 qui
2504 4194 2695 4246 super-

1550 4250 1683 4299 sunt
1725 4249 2059 4314 usurpatum
2108 4250 2207 4299 est.
2255 4276 2322 4286 —
2378 4250 2557 4313 arces}
2607 4264 2694 4303 ca-

1550 4316 1727 4380 stella,
1766 4333 1909 4386 quae
1954 4316 2013 4369 in
2049 4318 2289 4385 Alpibus
2326 4316 2556 4373 barbari
2600 4320 2697 4375 ha·

1549 4388 1774 4443 bebant.
1848 4386 2033 4458 Epist
2074 4388 2147 4456 ΙΙ,
2199 4391 2245 4453 1,
2292 4390 2418 4443 252.
2470 4420 2536 4430 —
2584 4391 2699 4447 vice

1547 4458 1805 4529 simplici]
1862 4460 1996 4529 quia
2042 4460 2231 4528 plures
2278 4460 2525 4515 hostium
2571 4480 2695 4533 pro-

1551 4534 1849 4598 straverat,
1917 4547 2086 4599 quam
2150 4548 2379 4587 suorum
2450 4532 2696 4589 militum

1547 4600 1887 4672 perdiderat.
1946 4601 2267 4658 Notandum
2300 4604 2485 4661 rarius
2523 4622 2699 4677 genus
