3092 5059
526 239 649 304 548

1422 243 2038 312 EPISTULARUM

626 427 757 502 Me
809 427 995 502 facit
1044 428 1401 525 invisum,
1456 429 1720 524 gelida
1771 455 1946 506 cum
1997 429 2316 531 perluor
2365 428 2572 506 unda

572 581 597 622 s
631 551 780 626 Per
831 552 1173 628 medium
1225 553 1494 651 frigus.
1592 555 1794 632 Sane
1845 569 2178 632 murteta
2229 554 2563 656 relinqui

628 675 1004 776 Dictaque
1057 693 1479 754 cessantem
1529 681 1789 754 nervis
1836 680 2128 758 elidere
2177 683 2536 759 morbum

630 800 963 900 sulpura
1008 805 1401 880 'contemni
1452 804 1666 881 vicus
1719 807 1978 904 gemit,
2033 806 2344 884 invidus
2393 809 2672 908 aegris,

630 923 785 1016 Qui
838 940 1071 1026 caput
1112 940 1187 1002 et
1238 928 1716 1004 stomachum
1759 954 2195 1029 supponere
2246 934 2590 1010 fontibus
2637 934 2894 1010 audent

630 1049 964 1128 Clusinis
1020 1053 1464 1152 Gabiosque
1508 1068 1785 1153 petunt
1836 1069 1914 1133 et
1967 1056 2257 1156 frigida
2304 1086 2508 1136 rura.

548 1210 597 1250 ιο
631 1174 1047 1284 Mutandus
1092 1177 1306 1253 locus
1362 1191 1475 1254 est
1524 1192 1600 1256 et
1651 1181 2094 1258 deversoria
2141 1197 2326 1259 nota

629 1301 1289 1399 Praeteragendus
1320 1330 1582 1404 equus.
1621 1307 1844 1402 „Quo
1869 1307 2178 1384 tendis?
2217 1310 2390 1385 Non
2424 1309 2618 1386 mihi
2643 1311 2896 1389 Cumas

626 1427 762 1502 Est
807 1428 955 1502 iter
1006 1441 1135 1503 aut
1175 1427 1491 1506 Baias:“
1535 1431 1760 1508 laeva
1811 1434 2334 1510 stomachosus
2386 1436 2693 1512 habena

628 1551 847 1630 Dicet
898 1579 1172 1653 eques3
1226 1555 1361 1631 sed
1412 1557 1594 1656 equi
1649 1559 1949 1636 frenato
2004 1575 2120 1635 est
2167 1562 2376 1636 auris
2427 1561 2508 1636 in
2557 1585 2734 1656 ore;
2787 1599 2847 1610 -

625 1675 879 1753 Maior
920 1689 1181 1754 utrum
1230 1679 1610 1781 populum
1659 1683 2027 1760 frumenti
2085 1686 2308 1783 copia
2354 1697 2642 1786 pascat,

544 1833 593 1874 1⁶
628 1800 1114 1881 Collectosne
1169 1806 1437 1882 bibant
1483 1809 1770 1884 imbres
1821 1824 2196 1908 puteosne
2246 1835 2624 1908 perennes

624 1925 839 2025 Iugis
891 1955 1161 2030 aquae,
1221 1973 1305 1984 --
1365 1957 1543 2007 nam
1599 1933 1778 2009 vina
1828 1935 2024 2010 nihil
2076 1960 2342 2011 moror
2389 1934 2594 2011 illius
2652 1959 2842 2009 orae.

623 2054 829 2130 Rure
884 2082 1055 2131 meo
1111 2083 1425 2155 possum
1477 2057 1780 2158 quidvis
1831 2061 2184 2158 perferre
2233 2061 2583 2161 patique3

626 2178 758 2255 Ad
808 2207 1023 2258 mare
1078 2207 1253 2258 cum
1306 2183 1507 2279 veni,
1562 2208 2020 2281 generosum
2075 2198 2151 2262 et
2200 2185 2377 2262 lene
2425 2185 2763 2285 requiro,

522 2449 666 2504 nihil
716 2467 808 2504 eas
852 2450 993 2504 mihi
1042 2449 1366 2520 profuturas
1412 2449 1569 2505 dicit.
1607 2477 1670 2488 -

520 2520 659 2589 atis]
706 2521 948 2576 Baianis.
1010 2551 1074 2561 —
1135 2521 1400 2592 invisum]
1455 2522 1676 2575 iocatur

522 2598 693 2661 poeta
736 2610 838 2662 per
880 2593 1269 2663 hyper-bolam:
1358 2592 1676 2662 ,‚Hospites,

522 2663 724 2732 inquit,
757 2665 957 2720 Baiani
982 2665 1119 2719 mihi
1157 2666 1495 2733 irascuntur,
1525 2663 1678 2733 quod

524 2751 717 2789 eorum
766 2736 981 2791 balneis
1026 2737 1140 2791 iam
1183 2753 1297 2790 non
1348 2741 1506 2802 utar;
1563 2753 1676 2790 non

521 2806 681 2874 mihi,
706 2808 801 2862 sed
830 2808 1045 2863 medico
1071 2807 1277 2861 debent
1310 2807 1501 2876 irasci3
1535 2806 1676 2860 mihi

522 2877 639 2931 iam
690 2879 824 2933 satis
881 2879 1087 2934 durum
1146 2883 1248 2946 est,
1291 2895 1393 2948 per
1434 2877 1676 2932 mediam

522 2948 763 3003 hiemem
795 2951 996 3020 gelidis
1032 2951 1249 3005 balneis
1283 2949 1423 3004 uti.“
1446 2979 1511 2990 —
1531 2965 1677 3003 mur-

523 3018 656 3089 teta]
705 3021 891 3076 Celsus
936 3021 1037 3084 111,
1084 3024 1171 3083 21,
1221 3023 1316 3076 35:
1394 3020 1675 3090 „Maxime

522 3090 690 3144 utiles
726 3092 1013 3148 naturales
1050 3099 1109 3147 et
1140 3093 1319 3148 siccae
1356 3091 1678 3146 sudationes

525 3166 673 3230 sunt,
709 3164 899 3231 quales
926 3179 1093 3232 super
1118 3164 1283 3219 Baias
1320 3164 1379 3217 in
1414 3163 1676 3217 murtetis

524 3232 843 3288 habemus.“
937 3234 1081 3289 Plin.
1127 3236 1195 3290 N.
1247 3235 1315 3290 H.
1361 3233 1564 3298 XXXI,
1614 3236 1672 3287 2:

526 3303 847 3375 „Nusquam
892 3311 1081 3362 tamen
1132 3308 1345 3378 largius
1396 3324 1566 3375 quam
1615 3307 1676 3358 in

525 3377 737 3432 Baiano
762 3380 887 3432 sinu
912 3378 1171 3445 (emicant
1198 3379 1396 3448 aquae)
1424 3394 1528 3432 nec
1552 3378 1678 3447 plu·

522 3449 681 3502 ribus
719 3448 1027 3504 auxiliandi
1052 3451 1370 3520 generibus,
1395 3449 1541 3504 aliae
1566 3449 1675 3504 sul-

522 3521 709 3589 puris,
770 3522 915 3575 aliae
980 3521 1270 3589 aluminis,
1324 3522 1467 3575 aliae
1515 3521 1677 3588 salis,

524 3592 669 3647 aliae
728 3593 893 3661 nitri,
956 3593 1099 3647 aliae
1156 3593 1476 3659 bituminis,
1538 3609 1676 3646 non-

522 3663 713 3718 nullae
750 3665 921 3718 etiam
946 3664 1107 3718 acida
1135 3665 1348 3719 salsave
1374 3663 1672 3717 mixtura.“

526 3763 595 3774 —-
654 3733 920 3804 morbum]
982 3735 1227 3790 maxime
1301 3733 1673 3789 arthritidem.

524 3804 755 3860 Gessans
806 3805 1119 3877 (χρονίζων)
1172 3808 1399 3861 morbus
1445 3807 1676 3875 ponitur

524 3882 722 3931 eontra
757 3883 989 3932 acutum.
1024 3906 1097 3918 —
1132 3876 1455 3946 Gabiosque]
1491 3875 1674 3932 Strab.

524 3947 594 4017 V,
642 3952 696 4001 82
770 3947 893 4017 ‚,’Ev
950 3949 1015 4004 δὲ
1074 3950 1151 4018 τῷ
1205 3949 1381 4018 πεδίῳ
1426 3941 1596 4017 τούτῳ
1643 3947 1674 4001 ὁ

528 4015 721 4074 Ἀνίων
764 4019 980 4080 διέξεισι
1037 4023 1131 4073 καὶ
1172 4017 1239 4073 τὰ
1279 4014 1535 4084 Ilipoula
1584 4038 1676 4073 κα-

524 4083 765 4160 λούμενα
802 4092 887 4161 ῥεῖ
920 4085 1092 4144 ὕδατα
1133 4089 1319 4162 ψυχρὰ
1358 4091 1421 4144 ἐκ
1456 4092 1678 4145 πολλῶν

524 4162 747 4231 πηγῶν,
821 4159 963 4230 πρὸς
1017 4166 1263 4222 ποικίλας
1331 4157 1527 4248 νόιζους
1586 4165 1678 4262 ³5⁰5}

522 4234 1677 4431 ,Joeffoetwffldaazzgzgs

623 4390 723 4428 ora
865 4415 878 4437 ‚
998 4393 1033 4429 u
1172 4395 1191 4429 1
1418 4393 1479 4429 er
1506 4393 1581 4430 un
1653 4405 1675 4416 -

526 4390 735 4498 llantur
760 4392 997 4514 agtqugq
1016 4394 1081 4500 12
1142 4393 1337 4501 {agilem
1376 4393 1678 4501 pnatabagt

528 4513 623 4566 vel
673 4515 895 4570 easdem
950 4518 1197 4585 eorporis
1251 4521 1443 4586 partes
1502 4518 1588 4572 lar
1629 4519 1676 4573 is

532 4583 815 4639 annalibus
869 4587 1221 4642 subiciebant
1274 4587 1560 4657 (Douche·
1620 4594 1676 4644 ὓ.-

1766 2448 1907 2518 der).
1980 2449 2122 2504 Vide
2169 2449 2242 2505 ad
2293 2449 2476 2519 Epist.
2522 2448 2566 2516 Ι,
2603 2449 2690 2513 16,
2732 2448 2809 2500 14.
2841 2473 2890 2484 —
2994 2487 2995 2496 ,

1765 2521 2076 2576 deversoria
2106 2521 2255 2590 nota]
2295 2520 2576 2591 Suspensa
2611 2520 2752 2574 haec
2791 2521 2894 2570 sunt

1771 2611 1818 2646 a.
1845 2611 1899 2646 v.
1914 2591 2398 2663 praeter-aymam,
2439 2598 2497 2647 et
2523 2597 2658 2646 nota
2677 2594 2803 2645 sunt
2821 2588 2892 2642 de·

1768 2665 2022 2719 versoria
2057 2679 2208 2734 equo,
2246 2664 2362 2733 qui,
2410 2669 2476 2718 ut
2517 2663 2720 2730 solent,
2753 2661 2894 2716 stiam

1767 2737 1995 2790 nolente
2031 2737 2220 2806 equite
2253 2739 2411 2790 reeta
2435 2736 2530 2790 via
2552 2735 2754 2790 relicta
2784 2737 2892 2784 nott

1769 2807 1991 2861 stabula
2045 2808 2262 2862 intrare
2317 2806 2600 2876 cupiebat.
2655 2833 2724 2845 —
2769 2803 2892 2856 lam

1769 2878 2000 2948 habena]
2037 2879 2218 2949 Finge
2263 2878 2375 2932 tibi
2411 2877 2712 2933 Horatium
2745 2875 2891 2954 Roma

1767 2950 2084 3004 venientem
2139 2953 2198 3004 et
2250 2949 2406 3003 viam
2451 2966 2716 3020 magnam
2757 2961 2890 2999 men-

1768 3020 1920 3075 diem
1947 3037 2136 3075 versus
2159 3026 2509 3090 sequentem:
2547 3021 2662 3074 iam
2695 3035 2814 3072 eum
2841 3031 2890 3068 00

1769 3092 2128 3161 pervenisset,
2163 3092 2262 3146 ubi
2297 3093 2394 3146 via
2430 3110 2498 3147 ex
2535 3091 2726 3162 Appia
2757 3087 2890 3170 Baias

1768 3181 1960 3218 versus
2007 3163 2253 3224 deflexit,
2302 3179 2478 3233 equus
2514 3163 2740 3218 solitam
2769 3173 2888 3212 viam

1769 3235 2127 3290 dextrorsum
2173 3234 2245 3289 ad
2282 3234 2446 3289 Baias
2480 3236 2570 3290 vel
2611 3235 2801 3290 Cumas
2829 3246 2890 3282 se·

1769 3312 2001 3361 cuturus
2041 3311 2150 3361 est:

1769 3377 1987 3448 pandus
2011 3384 2096 3432 est
2121 3378 2252 3448 (quo
2275 3375 2522 3446 tendi-30
2547 3383 2604 3432 et
2643 3377 2794 3432 laeva
2815 3374 2886 3453 ha·

1770 3449 1915 3504 bena
1965 3449 2260 3520 regendus,
2305 3453 2372 3504 ut
2415 3455 2632 3504 rectam
2673 3449 2810 3502 viam
2845 3459 2888 3496 m

1767 3521 2096 3576 inferiorem
2146 3521 2373 3575 Italiam
2407 3527 2692 3590 sequatur.
2729 3545 2790 3558 -
2819 3512 2889 3569 κδ

1767 3592 2414 3719 ἓῗὲἑῖἒοῗὲἑῗᾘῖἒὲ
2437 3587 2886 3719 ῗῗωέἑῗῗὲἰῖἓέ

1771 3734 1927 3816 equis
1967 3753 2096 3790 cum
2143 3735 2293 3790 auris
2338 3736 2416 3790 sit
2453 3736 2514 3789 in
2551 3735 2768 3791 frenato
2797 3745 2884 3792 οη,

1767 3807 2322 3946 sssaesssszsss
2345 3811 2606 3947 ‘'suam‘’
2627 3805 2735 3944 ⁸05¹,
2755 3802 2883 3943 ξιξ

1808 3949 2161 4004 raetulerunt
2198 3948 2386 4004 Bentl.
2425 3949 2580 4004 Mein
2659 3991 2672 4006 .
2695 3945 2881 4002 Linker·

1831 4020 1990 4075 iiller.
2027 4020 2335 4088 Eekstein.;
2383 4039 2515 4076 nam
2555 4022 2698 4076 bene
2739 4015 2880 4071 Obba·

2209 3305 2360 3376 quod
2405 3323 2480 3361 ne
2523 3306 2702 3362 faeiat
2745 3305 2888 3357 incre·
2985 3325 2987 3338 ·

1767 4091 1888 4145 rius
1960 4091 2392 4161 animadvertit,
2477 4111 2592 4148 non
2667 4095 2880 4147 naturm
2980 4119 2981 4153 χ

1769 4179 2041 4230 equorum
2079 4165 2306 4219 omnino
2355 4164 2620 4232 describi,
2657 4162 2747 4218 sed
2778 4153 2878 4228 quid

1769 4231 1994 4288 Horatii
2059 4252 2234 4305 equus
2289 4235 2490 4292 fecerit
2544 4233 2785 4290 indicari.
2831 4253 2874 4266 -

1768 4309 1956 4360 utrum
2002 4305 2311 4390 populata]-
2348 4307 2665 4363 Veliensem
2707 4321 2771 4360 an
2809 4299 2876 4353 St·

1768 4375 2133 4431 lernitanum.
2172 4405 2240 4417 -—-
2284 4379 2433 4448 §nqis
2465 4377 2668 4450 αφιαο]
2703 4375 2800 4430 Set.
2827 4367 2877 4432 n,
2977 4333 2979 4389 ¹

1769 4448 1821 4514 6,
1859 4447 1909 4500 2.
1945 4447 2256 4504 Fluctuant
2293 4450 2467 4504 etiam
2503 4449 2722 4520 antiqui
2755 4437 2872 4500 codd-

1769 4519 1920 4573 intffl'
1971 4519 2122 4590 ‘'⁸⁸9²'ss
2183 4525 2242 4576 et
2295 4520 2498 4590 ἀαῑοίες
2561 4522 2736 4577 maior
2779 4525 2870 4586 per·

1767 4589 1926 4659 prius
1961 4591 2253 4660 praebent.
2287 4591 2362 4648 cf.
2401 4591 2513 4649 oio.
2551 4593 2622 4649 N.
2659 4589 2722 4647 D.
2755 4587 2810 4652 ΙΙ,
2829 4585 2870 4637 9:
