3092 5059
418 216 542 281 408

1379 214 1881 283 SATIRARUM

518 402 922 477 Proximus
961 396 1200 478 esse.“
1255 401 1516 499 „Velis
1546 400 2115 497 tantummodo3
2157 425 2351 499 quae
2384 412 2519 475 tua
2544 400 2811 493 virtus,

439 556 490 599 ω
525 526 1062 626 Expugnabis3
1119 539 1192 601 et
1245 539 1356 603 est
1411 510 1559 625 qui
1591 526 1799 602 vinci
1852 526 2113 623 possit,
2171 549 2416 623 eoque

520 650 892 727 Difficiles
943 651 1198 727 aditus
1250 652 1538 749 primos
1592 644 1901 725 habet.“
1967 648 2247 746 „Haud
2300 648 2494 725 mihi
2546 648 2820 725 deero:

521 776 972 851 Muneribus
1026 802 1288 851 servos
1339 800 1866 874 corrumpam3
1912 799 2091 871 non,
2144 773 2379 851 hodie
2430 777 2497 851 si

519 899 885 976 Exclusus
931 900 1176 996 fuere,
1233 898 1639 995 desistam3
1686 912 2043 997 tempora
2096 923 2501 996 quaeram3

524 1022 944 1100 Oceurram
1001 1024 1080 1099 in
1131 1025 1410 1120 triviis3
1469 1023 1871 1118 deducam.
1977 1024 2106 1100 Nil
2158 1025 2324 1100 sine
2373 1050 2656 1123 magno

441 1182 490 1222 eo
526 1151 703 1225 Vita
754 1148 1021 1224 labore
1075 1148 1289 1224 dedit
1339 1145 1867 1225 mortalibus.“
1921 1148 2139 1226 Haec
2178 1150 2361 1226 dum
2414 1151 2598 1248 agit,
2646 1176 2827 1228 eece

521 1275 812 1349 Fuscus
869 1273 1195 1349 Aristius
1249 1274 1603 1369 occurrit,
1657 1272 1851 1348 mihi
1904 1300 2147 1372 carus,
2199 1290 2275 1351 et
2324 1275 2547 1352 illum

523 1398 678 1491 Qui
725 1398 1046 1499 pulchre
1091 1412 1368 1474 nosset.
1445 1396 1974 1474 Consistimus.
2054 1398 2330 1497 „Unde
2381 1402 2595 1476 venis
2613 1396 2699 1477 ?“
2748 1411 2828 1475 et

527 1523 746 1621 „Quo
794 1518 1142 1600 tendis‘?“
1195 1536 1421 1621 rogat
1473 1539 1550 1599 et
1600 1522 2035 1621 respondet.

2140 1524 2453 1601 Vellere
2506 1526 2731 1622 coepi

521 1650 615 1725 Et
668 1674 1032 1747 prensare
1074 1674 1306 1723 manu
1356 1648 1781 1725 lentissima
1831 1649 2212 1746 bracchia,
2262 1664 2563 1747 nutans,

439 1806 491 1847 ss
528 1774 1030 1873 Distorquens
1085 1772 1372 1869 oeulos,
1421 1786 1505 1849 ut
1555 1798 1680 1849 me
1733 1774 2083 1871 eriperet.

2192 1774 2403 1852 Male
2457 1774 2699 1851 salsus

524 1898 808 1976 Ridens
861 1898 1381 1993 dissimulare3
1438 1924 1693 1974 meum
1746 1899 1959 1974 ieeur
2003 1924 2228 1976 urere
2276 1899 2481 1975 bilis.

527 2022 806 2121 „Certe
849 2024 1108 2099 neseio
1165 2023 1354 2123 quid
1403 2034 1699 2099 secreto
1751 2023 1954 2101 velle
2003 2024 2220 2123 loqui
2273 2038 2348 2100 te

523 2150 811 2227 Aiebas
864 2146 1242 2225 mecum.“

1351 2148 1717 2245 „Memini
1768 2151 2002 2246 bene,
2058 2150 2195 2226 sed
2245 2150 2567 2228 meliore

526 2276 910 2377 Tempore
958 2274 1249 2352 dicam:
1302 2274 1539 2350 hodie
1592 2277 1982 2352 tricesima
2025 2277 2377 2352 sabbata:
2432 2276 2561 2352 vin
2613 2288 2695 2352 tu

428 2502 513 2551 tes
550 2498 739 2551 tamen
775 2495 976 2563 quibus
1014 2495 1230 2549 aditum
1269 2495 1338 2551 ad
1367 2494 1583 2550 Maeee-

427 2572 616 2622 natem
655 2566 764 2622 sibi
801 2584 860 2621 se
895 2570 1226 2635 paraturum
1257 2572 1463 2637 sperat,
1500 2568 1583 2620 vi·

426 2640 538 2694 lem
575 2638 816 2693 hominis
854 2638 1101 2692 animum
1134 2638 1339 2692 iterum
1375 2642 1585 2693 testan-

425 2714 537 2766 tur.
575 2738 642 2751 -··
691 2708 844 2763 haud
883 2708 1022 2763 mim
1057 2709 1236 2778 deero]
1275 2709 1344 2765 of.
1383 2710 1497 2764 Sat.
1536 2712 1582 2779 Ι,

425 2784 479 2850 4,
518 2782 642 2835 134.
680 2780 752 2847 11,
795 2783 843 2848 1,
883 2782 965 2834 17.
999 2780 1071 2849 ΙΙ,
1109 2782 1160 2848 2,
1197 2782 1284 2834 98.
1324 2780 1581 2837 Kellerus

427 2852 618 2907 docuit
661 2852 836 2906 scribi
873 2851 1077 2907 debere
1111 2852 1256 2919 dero,
1296 2852 1457 2918 derit,
1495 2855 1583 2910 de-

425 2929 578 2991 runt,
632 2922 752 2979 dest
805 2922 1030 2993 (deest);
1100 2924 1310 2978 solutas
1372 2924 1583 2981 formas

426 2995 580 3051 deero
635 2995 756 3049 sim.
821 3002 1023 3064 quarto
1080 2996 1305 3051 demum
1363 2998 1583 3052 saeculo

425 3070 554 3136 post
616 3065 820 3121 Christ.
889 3068 982 3121 vel
1053 3068 1262 3122 seriore
1330 3072 1585 3140 tempore

425 3155 490 3192 us
601 3142 721 3192 atas
769 3138 857 3192 vel
906 3139 1094 3208 potius
1147 3140 1402 3193 inventas
1448 3158 1582 3195 esse.

425 3238 493 3251 -
631 3211 815 3280 usam]
850 3208 960 3265 cio.
996 3211 1069 3265 sd
1107 3210 1261 3265 Fam.
1306 3210 1376 3278 X,
1406 3211 1490 3280 12,
1515 3214 1579 3265 2:

425 3280 602 3351 „Cum
648 3298 852 3351 magns.
887 3281 1196 3336 multitudo
1240 3282 1583 3351 optimorum

426 3352 677 3407 virorum
714 3358 772 3407 et
807 3353 1016 3407 civium
1050 3370 1141 3408 me
1176 3353 1246 3409 de
1283 3353 1448 3409 domo
1488 3355 1583 3409 de·

427 3423 656 3479 duceret
665 3423 714 3493 ;“
755 3442 880 3478 eum
918 3442 1028 3494 quo
1069 3426 1192 3479 loeo
1232 3424 1303 3478 cf.
1327 3424 1438 3480 Cic.
1476 3443 1581 3496 pro

425 3496 571 3551 Mur.
616 3498 701 3549 34.
749 3524 814 3535 -—
868 3497 1067 3566 labore]
1118 3496 1191 3550 of.
1228 3496 1426 3567 Eurip.
1465 3502 1581 3551 An·

425 3567 602 3621 drom.
629 3569 719 3620 14:
760 3561 1045 3636 ,,εὔκλειαν
1081 3568 1282 3635 ἔλαβον
1317 3565 1415 3622 οὐκ
1449 3563 1583 3623 ἄνευ

425 3638 646 3692 πολλῶν
680 3632 923 3693 πόνων.“
978 3639 1186 3694 Achill.
1227 3638 1294 3693 fr.
1328 3641 1388 3694 8:
1430 3636 1582 3709 „522²

427 3712 480 3763 ot
515 3706 680 3764 πόνοι
716 3714 954 3763 τίκτουσι
993 3706 1090 3778 τὴν
1129 3706 1434 3771 εὐδοξίαν.“
1469 3711 1585 3767 He-

428 3782 562 3837 siod.
585 3782 648 3837 O.
671 3787 730 3837 et
753 3781 822 3836 D.
845 3782 973 3836 28⁷:
1015 3783 1144 3851 ,,τῆς
1167 3778 1359 3851 ἀρετῆς
1377 3784 1581 3851 ἱδρῶτα

426 3857 551 3907 θεοὶ
571 3846 953 3922 προπάροιθεν
971 3854 1230 3919 ἓθηκανέ(
1258 3854 1581 3925 Epicharin.

426 3925 497 3978 fr.
557 3925 708 3993 apud
763 3924 1016 3995 Xenoph.
1069 3925 1234 3980 Mem.
1285 3926 1356 3994 11,
1400 3930 1446 3995 1,
1485 3925 1579 3980 220:

429 3995 574 4065 „ufir
625 3992 815 4050 πόνων
876 3996 1155 4050 πωλοῦσιν
1207 3994 1346 4069 ἡμῖν
1402 3993 1583 4051 πάντα

425 4061 626 4135 τάγάθ’
669 4069 722 4119 οἱ
759 4068 933 4121 θεοί.“
963 4098 1034 4107 -
1071 4068 1289 4124 Hamus
1309 4068 1581 4139 Aristius]

427 4138 558 4193 vide
593 4137 664 4193 ad
704 4138 884 4193 Carm.
919 4139 964 4203 1,
987 4141 1074 4194 22.
1115 4170 1176 4179 —
1214 4140 1457 4209 pulchre]
1494 4140 1585 4194 Ex

427 4226 682 4264 sermone
732 4210 999 4266 familiari
1047 4217 1106 4266 et
1155 4212 1481 4273 cottidianm
1519 4216 1584 4265 ut

431 4281 542 4337 Cio.
581 4280 652 4335 ad
687 4280 842 4335 Fam.
879 4282 947 4345 X,
975 4281 1069 4336 28:
1110 4281 1422 4351 „Lepidum
1457 4281 1583 4351 pul·

430 4352 562 4408 obre
597 4354 858 4422 norsm;“
897 4358 953 4408 et
981 4354 1128 4407 inest
1163 4353 1436 4421 quaedam
1474 4354 1585 4407 iro-

431 4424 544 4491 nia,
581 4428 646 4477 ut
679 4422 862 4479 Plaut.
903 4424 1022 4479 Mil.
1059 4424 1130 4484 ΙΙ.
1157 4426 1210 4489 4,
1238 4426 1336 4478 50:
1377 4424 1472 4491 „Si
1511 4425 1583 4478 ad

433 4512 592 4549 erum
630 4494 766 4563 haee
800 4512 890 4549 res
925 4494 1198 4565 pervenit,
1237 4496 1436 4564 peristi
1459 4497 1586 4565 pul·

437 4564 620 4621 ehre.“
648 4594 713 4605 —
753 4566 973 4635 Vellere]
1010 4566 1081 4622 ad
1118 4570 1310 4637 togam
1344 4566 1587 4623 referen-

1676 2494 1829 2562 dum,
1866 2512 1978 2549 non
2012 2494 2085 2549 sd
2119 2495 2396 2551 bracchia.
2448 2493 2612 2551 Ovid.
2648 2496 2718 2549 A.
2758 2497 2835 2550 A.

1675 2565 1721 2635 I,
1760 2567 1885 2620 606:
1948 2567 2139 2635 „Velle
2173 2568 2319 2622 latus
2355 2567 2552 2651 digitis
2590 2572 2648 2621 et
2688 2567 2835 2637 pede

1678 2642 1848 2708 tange
1884 2637 2137 2708 pedem.“
2183 2668 2243 2679 —
2298 2638 2621 2708 lentwsima]
2669 2639 2837 2708 quasi

1677 2710 1820 2763 nihil
1853 2709 2115 2764 sentiant.
2188 2710 2257 2765 of.
2300 2709 2480 2764 Germ.
2518 2709 2613 2778 Π,
2656 2712 2740 2771 18.
2776 2712 2833 2763 6.

1676 2780 1791 2835 Tae
1854 2784 2005 2835 Ann.
2052 2780 2098 2849 I,
2134 2784 2233 2836 65:
2299 2781 2520 2849 „lentae
2566 2782 2837 2837 adversus

1676 2852 1913 2922 imperis
1959 2854 2176 2907 aures-‘⁸
2252 2852 2458 2907 Tibull.
2507 2851 2603 2917 IV,
2648 2854 2729 2915 11,
2766 2855 2833 2907 6:

1680 2924 1919 2993 „Nostra
1972 2930 2132 2993 potes
2184 2924 2338 2979 lento
2392 2929 2622 2995 pectore
2682 2922 2835 2979 ferre

1676 2996 1897 3050 malai*
1936 2994 2123 3049 Aliter
2160 2996 2340 3065 Epod.
2373 2999 2456 3063 15,
2478 2997 2529 3049 6.
2571 3025 2637 3035 —
2678 2996 2838 3050 Male

1676 3066 1876 3136 salsus]
1934 3066 2343 3137 intempestive,
2400 3072 2465 3122 ut
2513 3067 2695 3122 Germ.
2734 3066 2833 3132 IV,

1678 3140 1727 3201 6,
1770 3140 1853 3191 14.
1892 3136 2007 3193 Sat.
2043 3138 2117 3208 ΙΙ,
2162 3142 2209 3201 1,
2247 3140 2334 3192 20.
2382 3166 2450 3179 -
2488 3137 2661 3209 iecur]
2703 3138 2835 3193 vide

1676 3210 1750 3264 sd
1786 3209 1963 3263 Carm.
2001 3209 2047 3273 1,
2089 3212 2171 3275 18,
2207 3210 2259 3264 4.
2299 3238 2365 3251 -·
2402 3209 2677 3265 tricesim
2712 3210 2837 3264 sab-

1676 3280 1829 3351 bata]
1851 3281 1941 3334 Ad
1960 3281 2448 3351 interpretandum
2470 3280 2621 3335 hune
2644 3282 2833 3336 loenm

1676 3368 2059 3422 quaecumque
2092 3353 2403 3423 excogitari
2424 3357 2733 3422 potuerunt
2758 3353 2835 3407 ab

1676 3424 2081 3492 interpretibus
2116 3429 2337 3479 tentata
2374 3428 2521 3479 sunt.
2558 3424 2695 3479 Inde
2732 3424 2837 3479 alii

1676 3496 1737 3550 in
1772 3495 2052 3565 paschatis
2096 3494 2303 3550 festum
2344 3496 2683 3565 inciderunt,
2733 3496 2836 3549 alii

1677 3568 1735 3622 in
1770 3568 2154 3637 smenopegis,
2192 3568 2291 3621 alii
2328 3566 2567 3636 denique
2603 3568 2663 3621 in
2697 3584 2838 3621 neo-

1676 3638 1933 3693 meniam.
2006 3638 2083 3693 Et
2116 3638 2226 3693 nisi
2263 3638 2413 3693 forte
2439 3638 2683 3693 Aristius
2716 3656 2837 3693 oer-

1677 3718 1765 3763 tus
1802 3710 1956 3775 satis,
1996 3726 2029 3763 a
2072 3710 2297 3765 nemine
2340 3726 2401 3764 se
2437 3709 2601 3765 facile
2644 3709 2835 3764 refelli

1675 3780 2489 3908 ffssffitoffiffuffionquffiffi
2534 3797 2837 3908 ffie‘ssff

1676 3925 1834 3978 euius
1881 3924 2031 3978 diem
2074 3924 2404 3993 nominavit,
2447 3923 2570 3979 veri
2606 3922 2837 3978 videtur

1676 3995 2023 4050 simillimum
2070 3996 2393 4051 neomeniae
2436 3995 2645 4050 festum
2690 3995 2837 4049 indi·

1678 4067 1816 4130 ouri,
1862 4070 1928 4120 ut
1970 4066 2246 4122 tricesima
2284 4068 2519 4122 sabbata
2554 4067 2671 4120 sint
2708 4066 2835 4121 sab-

1676 4138 1813 4193 bata
1847 4138 2130 4193 tricesimo
2160 4138 2253 4192 die
2290 4138 2503 4194 habita..
2543 4138 2645 4192 cfr.
2668 4137 2837 4192 Ovid.

1678 4213 1746 4263 A.
1784 4213 1853 4264 A.
1890 4209 1934 4273 Ι,
1972 4211 2071 4263 76:
2139 4209 2450 4278 „Cultaque
2496 4209 2705 4264 Iudaeo
2752 4228 2836 4263 se-

1678 4281 1857 4351 ptima
1894 4296 2053 4335 saera
2088 4280 2281 4349 Syr0,“
2331 4282 2430 4336 ubi
2473 4282 2715 4351 septima
2748 4298 2836 4335 sa-

1678 4368 1773 4406 era
1822 4350 1969 4406 haud
2016 4351 2185 4406 dubie
2234 4358 2365 4407 sunt
2409 4370 2551 4422 quae
2594 4352 2835 4422 septimo

1678 4422 1769 4477 die
1806 4422 2102 4478 habentur.
2173 4424 2401 4479 Linker.
2440 4440 2621 4494 nuper
2654 4424 2833 4494 suspi-

1680 4498 1837 4549 catus
1884 4499 1968 4549 est
2014 4495 2406 4567 corrigendum
2460 4512 2576 4551 esse
2628 4494 2835 4551 tristis-

1680 4565 1823 4621 sima
1862 4570 1920 4621 et
1956 4565 2157 4622 deinde
2206 4568 2307 4623 ain
2342 4568 2441 4623 tu?
2510 4566 2656 4623 'I'mn
2691 4584 2837 4638 quse
