3092 5059
1090 242 1255 307 LIB.
1301 239 1387 306 Π.
1430 237 1616 307 SAT.
1659 236 1808 306 VII.

2526 229 2652 302 483

279 457 329 498 a
364 429 840 526 Responsare
886 429 1392 536 cupidinibus,
1448 441 1940 504 contemnere
1989 425 2320 501 honores

355 553 626 650 Fortis,
683 567 759 629 et
804 553 884 629 in
938 578 1019 629 se
1069 555 1237 651 ipso
1292 565 1516 648 totus,
1571 565 1769 628 teres
1821 563 2050 650 atque
2103 548 2500 646 rotundus,

354 678 669 754 Externi
718 703 817 753 ne
868 678 1060 778 quid
1112 677 1366 754 valeat
1414 703 1556 777 per
1606 675 1778 752 leve
1831 674 2138 766 morari,

352 803 447 879 In
501 827 729 902 quem
784 827 1055 878 manca
1104 803 1259 878 ruit
1308 827 1612 900 semper
1665 801 1995 875 fortuna.

2097 799 2424 875 Potesne

351 927 465 1002 Ex
517 927 635 1002 his
688 940 775 1002 ut
824 928 1225 1028 proprium
1276 927 1461 1026 quid
1514 927 1884 1002 noscere?
1950 925 2310 1023 Quinque
2361 923 2653 998 talenta

269 1089 321 1130 ω
356 1051 615 1128 Poscit
664 1065 739 1128 te
790 1051 1093 1149 mulier,
1138 1065 1362 1128 vexat
1407 1053 1862 1150 foribusque
1915 1050 2307 1150 repulsum

328 1175 767 1253 Perfundit
818 1175 1099 1272 gelida,
1156 1203 1415 1253 rursus
1469 1188 1726 1252 vocat:
1783 1178 1994 1274 eripe
2046 1175 2253 1272 turpi

353 1300 579 1377 Colla
628 1303 859 1398 iugo3
908 1302 1217 1398 -„Liber,
1272 1303 1473 1378 liber
1524 1298 1768 1397 sum‚“

1817 1303 1942 1378 dic
1991 1302 2171 1400 agel
2230 1301 2397 1375 Non
2442 1300 2650 1399 quis:

355 1425 603 1525 Urget
653 1428 853 1501 enim
906 1427 1265 1503 dominus
1310 1441 1648 1504 mentem
1696 1455 1852 1504 non
1903 1429 2100 1503 lenis
2152 1439 2226 1503 et
2277 1453 2489 1503 acres

350 1549 747 1626 Subiectat
796 1551 998 1626 lasso
1054 1553 1400 1628 stimulos
1455 1567 1860 1653 versatque
1911 1565 2349 1650 negantem.

258 1706 314 1748 su
353 1674 504 1751 Vel
560 1701 732 1749 cum
790 1673 1159 1751 Pausiaca
1206 1687 1487 1774 torpes,
1543 1678 1829 1770 insane,
1883 1677 2192 1768 tabella,

352 1797 563 1892 Quid
601 1824 867 1899 peccas
907 1801 1156 1875 minus
1198 1816 1429 1901 atque
1463 1827 1632 1898 ege,
1677 1827 1848 1876 cum
1890 1801 2115 1876 Fulvi
2151 1801 2652 1900 Rutubaeque

351 1922 517 1997 Aut
571 1923 1012 2000 Pacideiani
1058 1939 1418 2002 contento
1472 1927 1766 2026 poplite
1813 1927 2056 2002 miror

350 2048 665 2125 Proelia
715 2050 1027 2124 rubrica
1072 2049 1277 2144 picta
1328 2063 1457 2124 aut
1504 2050 1860 2145 carbone,
1911 2048 2121 2124 velut
2173 2050 2238 2125 si

347 2175 467 2250 Rc
499 2195 706 2250 'vera
757 2187 1123 2275 pugnent,
1177 2174 1457 2250 feriant
1505 2175 1905 2272 vitentque
1955 2187 2350 2250 moventes

248 2437 536 2506 Pottierii,
582 2457 695 2494 uno
742 2440 1041 2495 Pulmanni
1086 2445 1145 2496 et
1192 2439 1413 2495 Monte-

245 2512 455 2581 pessul.
514 2529 621 2582 pro
686 2529 750 2566 eo
811 2513 961 2581 quod
1026 2530 1093 2567 ex
1152 2513 1409 2582 pluribus

285 2583 649 2638 raetulerunt
674 2583 929 2648 Mueller.
956 2583 1145 2638 Lehrs.
1178 2583 1407 2638 Teuffel.

301 2655 463 2709 eller.
520 2655 630 2709 sibi
682 2657 797 2724 qui.
871 2653 1147 2724 Displicet
1202 2655 1408 2724 duplex

244 2728 533 2781 sententia
560 2727 814 2794 relativa,
839 2728 1021 2782 altera
1047 2728 1282 2781 alteram
1318 2745 1409 2781 ex-

242 2797 483 2867 plicans.
564 2797 637 2852 cf.
686 2798 867 2852 Carm.
919 2799 1021 2867 111,
1070 2801 1157 2866 29,
1204 2801 1289 2852 41.
1340 2827 1407 2838 ·-

241 2869 593 2939 responsare]
649 2869 719 2923 cf.
765 2869 871 2939 Ep.
920 2870 966 2939 I,
1017 2872 1064 2939 1,
1109 2871 1195 2924 68.
1259 2871 1411 2924 infra

247 2943 368 2995 103.
448 2940 570 2995 Sat
612 2940 782 3003 11,4,
837 2944 915 2996 18.
988 2941 1094 2996 Est
1143 2941 1411 2997 audacter

242 3011 643 3139 respogtgendo
682 3011 910 3066 fortiter
941 3015 1220 3155 ἷέΐεὶεἷοιέ.
1306 3084 1349 3138 P

574 3099 636 3136 m
680 3100 737 3138 ee
778 3084 901 3152 ipso
1023 3101 1085 3138 us
1201 3103 1267 3139 ic.
1352 3101 1409 3139 a-

242 3156 369 3210 rad.
392 3156 453 3208 2:
498 3153 663 3224 ,,Νοιι
696 3159 885 3223 potest
920 3173 1031 3210 non
1056 3157 1409 3211 beatissimus

242 3243 383 3298 esse,
450 3227 551 3296 qni
603 3231 760 3280 totus
810 3232 974 3296 aptus
1024 3232 1107 3282 est
1152 3245 1219 3281 ex
1266 3245 1409 3296 sese,

242 3300 344 3366 qui
384 3299 450 3351 in
490 3315 549 3352 se
584 3315 697 3352 uno
724 3315 825 3352 sua
859 3299 1049 3367 posuit
1073 3300 1313 3353 omniaf‘
1344 3325 1404 3336 -

238 3374 383 3424 teres
421 3373 589 3452 atque
627 3369 925 3439 rotundus]
962 3369 1037 3424 M.
1073 3372 1280 3424 Anton.
1305 3369 1405 3434 ΙΙΙ,

234 3441 333 3495 41:
420 3433 706 3526 ,,Τοῦτου
723 3441 841 3508 (τοῦ
888 3441 1027 3528 νοῦ)
1056 3437 1117 3494 οὗ
1170 3442 1295 3511 πῦρ,
1346 3435 1411 3494 οὗ

240 3513 492 3600 σίδηρος,
531 3507 595 3565 οὐ
643 3505 921 3602 τύραννος,
970 3508 1034 3565 οὗ
1081 3515 1409 3584 βλασφημία

237 3581 347 3656 οὐχ
419 3583 611 3637 ὁτιοῦν
673 3579 931 3637 ἅπτεται·
993 3603 1128 3639 οταν
1186 3589 1407 3654 γένηται

240 3663 509 3726 σφαΐρος,
548 3657 867 3726 κυκλοτέρης
913 3657 1124 3727 μένει·ι
1150 3685 1217 3696 --
1244 3655 1408 3710 domi-

236 3728 413 3855 32‘15321
425 3743 626 3868 ..1‘0‘333
642 3727 1151 3884 ῗῗιξὲῗὲξέοηῑ,
1120 3744 1232 3853 ι’ἒίἲ
1255 3727 1408 3870 ιῖἕιξέ

236 3888 339 3925 seu
380 3886 814 3938 marmore,cu1
851 3889 899 3925 ει
947 3872 1082 3940 quid
1136 3872 1407 3940 imponas,

234 3943 489 3998 haerere
523 3959 635 3996 non
674 3947 883 4011 potest·
934 3943 1016 3998 ita
1052 3960 1155 3998 nec
1191 3943 1409 4013 sapien-

232 4019 353 4068 tem
404 4012 553 4067 vitia
590 4015 940 4086 contingunt,
977 4015 1075 4070 sed
1113 4015 1184 4070 ab
1222 4031 1287 4069 co
1316 4015 1407 4068 de-

234 4085 501 4140 cidunt!
578 4113 645 4124 -
717 4085 1003 4156 subiectat]
1075 4085 1409 4155 Metaphora

238 4161 480 4226 sumpta
535 4155 605 4210 ab
664 4157 852 4226 equite
909 4157 1005 4226 qui
1060 4157 1204 4211 lasso
1260 4173 1407 4226 equo

236 4228 497 4283 calcaria
551 4227 755 4281 subdit.
828 4227 1007 4298 Epist.
1058 4227 1130 4297 11,
1186 4231 1233 4296 1,
1285 4231 1408 4282 217.

238 4319 311 4340 -·-
355 4295 675 4382 Pausiaca]
714 4297 945 4354 Pausias
980 4299 1268 4368 Sicyonius
1308 4300 1407 4354 flo-

234 4371 363 4426 ruit
403 4369 561 4424 circa
596 4387 645 4425 a.
686 4376 816 4425 ante
854 4371 982 4426 Chr.
1019 4371 1140 4424 870.
1220 4371 1303 4425 De
1346 4387 1409 4425 re

234 4441 512 4498 conferes
560 4443 882 4498 Ciceronem
928 4441 1128 4496 Parad.
1169 4445 1227 4495 5:
1286 4445 1411 4510 „An

235 4515 343 4570 ille
382 4513 531 4566 mihi
568 4514 731 4582 liber,
766 4515 858 4569 cui
890 4513 1093 4568 mulier
1128 4482 1411 4584 imperat?

234 4577 336 4644 cui
377 4586 536 4655 leges
571 4586 829 4656 imponit,
860 4585 1214 4656 praescribit,
1237 4585 1413 4655 iubet,

1502 2445 1662 2496 vetat
1698 2439 1848 2509 quod
1884 2440 2110 2496 videtur
2124 2441 2154 2495 ¹?
2190 2441 2286 2510 qui
2311 2439 2454 2494 nihil
2478 2439 2650 2510 impe-

1502 2515 1652 2567 ranti
1697 2531 1904 2584 negare
1950 2518 2154 2583 potest,
2205 2512 2346 2566 nihil
2395 2529 2654 2566 recusare

1502 2584 1712 2638 audet?
1749 2584 1964 2653 Poscit3
2011 2585 2260 2638 dandum
2306 2589 2413 2639 est:
2463 2587 2652 2652 vocat3

1501 2656 1860 2710 veniendum:
1899 2655 2060 2724 eicit3
2097 2655 2440 2710 abeundum:
2477 2655 2653 2708 mina-

1501 2731 1624 2796 tur3
1650 2727 2137 2782 extimescendum.
2175 2727 2299 2798 Ego
2324 2743 2456 2781 vero
2483 2727 2654 2781 istum

1502 2815 1616 2852 non
1653 2799 1816 2852 modo
1844 2816 2084 2866 servum,
2120 2799 2216 2853 sed
2251 2799 2652 2867 nequissimum

1500 2886 1722 2924 servum
1763 2871 2160 2941 appellandum
2197 2871 2389 2940 puto.“
2449 2870 2528 2924 Et
2563 2869 2654 2922 de·

1502 2942 1658 2996 inde:
1699 2941 1861 3011 „Pari
1888 2943 2130 2997 stultitia
2156 2946 2287 2996 sunt
2312 2959 2448 3010 quos
2475 2942 2652 3011 signa,

1501 3030 1641 3082 quos
1683 3014 1926 3076 tabulae,
1977 3031 2114 3082 quos
2149 3012 2402 3068 aedificia
2439 3013 2654 3082 magni-

1502 3083 1608 3139 fica
1627 3086 1800 3139 nimio
1827 3103 1994 3154 opere
2020 3085 2314 3139 delectant.
2321 3085 2355 3114 “
2375 3082 2654 3154 -Fuzm‘j

1502 3155 1638 3210 Tria
1673 3161 1805 3210 sunt
1841 3157 2070 3210 nomina
2101 3156 2510 3226 gladiator-urm
2543 3160 2654 3209 ter-

1502 3229 1646 3281 tium
1685 3245 1754 3281 ex
1790 3227 1998 3282 Lucilii
2033 3228 2218 3281 satiris
2255 3232 2552 3296 sumptum.
2585 3255 2651 3265 -—

1499 3305 1744 3353 contento
1784 3300 2015 3368 poplite]
2063 3301 2297 3353 Acrona

1502 3375 1691 3424 tentus
1743 3370 1958 3438 aliquid
2002 3375 2216 3438 spectat
2251 3369 2507 3440 (Davus),
2549 3370 2654 3423 eri-

1500 3442 1592 3567 {nt
1625 3459 1684 3495 se
1719 3447 1777 3494 et
1823 3442 2076 3495 extendit
2118 3442 2389 3511 poplitem
2437 3458 2616 3495 suum.
2620 3441 2654 3470 “

1557 3529 1663 3568 ane
1716 3531 1908 3566 veram
1964 3530 2079 3567 esse
2129 3513 2654 3582 interpretationem

2360 3298 2526 3368 „dum
2569 3301 2653 3352 at-

1502 3585 1767 3640 viderunt
1804 3583 2105 3638 Teuffelius
2150 3589 2207 3638 et
2245 3584 2656 3638 Doederlinius.

1502 3657 1788 3726 Coniunge
1838 3656 2015 3726 igitur
2068 3661 2208 3710 cont.
2257 3655 2407 3726 popl.
2467 3656 2650 3710 miror.

1503 3757 1569 3767 —-
1595 3729 1816 3782 rubrica
1845 3727 2024 3797 picta]
2065 3727 2465 3797 significantur
2488 3727 2654 3780 rudes

1500 3800 1773 3870 picturae,
1833 3816 1974 3867 quae
2028 3799 2098 3852 ad
2153 3798 2510 3852 alliciendum
2557 3815 2654 3866 po-

1500 3872 1698 3941 pulum
1734 3870 1826 3924 vel
1877 3889 1910 3924 a
1945 3870 2164 3924 lanistis
2209 3870 2297 3924 vel
2335 3869 2406 3924 ab
2450 3871 2518 3923 iis
2558 3868 2654 3938 qui

1500 3943 1819 4012 spectacula
1877 3941 2141 4005 edebant
2215 3939 2654 4011 exponebantur.

1502 4014 1646 4068 Plin.
1694 4014 1763 4068 Ν.
1810 4013 1880 4066 Η.
1927 4013 2164 4074 XXXV,
2212 4015 2271 4067 7.
2358 4013 2654 4081 „Libertus

1502 4086 1619 4140 eius
1658 4085 1935 4150 (Neronis)
1974 4101 2100 4138 cum
2139 4051 2302 4139 daret
2337 4053 2496 4139 A’ntii
2535 4101 2654 4138 mu-

1501 4175 1607 4212 nus
1644 4155 2062 4228 gladiatorium,
2108 4157 2362 4226 publicas
2407 4157 2656 4225 porticus

1502 4229 1794 4283 investivit
1836 4229 2084 4297 pictura,
2134 4233 2202 4282 ut
2247 4232 2487 4296 constat,
2542 4227 2660 4298 gla-

1503 4301 1787 4355 diatorum
1847 4299 2344 4368 ministrorumque
2407 4299 2658 4354 omnium

1503 4372 1653 4426 veris
1691 4371 2028 4442 imaginibus
2069 4411 2082 4424 .
2176 4369 2391 4441 .Pingi
2445 4371 2657 4441 gladia·-

1503 4444 1655 4498 toria
1689 4459 1924 4498 munera
1969 4445 2142 4510 atque
2188 4443 2248 4495 in
2291 4442 2517 4511 publico
2565 4459 2656 4497 ex-

1504 4514 1640 4584 poni
1690 4519 1888 4584 coepta
1933 4531 1968 4568 a
2015 4513 2073 4568 O.
2111 4511 2374 4568 Terentio
2412 4513 2658 4570 Lucano.

1507 4587 1560 4640 ls
1607 4603 1712 4640 avo
1761 4604 1862 4640 suo
1907 4586 2148 4656 triginta
2198 4586 2359 4656 paria
2405 4587 2464 4640 in
2509 4585 2658 4640 Foro
