3092 5059
405 222 530 287 438

1357 220 1859 289 SATIRARUM

509 406 891 484 Stultitiae
937 408 1269 485 nihilum
1322 407 1741 485 metuenda
1789 406 2150 502 timentis,
2202 419 2291 481 ut
2332 404 2578 503 ignes,

421 564 474 607 ss
507 533 619 611 Ut
673 558 903 629 rupes
947 532 1384 633 fluviosque
1435 534 1518 608 in
1568 558 1841 633 campo
1896 533 2203 609 obstare
2259 540 2662 630 queratur3

506 658 864 735 Alterum
915 670 990 733 et
1039 658 1221 733 huic
1272 686 1543 735 varum
1598 672 1674 733 et
1725 657 1970 733 nihilo
2016 656 2437 753 sapientius
2486 652 2709 749 ignes

505 784 658 859 Per
708 782 1005 858 medios
1055 782 1492 883 fluviosque
1541 782 1871 859 ruentis:
1927 781 2209 859 clamet
2256 780 2528 873 amica,

505 910 776 1004 Mater,
831 908 1160 985 honesta
1203 935 1427 985 soror
1479 934 1652 984 cum
1710 907 2083 1004 cognatis,
2134 919 2381 1006 pater,
2433 926 2665 979 uxor:

508 1033 714 1131 „Hic
766 1035 976 1111 fossa
1019 1047 1134 1111 est
1182 1034 1480 1131 ingens,
1533 1032 1661 1109 hic
1708 1057 1937 1129 rupes
1982 1031 2357 1125 maxima3
2410 1053 2635 1104 serva

2646 1022 2721 1101 ιι(

419 1191 472 1253 ⁶9
505 1157 682 1235 Non
735 1158 982 1256 magis
1027 1158 1386 1255 audierit,
1437 1184 1666 1257 quam
1718 1156 1979 1235 Fufius
2034 1156 2291 1233 ebrius
2346 1153 2556 1247 olim,

509 1276 709 1361 Cum
757 1282 1092 1359 Ilionam
1146 1282 1500 1379 edormit,
1556 1281 1893 1359 Catienis
1944 1281 2159 1357 mille
2212 1279 2565 1356 ducentis

509 1409 830 1506 „Mater,
883 1420 960 1484 te
1011 1404 1399 1508 appe110‚“
1455 1407 1993 1483 clamantibus.
2080 1406 2287 1481 Huic
2343 1429 2489 1502 ego
2541 1402 2833 1501 vulgus

506 1533 776 1609 Errori
826 1531 1156 1609 similem
1209 1544 1566 1608 cunctum
1618 1532 1956 1607 insanire
2008 1530 2333 1607 docebo.

509 1658 808 1735 Insanit
851 1670 1147 1735 veteres
1197 1670 1482 1735 statuas
1531 1657 2041 1755 Damasippus
2095 1656 2464 1734 emendo:

429 1816 480 1857 ω
515 1784 830 1879 Integer
880 1796 997 1861 est
1045 1784 1324 1859 mentis
1376 1782 1827 1881 Damasippi
1878 1781 2239 1859 creditor.

2338 1780 2549 1855 Esto.

510 1908 858 2005 „Accipe
901 1907 1111 2006 quod
1157 1932 1555 2005 nunquam
1606 1906 1886 1982 reddas
1930 1903 2198 2000 mihi‚“
2244 1906 2312 1981 si
2352 1904 2499 1979 tibi
2540 1902 2833 1997 dicam,

509 2032 726 2107 Tune
775 2034 1088 2109 insanus
1140 2032 1318 2124 eris,
1373 2032 1438 2105 si
1489 2030 1931 2129 acceperis?
1976 2055 2075 2107 an
2124 2028 2377 2127 magis
2431 2052 2703 2104 excors

509 2158 820 2233 Reiecta
869 2156 1184 2256 praeda,
1241 2184 1469 2256 quam
1517 2180 1882 2254 praesens
1934 2154 2361 2231 Mercurius
2414 2128 2619 2230 fert?

511 2282 780 2360 Scribe
834 2282 1102 2359 decem
1157 2310 1204 2359 a
1251 2282 1526 2379 Neri03
1595 2306 1751 2356 non
1804 2293 1918 2357 est
1968 2280 2183 2357 satis:
2239 2278 2447 2355 adde
2498 2276 2839 2355 Cicutae

412 2570 572 2640 dere,
623 2576 691 2625 ut
745 2572 900 2626 velut
953 2588 1122 2641 pecus
1166 2572 1401 2627 caudam
1451 2578 1569 2627 tra·

410 2642 602 2697 hant.“
677 2642 953 2713 Porphyr.
1012 2643 1222 2698 Facere
1276 2644 1337 2697 id
1387 2643 1570 2699 solent

408 2714 766 2784 potissimum
803 2714 978 2768 fatuis
1004 2714 1340 2770 hominibus.
1371 2744 1434 2754 --
1463 2714 1571 2769 Est

407 2800 579 2855 ,cycnus
628 2785 824 2855 unum]
887 2786 1212 2840 Contrarias
1266 2792 1353 2841 est
1411 2804 1571 2841 error

411 2856 733 2925 hominum3
791 2875 922 2911 nam
960 2858 1094 2911 dum
1131 2858 1232 2911 alii
1267 2858 1462 2911 vident
1497 2858 1569 2912 ti-

410 2932 678 2995 mentque
725 2928 978 3011 pericula
1023 2946 1167 2997 quae
1211 2928 1368 2983 nulla
1420 2935 1567 2991 sunt,

413 3000 511 3053 alii
558 2999 702 3053 nihil
753 3000 980 3054 omnino
1036 3000 1232 3054 vident
1285 3008 1570 3069 ruuntque

411 3088 513 3141 per
551 3070 740 3124 omnia
777 3072 946 3124 ctiam
970 3071 1464 3141 periculosissima3
1501 3072 1569 3126 ti-

409 3143 607 3197 mentis
645 3146 833 3195 autem
860 3147 918 3195 et
952 3145 1162 3196 rimatis
1201 3144 1274 3210 (v.
1307 3144 1401 3210 57)
1439 3149 1571 3197 sunt

411 3212 706 3267 masculini
739 3214 978 3283 generis.
1004 3213 1300 3283 -campo]
1338 3214 1570 3268 Martio.

413 3286 578 3339 Carm
625 3284 723 3343 ΙΙΙ,
759 3288 804 3347 1,
839 3288 917 3337 ll.
945 3314 1010 3323 —
1035 3284 1289 3354 nihilum]
1316 3285 1376 3339 in
1403 3302 1571 3354 prosa

411 3355 668 3411 oratione
693 3323 1112 3409 sub’stantivum
1138 3361 1240 3425 est,
1259 3357 1410 3425 apud
1435 3373 1568 3425 poe·

411 3432 500 3481 tas
527 3426 815 3479 interdum
840 3426 1094 3481 adverbii
1132 3428 1255 3481 vice
1291 3428 1569 3498 fungitur.

417 3527 478 3535 -
508 3496 718 3567 clamet]
757 3495 978 3550 etiamsi
1003 3498 1226 3551 clamet.
1265 3528 1330 3537 —-
1366 3500 1569 3569 amica]

411 3568 532 3623 Alii
569 3574 635 3621 ut
669 3568 879 3621 Keller.
918 3568 1139 3622 Miiller.
1161 3570 1399 3639 Kriiger.
1425 3570 1570 3624 Eck·

411 3639 578 3694 stein.
601 3656 714 3692 non
730 3638 874 3693 bene
892 3640 1240 3710 coniungunt
1260 3642 1436 3693 (critica
1459 3659 1570 3697 ma·

409 3716 522 3780 ter3
560 3710 642 3763 ita
668 3710 817 3763 enim
841 3712 1010 3764 matri
1038 3714 1251 3765 accedit
1280 3712 1570 3779 epitheton

412 3781 746 3851 languidum
770 3800 836 3835 ac
859 3782 1068 3834 nullius
1097 3784 1264 3851 plane
1287 3784 1567 3851 ponderis.

410 3852 734 3915 Horkelius,
771 3870 842 3906 ne
867 3854 1046 3907 amica
1067 3854 1252 3922 primo
1290 3855 1411 3908 loco
1438 3861 1571 3910 aute

412 3926 595 3993 ipsam
631 3928 872 3977 matrem
911 3929 969 3977 et
1003 3942 1236 3979 uxorem
1281 3925 1571 3981 nominata

411 3994 798 4064 turpissimam
823 3999 1017 4047 notam
1053 3995 1267 4050 homini
1304 3997 1571 4063 inureret,

411 4084 482 4121 ex
531 4064 857 4119 coniectura
901 4065 1130 4134 scripsit
1168 4068 1349 4121 anicla
1397 4074 1573 4122 mater

412 4138 447 4191 i.
493 4154 544 4191 e.
596 4136 788 4189 vetula
836 4140 1036 4190 mater.
1123 4136 1260 4191 Inde
1306 4138 1571 4191 Lehrsius

411 4206 789 4275 transposuit:
851 4207 1078 4261 honesta
1133 4214 1330 4270 mater,
1393 4209 1573 4263 amica

413 4294 592 4333 soror.
668 4278 778 4331 Sed
813 4277 1177 4332 nominantur
1211 4279 1436 4331 omnino
1475 4282 1571 4347 qui

413 4348 532 4403 cari
571 4354 703 4402 sunt
740 4352 796 4402 et
843 4348 1090 4402 libenter
1139 4349 1442 4403 audiuntur
1489 4350 1571 4404 in—

411 4426 506 4475 ter
569 4437 706 4487 quos
766 4436 958 4473 omnes
1017 4420 1269 4475 consulto
1327 4421 1571 4487 primum

419 4490 670 4545 obtinuit
693 4491 878 4545 locum
903 4490 1102 4555 amica,
1125 4490 1385 4543 ultimum
1405 4509 1572 4562 uxor3

416 4576 520 4615 nec
557 4577 748 4615 omnes
801 4560 902 4629 qui
935 4560 1295 4617 nominantur
1323 4563 1569 4619 eundem

1663 2570 1947 2624 hominem
1982 2570 2351 2625 circumstant
2388 2586 2421 2623 a
2447 2568 2842 2638 periculisque

1662 2641 1963 2697 defendere
2010 2646 2315 2710 conantur3
2352 2640 2529 2694 alium
2570 2639 2671 2693 alii
2714 2639 2841 2693 cari

1662 2714 2003 2839 1(ξοςιέιιὲίιιιιει
2076 2718 2313 2853 agogum]
2368 2728 2587 2836 <gunea
2639 2717 2842 2835 tamen

1688 2802 1783 2838 rus
1810 2803 1875 2839 ra
1955 2814 2023 2823 —
2144 2800 2180 2837 u
2221 2798 2290 2837 us
2426 2783 2661 2837 acuvius
2748 2799 2842 2837 ra-

1662 2856 1921 2923 goediam
1969 2855 2271 2923 scripserat
2322 2854 2550 2909 nomine
2598 2854 2843 2916 Ilionae,

1664 2928 1876 2981 Priami
1939 2926 2113 2986 filiae,
2184 2924 2591 2994 Polymestoris
2656 2924 2843 2979 Thra-

1665 3015 1793 3053 cum
1828 3000 1979 3069 regis
2017 2998 2224 3051 uxoris.
2290 2996 2445 3063 Quae
2482 3014 2613 3050 cum
2649 2996 2841 3050 filium

1663 3069 1991 3137 Deiphilum
2025 3086 2131 3138 pro
2174 3068 2356 3123 fratre
2393 3068 2703 3136 Polydoro,
2730 3066 2843 3121 Po-

1664 3140 1924 3209 lydorum
1946 3158 2050 3211 pro
2075 3140 2197 3195 filio
2224 3138 2536 3203 educasset,
2575 3138 2843 3207 Polyme-

1666 3218 1787 3266 stor
1820 3216 1997 3279 pater,
2039 3211 2136 3279 qui
2174 3210 2443 3276 Polydori
2488 3210 2696 3279 opibus
2738 3227 2815 3279 po

1666 3284 1767 3337 tiri
1804 3284 1992 3346 vellet,
2042 3282 2228 3337 excisa
2262 3282 2437 3335 Troia
2480 3280 2665 3335 filium
2708 3280 2847 3335 Dei-

1664 3353 1887 3436 philum
1926 3370 2029 3422 pro
2076 3352 2357 3420 Polydoro
2408 3352 2843 3407 occidit.1n

1666 3426 1774 3479 hac
1811 3426 1989 3494 igitur
2014 3424 2206 3479 fabula
2232 3424 2486 3493 Deiphili
2523 3425 2735 3477 umbra
2773 3442 2847 3477 ex

1666 3496 1863 3550 inferis
1888 3496 2107 3550 rediens
2141 3502 2380 3550 matrem
2419 3495 2668 3550 Ilionam
2709 3494 2844 3548 dor-

1664 3569 1933 3621 mientem
1994 3567 2064 3621 de
2125 3584 2183 3620 sc
2222 3568 2415 3621 ultura
2486 3566 2845 3637 appellabat.

1668 3640 1787 3693 Iam
1825 3656 1953 3693 cum
1990 3639 2127 3692 olim
2210 3636 2354 3692 ufius
2392 3644 2551 3691 actor
2589 3637 2845 3692 Ilionam

1664 3715 1861 3780 ageret
1916 3726 2281 3777 somnumque
2338 3709 2611 3763 simulare
2671 3708 2845 3763 debe-

1664 3786 1770 3847 ret,
1810 3780 2025 3835 factum
2062 3785 2148 3835 est
2184 3786 2251 3835 ut
2298 3781 2431 3834 vino
2471 3780 2669 3835 ebrius
2706 3798 2849 3834 vere

1664 3851 1945 3907 dormiret
1981 3856 2151 3920 atque
2190 3852 2261 3905 ab
2297 3851 2479 3905 altero
2518 3856 2719 3905 actore
2742 3851 2847 3905 Ca-

1664 3924 1837 3989 tieno,
1862 3922 2188 3992 Deiphilum
2226 3928 2447 3991 agente,
2484 3921 2709 3977 frustra
2746 3940 2849 3992 ap-

1666 3994 1991 4065 pellaretur.
2030 3992 2125 4048 Cic
2182 3992 2559 4061 Tusc.1‚44‚
2610 3994 2735 4046 106.
2775 4022 2845 4033 -

1666 4064 1915 4132 edormit]
1945 4064 2074 4118 vide
2101 4064 2172 4117 ad
2199 4064 2313 4119 Sat.
2340 4064 2389 4127 1,
2408 4067 2461 4132 6,
2490 4036 2575 4119 13⁹.
2617 4064 2731 4119 Est
2766 4066 2849 4119 io·

1666 4152 1795 4190 cose
1820 4135 2035 4189 dictum
2056 4136 2302 4189 Ilionam
2320 4136 2553 4191 edormit
2577 4153 2689 4205 pro
2710 4137 2849 4190 nio-

1666 4224 1796 4261 nam
1824 4206 2077 4259 dormit
2062 4225 2095 4260 ι.
2126 4224 2170 4259 e.
2198 4206 2537 4261 dormiendo
2574 4208 2850 4261 imitatur

1668 4284 1726 4333 et
1765 4277 2048 4345 crapulam
2077 4277 2338 4331 edormit.
2358 4306 2433 4317 —-
2454 4279 2720 4347 similem]
2758 4296 2849 4333 er·

1667 4365 1871 4402 rorem.
1898 4348 1967 4401 cf.
1990 4348 2103 4402 Sat.
2124 4348 2199 4415 ΙΙ,
2218 4350 2270 4416 2,
2291 4352 2381 4402 53.
2408 4350 2496 4403 De
2516 4350 2847 4404 coniunctis

1668 4417 1855 4473 verbis
1880 4434 2114 4473 errorem
2136 4420 2391 4476 insanire
2427 4420 2502 4475 cf.
2530 4420 2721 4475 Carm.
2748 4420 2847 4484 IV.

1666 4494 1722 4558 9,
1762 4491 1829 4542 19
1861 4505 2113 4558 puqnare
2134 4490 2379 4573 proelia.
2406 4521 2475 4531 —
2500 4492 2731 4547 insanit
2756 4508 2844 4548 ee—

1666 4530 1829 4630 te’m]
1876 4578 1945 4615 ex
1982 4560 2217 4617 alterius
2254 4568 2445 4619 mente
2481 4563 2627 4619 haec
2662 4564 2845 4619 inter-
