3092 5059
1139 237 1302 303 LIB.
1347 238 1434 305 ΙΙ.
1477 237 1662 305 SAT.
1708 240 1781 305 V.

2544 239 2670 305 467

372 424 502 501 Me
535 450 714 501 sene
741 426 952 526 quod
985 424 1236 503 dicam
1265 428 1554 505 sactum
1586 442 1739 505 est:
1777 454 1965 505 anus
2002 428 2361 529 improba
2382 427 2677 519 Thebis,

287 582 340 623 aa
373 549 484 622 Ex
531 561 986 629 testamento
1038 553 1146 629 sic
1197 565 1310 629 est
1354 553 1591 629 elata:
1656 554 1985 631 cadaver

375 672 707 749 Unctum
759 678 931 754 oleo
981 678 1200 777 largo
1254 678 1478 753 nudis
1529 679 1817 757 umeris
1868 679 2041 755 tulit
2089 678 2339 774 heres,

373 796 681 877 Scilicet
736 800 938 879 elabi
987 804 1053 879 si
1105 817 1364 904 posset
1413 816 1757 903 mortua3
1815 804 2071 901 cred0‚

343 921 607 1016 'Quod
659 926 979 1003 nimium
1032 930 1406 1005 institerat
1459 929 1777 1005 viventi.

1881 928 2167 1007 Cautus
2218 927 2457 1023 adito,

373 1048 441 1124 N
445 1075 542 1125 eu
594 1051 796 1129 desis
847 1078 1130 1152 operae
1178 1079 1375 1131 neve
1425 1053 1976 1129 immoderatus
2028 1054 2397 1131 abundes.

287 1209 342 1249 m
374 1174 791 1254 Difficilem
844 1191 920 1255 et
967 1204 1360 1255 morosum
1415 1179 1758 1257 offendet
1803 1181 2197 1278 garrulus3
2246 1179 2451 1256 ultra

372 1298 546 1375 Non
597 1302 825 1378 etiam
879 1302 1128 1382 sileas.
1229 1305 1486 1381 Davus
1538 1305 1639 1381 sis
1692 1306 2031 1382 comicus
2075 1318 2309 1406 atque

374 1423 541 1501 Stes
595 1426 844 1525 capite
896 1429 1226 1527 obstipe,
1275 1430 1603 1505 multum
1646 1429 1917 1505 similis
1970 1430 2360 1505 metuenti.

379 1549 775 1652 Obsequio
830 1576 1218 1651 grassare3
1267 1580 1521 1652 mone,
1577 1556 1645 1631 si
1688 1554 2106 1642 increbruit
2152 1580 2361 1643 aura,

377 1677 660 1755 Cautus
704 1677 820 1753 uti
870 1678 1076 1755 velet
1121 1704 1382 1755 carum
1437 1690 1706 1776 caput3
1762 1679 2081 1755 extrahe
2130 1679 2357 1755 turba

288 1836 342 1877 ου
379 1798 780 1900 Oppositis
827 1803 1154 1900 umeris3
1207 1828 1470 1880 aurem
1515 1802 1953 1901 substringe
1994 1802 2323 1902 loquaci.

373 1925 867 2024 Importunus
912 1941 1120 2007 amat
1169 1928 1504 2005 laudari:
1560 1928 1807 2005 donec
1856 1924 2128 2026 „Ohe“
2174 1929 2331 2005 iam

345 2150 411 2205 V.
449 2154 536 2206 84.
575 2152 668 2207 Me
705 2154 850 2223 sene]
889 2152 1048 2221 Quod
1085 2171 1253 2223 supra
1289 2153 1424 2208 duo·

268 2223 378 2276 bus
420 2223 608 2279 verbis
644 2242 697 2280 v.
735 2225 802 2278 47
846 2224 1057 2293 (leniter
1092 2226 1305 2295 ωηερε)
1343 2228 1423 2279 te-

269 2295 502 2365 tigerat,
549 2294 611 2349 id
657 2314 806 2351 nunc
845 2315 898 2351 v.
934 2296 1148 2351 84—98
1187 2297 1426 2365 amplius

268 2366 637 2435 inlustratur3
674 2368 886 2431 scilicet
914 2386 1178 2440 magnam
1215 2368 1424 2422 cautio-

267 2455 400 2492 nem
445 2438 815 2495 adhibendam
863 2458 980 2495 esse
1029 2442 1090 2494 in
1132 2439 1426 2508 captandis

267 2509 746 2580 conciliandisque
771 2510 1107 2580 hominibus,
1135 2510 1424 2566 discendos

267 2583 1012 2709 {tssaffzffiinzssaefflt
1035 2582 1424 2709 ,fffflsshssssss‘

269 2728 365 2777 tus
401 2728 530 2793 post
555 2742 758 2779 vanam
790 2694 980 2781 curam
1017 2726 1220 2781 evadat
1239 2726 1424 2795 piscis.

269 2824 338 2835 —-
376 2796 648 2866 improba]
699 2802 902 2866 astuta,
951 2816 1094 2866 quae
1132 2815 1258 2853 cum
1294 2798 1426 2853 viva

267 2871 617 2935 captatorem
679 2868 924 2939 effugere
983 2886 1096 2923 non
1149 2870 1426 2939 potuisset

267 2938 582 3009 periculum
632 2937 816 2995 facere
852 2940 1049 3008 voluit,
1098 2958 1232 2994 num
1278 2958 1423 2995 mor-

265 3018 402 3064 tuae
439 3010 654 3065 felicius
691 3012 800 3065 sibi
837 3012 1100 3067 eveniret.
1139 3012 1209 3067 cf.
1245 3010 1359 3067 Sat.
1381 3012 1426 3081 Ι,

268 3084 322 3149 9,
344 3084 432 3134 73.
467 3110 534 3121 -
569 3080 624 3133 si
656 3084 856 3153 posset]
891 3084 1071 3153 Epist.
1105 3082 1150 3151 I,
1178 3086 1230 3147 6,
1254 3086 1342 3137 41.
1380 3084 1426 3151 Ι,

268 3156 322 3216 7,
347 3154 432 3205 39.
461 3152 506 3221 1,
533 3154 584 3221 8,
609 3154 696 3208 30.
721 3184 784 3194 —
805 3154 978 3223 ultra]
1005 3154 1096 3208 Sic
1118 3154 1352 3224 plurimi
1368 3160 1427 3210 et

267 3224 474 3293 optimi
543 3224 758 3281 codices
825 3230 992 3281 recte.
1094 3224 1186 3280 Sic
1253 3227 1426 3281 etiam

265 3294 522 3349 Mueller.
547 3295 744 3351 Lehrs.
767 3296 995 3352 Holder.
1020 3295 1262 3353 Fritsch.
1282 3298 1425 3353 Eck-

267 3366 434 3421 stein.
478 3366 676 3422 Modus
701 3370 868 3437 enim,
903 3370 1056 3423 ultra
1080 3387 1245 3439 quem
1269 3373 1427 3424 vetat

267 3456 344 3492 ne
368 3438 722 3509 colloquendi
744 3440 996 3495 studium
1024 3441 1274 3509 excedat,
1299 3458 1424 3495 con-

269 3510 530 3565 stituitur
573 3512 881 3581 praemissa
914 3512 1168 3583 generali
1208 3516 1426 3566 senten-

267 3582 381 3636 tia:
431 3582 582 3637 ultra
618 3601 788 3651 quam
824 3602 892 3639 ne
927 3584 1188 3655 garrulus
1223 3582 1424 3639 habea·

268 3654 350 3707 ris
380 3658 438 3706 et
475 3652 736 3709 offendas.
809 3655 940 3724 Alii,
977 3660 1042 3711 ut
1064 3655 1426 3723 Kirchnerns,

269 3723 592 3791 Teuffelius,
611 3726 918 3797 Kriigerus‚
940 3727 1102 3783 ultro.
1141 3726 1426 3781 Bentleius

269 3812 342 3851 ex
364 3796 706 3851 coniecturas
732 3796 968 3866 offendes
986 3800 1246 3869 qai-ruins
1263 3800 1426 3865 ultro,

269 3866 424 3937 quod
485 3868 798 3938 probarunt
867 3870 1096 3940 Haupt„
1165 3868 1424 3935 Meinek.‚

269 3938 519 4005 Linker„
537 3938 884 4010 Doederlin.;
909 3942 1234 3997 Horkelius:
1260 3942 1423 4011 offen-

272 4010 365 4063 det
402 4012 686 4079 qam-ulum
721 4013 874 4068 ultra
900 4014 1020 4069 Nos
1053 4014 1212 4069 etiam
1246 4013 1425 4079 sacas,

271 4084 340 4135 ut
385 4082 482 4135 sit:
557 4083 744 4151 „ultra
796 4090 1046 4139 mortuos
1091 4084 1316 4153 sileas;“
1369 4090 1426 4138 et

277 4169 412 4221 „suo
449 4154 585 4218 iure,
623 4155 826 4223 inquit,
863 4174 994 4209 usus
1031 4161 1116 4210 est
1139 4156 1422 4217 Horatius,

269 4224 320 4277 si
357 4229 606 4279 mortuos
658 4228 885 4281 omnino
932 4244 1119 4281 omnes
1168 4244 1424 4283 sermone

271 4299 523 4349 carentes
547 4296 700 4364 fecit,
727 4298 833 4351 nisi
862 4298 1082 4367 quando
1107 4298 1298 4353 Ulixes
1323 4298 1424 4353 ali·-

273 4367 400 4435 quis
436 4367 507 4421 ad
545 4368 754 4423 inferos
780 4369 1188 4424 descenderet.“
1227 4370 1422 4423 Lebrs.

271 4455 343 4491 ex
381 4438 522 4493 coni.
560 4440 712 4495 ultra
745 4441 862 4495 noli
897 4446 948 4497 et
981 4440 1096 4495 iam
1133 4440 1310 4495 sacas.
1357 4470 1421 4479 -

271 4508 486 4577 Davus]
535 4509 752 4567 Davum
790 4530 860 4567 ex
894 4512 1181 4567 comoedia
1216 4512 1424 4577 ludere,

271 4580 542 4634 inclinato
569 4584 752 4651 capite
776 4588 926 4638 stare
944 4582 1250 4651 timideque
1267 4582 1424 4651 loqui

1519 2157 1577 2207 te
1614 2152 1787 2207 decet.
1830 2181 1897 2193 —
1934 2152 2115 2223 capite
2148 2152 2380 2223 obstipo]
2422 2152 2494 2207 cf.
2522 2150 2673 2205 Pers.

1520 2224 1571 2287 3,
1612 2226 1705 2278 80:
1800 2223 2058 2293 „obstipo
2104 2224 2287 2293 capite
2337 2231 2395 2279 et
2437 2222 2672 2294 figentes

1519 2295 1729 2350 lumine
1774 2295 2037 2350 terram.“
2123 2294 2372 2366 Theogn.
2424 2297 2528 2349 535
2563 2311 2670 2363 sq.:

1521 2360 1755 2436 „oiiuore
1784 2368 2001 2433 δουλείη
2034 2362 2245 2437 κεφαλὴ
2280 2362 2468 2419 εὐθεῖα
2494 2370 2673 2439 πέφυ-

1518 2456 1631 2507 κεν,
1664 2434 1806 2493 Ἀλλ’
1844 2442 1951 2492 αἰεὶ
1999 2434 2189 2504 axem}
2237 2434 2477 2509 καῦχένα
2515 2434 2673 2497 λοξὸν

1519 2510 1689 2581 ἕχει.“
1764 2510 1889 2565 Stat
1938 2510 2117 2581 igitur
2164 2526 2354 2565 servus
2404 2510 2671 2563 inclinato

1520 2582 1704 2652 capite
1738 2598 1842 2636 nec
1877 2581 2103 2636 videtur
2128 2580 2333 2635 audere
2359 2584 2527 2651 caput
2556 2598 2670 2633 mo·-

1518 2672 1665 2709 vere.
1685 2684 1747 2693 -
1764 2653 1991 2707 multum
2016 2652 2237 2721 similis]
2262 2651 2353 2707 Sic
2376 2652 2675 2723 coniunge,

1518 2730 1585 2779 ut
1620 2724 1799 2794 Epist.
1824 2724 1869 2793 Ι,
1912 2726 1996 2793 10,
2035 2726 2084 2778 3.
2124 2753 2191 2763 —
2228 2722 2511 2793 ara-asaro]
2550 2740 2678 2795 age,

1518 2800 1584 2850 ut
1620 2796 1744 2851 Liv.
1770 2795 1871 2855 111,
1897 2798 1984 2849 44.
2021 2796 2090 2864 X,
2134 2798 2213 2849 14.
2252 2795 2387 2850 Sall.
2424 2796 2547 2865 Iug.
2584 2796 2670 2848 68.

1518 2866 2057 2936 Frequentissimum
2112 2868 2219 2923 hac
2263 2864 2675 2937 significatione

1518 2939 1755 2995 verbum
1780 2940 1929 3009 apud
1948 2936 2223 2993 Tacitum.
2254 2968 2321 2978 —
2349 2937 2669 3007 increbruit]

1521 3010 1633 3067 Cic.
1680 3010 1837 3065 Fam.
1874 3010 2000 3078 VII,
2040 3012 2133 3064 20:
2211 3016 2445 3079 „ventus
2497 3010 2673 3063 incre-

1518 3082 1779 3137 brescit.“
1817 3082 1982 3153 Verg.
2024 3080 2224 3154 Georg.
2261 3082 2307 3151 Ι,
2345 3082 2467 3135 359.
2528 3079 2672 3135 Scri-

1520 3153 1763 3208 bendum
1801 3170 1917 3207 esse
1955 3154 2270 3222 increbruit,
2309 3152 2504 3207 docuit
2526 3152 2673 3207 Haa-

1519 3226 1635 3279 sius
1659 3226 1733 3279 ad
1750 3224 1987 3295 Reisigii
2006 3224 2407 3293 praelectiones
2435 3242 2675 3294 gramm.

1519 3295 1678 3351 latin.
1732 3314 1787 3367 p.
1822 3298 1944 3349 259.
1994 3326 2060 3335 —
2110 3312 2296 3351 aurem
2342 3294 2674 3365 sabati-ime]

1521 3385 1730 3436 coerce,
1768 3367 1980 3422 cohibe.
2023 3366 2143 3421 Iam
2179 3384 2303 3421 cum
2340 3366 2556 3435 loquaci
2582 3366 2673 3420 da-

1520 3440 1671 3494 tivus
1712 3439 1788 3492 sit
1812 3456 1975 3507 quem
2010 3437 2283 3493 commodi
2308 3439 2671 3507 appellamus,

1521 3512 1801 3565 sententia
1844 3510 2015 3579 plana
2068 3514 2175 3564 est:
2227 3527 2419 3563 aurem
2464 3510 2675 3563 nemini

1519 3582 1789 3651 praebeas
1848 3580 1956 3635 nisi
2000 3580 2161 3647 huic,
2210 3580 2259 3635 si
2308 3581 2517 3650 loquax
2573 3584 2672 3635 est.

1523 3650 1850 3723 Comparari
1894 3656 2128 3721 possunt
2170 3650 2231 3706 hi
2270 3651 2405 3706 loci:
2493 3650 2670 3706 Tacit.

1521 3724 1706 3779 Germ.
1750 3726 1817 3777 38
1831 3730 1851 3777 ε’
1919 3723 2179 3793 „Crinem
2214 3723 2361 3778 nodo
2400 3722 2671 3778 substrin-

1519 3796 1707 3867 gere.“
1747 3794 1895 3849 Suet.
1936 3794 2095 3850 Galb.
2132 3796 2225 3847 21:
2278 3794 2553 3863 „Carnem
2589 3794 2672 3849 fa-

1519 3868 1635 3923 scia
1674 3866 2107 3937 substringere.“
2145 3865 2379 3933 Quintil.
2415 3866 2483 3933 X,
2520 3868 2570 3925 5,
2612 3868 2669 3918 4:
2764 3874 2773 3883 ·

1520 3938 1775 4007 „Omissa
1828 3938 2115 4009 supplere,
2169 3936 2341 3993 effusa
2396 3937 2671 3991 substrin-

1517 4012 1705 4081 gere.“
1744 4040 1813 4049 —
1851 4010 1945 4065 ohe
1979 4008 2113 4079 iam]
2152 4008 2486 4063 Meinekius:
2524 4025 2673 4077 „non

1520 4082 1686 4137 credo
1724 4084 1875 4135 recte
1902 4080 2166 4151 coniungi
2204 4080 2301 4137 ohe
2334 4080 2481 4135 iam!
2522 4079 2673 4148 quod

1519 4172 1588 4207 ex
1623 4154 1791 4223 plena
1826 4153 2071 4207 dictione
2108 4152 2206 4207 ohe
2240 4154 2352 4206 iam
2388 4151 2530 4206 satis
2564 4152 2677 4205 est!

1519 4226 1871 4279 decurtatum
1928 4242 2047 4279 esse
2100 4224 2311 4277 volunt.
2406 4222 2565 4290 Quod
2613 4223 2672 4275 in

1519 4297 1699 4351 latino
1770 4312 2025 4351 sermone
2096 4311 2209 4348 non
2279 4295 2483 4348 rectius
2546 4293 2669 4349 fieri

1515 4373 1703 4437 potest
1754 4384 1919 4436 quam
1974 4367 2021 4420 si
2075 4366 2394 4437 germanice
2442 4365 2597 4419 dicas
2639 4383 2671 4419 o

1516 4440 1711 4493 sehon!
1764 4455 1867 4508 pro
1915 4453 1946 4492 ο
1993 4438 2157 4491 achon
2202 4438 2280 4492 ist
2327 4452 2383 4491 es
2430 4438 2671 4507 qmuy!“

1517 4510 1715 4579 Itaque
1779 4509 2069 4564 coniunxit
2126 4508 2295 4563 donec
2346 4508 2509 4577 „ow
2558 4510 2671 4563 iam

1521 4580 1615 4635 Aa
1648 4582 1858 4635 caelum
1892 4580 2147 4634 manibus
2182 4580 2413 4633 sublatis
2448 4579 2673 4634 dixerit.
