3092 5059
455 235 538 299 82
1416 229 1874 297 CARMINUM

751 418 826 495 N
828 444 926 495 on
986 432 1161 519 eget
1208 419 1502 496 Mauris
1556 418 1830 517 iaculis
1876 440 2133 516 neque
2180 441 2365 493 arcu

751 544 913 621 Nec
957 546 1349 621 venenatis
1403 542 1728 642 gravida
1780 541 2103 639 sagittis,

955 669 1220 763 Fusce,
1275 669 1660 771 pharetra,

698 854 723 893 a
760 819 938 897 Sive
989 846 1130 919 per
1182 818 1439 920 Syrtes
1493 818 1645 895 iter
1695 830 2081 895 aestuosas

756 947 932 1024 Sive
985 946 1324 1022 facturus
1375 970 1518 1043 per
1565 942 2114 1042 inhospitalem

754 1073 1181 1151 Caucasum
1233 1070 1356 1147 vel
1411 1095 1611 1169 quae
1663 1068 1836 1144 loca
1888 1066 2288 1143 fabulosus

952 1196 1264 1273 Lambit
1314 1195 1751 1296 Hydaspes.

752 1348 1106 1447 Namque
1157 1374 1281 1423 me
1333 1347 1526 1422 silva
1577 1345 1805 1443 lupus
1854 1344 1933 1419 in
1990 1342 2293 1440 Sabina,

676 1508 728 1545 ιο
761 1474 963 1548 Dum
1013 1498 1268 1549 meam
1321 1485 1544 1548 canto
1594 1472 1940 1569 Lalagen
1978 1484 2053 1545 et
2102 1470 2311 1545 ultra

753 1600 1200 1675 Terminum
1251 1600 1454 1673 curis
1509 1622 1755 1695 vagor
1796 1594 2199 1696 expeditis,

973 1724 1208 1822 Fugit
1254 1724 1661 1819 inermem3

756 1874 1002 1967 Quale
1047 1886 1486 1974 portentum
1539 1897 1794 1973 neque
1850 1872 2205 1948 militaris

751 2002 1089 2077 Daunias
1133 2000 1305 2076 latis
1357 2000 1495 2075 alit
1537 1998 1963 2094 aesculetis,

455 2224 513 2277 in
549 2223 720 2278 tertia
754 2227 934 2292 parte,
974 2240 1082 2292 quo
1130 2238 1354 2277 carmen
1391 2222 1600 2277 rectius

455 2296 514 2348 in
537 2294 705 2349 finem
741 2299 1019 2377 excurrat.
1047 2292 1306 2378 apodosis
1329 2293 1601 2377 protasim

453 2364 1466 2507 {xgssfflsstsszfifflfftssfi{3523332'5'320
1491 2370 1603 2490 1¹:33

455 2510 718 2571 carmine,
740 2508 890 2577 quod
909 2510 1176 2578 scriptum
1205 2508 1444 2571 videtur,
1471 2525 1600 2562 cum

452 2584 621 2649 poeta
641 2581 836 2635 villam
861 2580 1124 2634 Sabinam
1149 2580 1262 2633 iam
1299 2579 1602 2649 accepisset

455 2652 529 2721 (v.
569 2653 644 2718 9).
695 2652 972 2706 Aristium
1009 2652 1250 2705 Fuscum
1289 2653 1439 2706 inter
1464 2651 1598 2704 ami-

454 2741 546 2778 cos
572 2723 795 2779 Horatii
831 2740 945 2778 non
981 2724 1242 2777 ultimum
1283 2724 1464 2778 locum
1502 2723 1599 2776 ha-

453 2796 639 2850 buisse
663 2800 884 2849 constat
913 2813 980 2850 ex
1009 2795 1123 2850 Sat.
1144 2794 1189 2857 1,
1215 2798 1268 2863 9,
1295 2796 1381 2848 61.
1415 2794 1599 2863 Epist.

453 2866 498 2935 Ι,
521 2869 602 2921 10.
641 2867 726 2921 De
751 2866 958 2937 Lalage
980 2867 1106 2921 vide
1143 2866 1215 2920 ad
1243 2866 1423 2920 Carm.
1447 2866 1491 2932 Ι,
1515 2867 1599 2919 19.

524 2938 588 2991 V.
623 2941 670 2991 1.
711 2940 930 3008 Inteyer
963 2938 1136 3006 vitae]
1171 2937 1286 2992 Sat.
1303 2938 1376 3005 II,
1403 2942 1454 3006 8,
1474 2938 1597 2990 220.

457 3008 622 3079 Verg.
651 3012 790 3064 Aen.
820 3009 916 3072 IX,
944 3011 1066 3063 253.
1093 3038 1162 3049 -—
1188 3010 1434 3077 Mauris]
1469 3008 1599 3063 vide

453 3080 522 3135 ad
559 3080 740 3134 Carm.
769 3081 808 3143 1,
839 3084 886 3149 1,
913 3083 997 3135 28.
1033 3110 1097 3121 —-
1125 3081 1380 3152 qravida]
1411 3080 1595 3151 plena.

450 3151 522 3206 cf.
562 3151 730 3224 Verg.
775 3155 916 3206 Aen.
955 3152 1077 3222 Vn,
1117 3155 1238 3206 507.
1286 3182 1358 3192 —-
1413 3152 1601 3223 Syrtes

453 3223 760 3293 aestuosas]
797 3224 866 3278 cf.
892 3223 1070 3278 Carm.
1089 3222 1159 3291 11,
1191 3224 1242 3291 6,
1270 3226 1302 3277 3
1333 3240 1454 3293 sqq.
1491 3222 1599 3277 Sed

451 3296 770 3364 explicatur
797 3296 966 3349 etiam
999 3296 1070 3349 de
1105 3312 1206 3349 ora
1225 3296 1478 3363 Syrtibus
1504 3295 1597 3349 ad·

453 3366 675 3434 iacenti,
693 3368 967 3421 harenosa
983 3372 1043 3421 et
1061 3366 1302 3434 fervida;
1325 3368 1399 3421 cf.
1421 3366 1599 3420 Carm.

451 3438 525 3506 ΙΙ,
551 3440 638 3507 20,
667 3441 748 3493 15.
789 3438 955 3509 Verg.
991 3441 1131 3493 Aen.
1159 3436 1222 3503 V,
1249 3441 1342 3492 61:
1383 3438 1452 3493 de
1491 3454 1601 3507 qua

451 3509 712 3563 Lucanus
753 3509 944 3563 Phara.
983 3510 1080 3578 IX,
1117 3512 1248 3564 430:
1288 3512 1402 3578 „At
1435 3526 1599 3579 quae-

452 3596 692 3649 cumque
726 3598 928 3652 vagam
955 3580 1162 3653 Syrtim
1207 3582 1603 3651 complectitur

453 3668 556 3705 ora
591 3652 705 3706 Sub
747 3654 922 3708 nimio
961 3655 1214 3724 proiecta
1259 3654 1368 3722 die,
1414 3653 1601 3709 vicina

450 3725 666 3791 perusti
709 3726 989 3794 Aetheris,
1039 3725 1226 3779 exurit
1283 3742 1482 3780 messes
1543 3729 1603 3779 et

450 3794 680 3863 pulvere
726 3796 1005 3852 Bacchum
1052 3798 1283 3865 Enecat,
1343 3802 1402 3853 et
1444 3796 1603 3850 nulla

452 3868 636 3935 putris
670 3868 861 3923 radice
884 3873 1125 3925 tenetur.
1163 3868 1482 3938 Temperies
1518 3868 1599 3922 vi·

449 3939 582 3993 talis
635 3940 794 3995 abest
836 3946 893 3995 et
939 3941 1094 3994 nulla
1142 3941 1244 3994 sub
1303 3940 1404 3994 illa
1455 3939 1603 3993 Cura

450 4009 600 4065 Iovis
638 4016 793 4066 terra
821 4017 929 4067 est:
965 4018 1170 4067 natura
1199 4012 1389 4067 deside
1411 4015 1603 4079 torpet

454 4081 621 4137 Orbis
659 4089 717 4138 et
753 4084 999 4138 immotis
1037 4100 1242 4138 annum
1279 4100 1392 4137 non
1428 4083 1602 4137 sentit

451 4154 728 4210 harenis.“
801 4156 1008 4210 Lucan.
1047 4155 1144 4219 IX,
1188 4157 1314 4209 303:
1356 4153 1601 4223 ,‚Syrtes,

449 4226 542 4281 vel
576 4226 816 4296 primam
866 4226 1074 4281 mundo
1120 4232 1324 4281 natura
1357 4225 1598 4296 figuram

452 4296 590 4351 Cum
627 4298 805 4366 daret,
841 4299 901 4351 in
938 4298 1110 4351 dubio
1153 4296 1342 4367 pelagi
1387 4302 1597 4352 terrae·

449 4386 560 4436 que
582 4370 867 4438 reliquit.“
907 4370 987 4423 Et
1023 4368 1353 4423 Claudianus
1391 4368 1460 4423 de
1501 4368 1597 4423 IV.

449 4457 596 4495 cons.
635 4440 846 4495 Honor.
883 4442 1014 4495 436:
1065 4439 1306 4509 „Libyae
1343 4440 1599 4510 squalen-

448 4511 522 4565 tis
568 4511 805 4567 harenas
850 4511 1100 4566 Audebit
1149 4528 1378 4581 sperare
1429 4512 1599 4582 pedes

449 4582 784 4652 madidaque
838 4583 1070 4638 cadente
1114 4582 1340 4639 Pleiade
1391 4584 1593 4639 Gaetu·

1703 2220 1785 2275 las
1845 2208 2109 2274 intrabit'
2145 2220 2339 2273 navita
2389 2217 2643 2287 Syrtes;“
2705 2217 2859 2273 idem

1702 2296 1890 2347 tamen
1916 2292 1985 2346 de
2012 2291 2162 2345 laud.
2188 2290 2401 2345 Stilich.
2431 2290 2472 2357 1,
2492 2290 2622 2343 257:
2664 2294 2861 2357 „stant

1702 2363 1934 2489 aba?
1958 2360 2857 2504 swsfssssuzsszoeffspsffi:

1700 2474 1839 2561 tes'.“
1865 2476 1963 2561 si‘l.
1989 2452 2464 2587 1,644:}³,n‘1‹{r3}›=3
2490 2503 2669 2571 Syrtis
2693 2450 2857 2558 haig-

1700 2580 1789 2632 nis
1826 2578 2116 2648 populos.“
2141 2606 2213 2617 —-
2236 2576 2499 2646 inhospst.
2528 2574 2831 2630 Caucasum

1702 2650 1882 2719 Epod.
1920 2650 1963 2709 Ι,
2008 2651 2091 2703 12.
2123 2678 2191 2689 -
2225 2648 2509 2715 subiacens
2532 2646 2833 2717 Hydaspes

1702 2721 1869 2805 hodie
1904 2720 2103 2775 Bohut.
2133 2792 2145 2804 .
2174 2720 2334 2775 India
2350 2792 2360 2802 ι
2374 2718 2641 2803 Βρωαιιὶε
2676 2734 2858 2789 prope

1702 2789 2856 2945 ae‘zsssszpssss.ss}¹ffq·1³.{.¹÷‡;z²:.²5.32..ss

1701 2954 1815 2990 non
1864 2936 2028 2989 modo
2072 2934 2383 2990 Alexandri
2430 2934 2625 3004 Magni
2682 2950 2854 2987 armis

1700 3008 2138 3134 ’θξὲωὲῑὲἒῑ
2177 3005 2857 3133 ῗῗωῗὲῗῆιὶἓὲωῗὶ

1702 3097 1979 3221 ἒῑεέἰειιπιθ
1998 3094 2647 3206 ὃθὶθιιοοῖζῗὸΔιιιίοοὴο
2690 3164 2853 3218 prae·

1702 3223 1962 3292 sectoque
2034 3223 2225 3277 classis
2300 3238 2493 3276 eorum
2567 3219 2853 3289 Patrocle3

1702 3312 1898 3349 verum
1959 3299 2018 3349 et
2073 3294 2201 3349 aliis
2252 3293 2575 3347 auctoribus
2635 3292 2853 3362 graecis

1703 3372 1805 3421 est.
1854 3368 1984 3421 Non
2020 3371 2199 3421 tamen
2236 3365 2383 3420 deest
2422 3364 2527 3419 aaa·
2562 3364 2744 3419 entiae
2783 3363 2855 3417 10-

1702 3453 1815 3504 ous,
1854 3438 1987 3493 adeo
2021 3437 2239 3492 diversa
2271 3442 2323 3492 et
2356 3435 2507 3491 imre
2542 3435 2707 3490 &bilia
2740 3440 2855 3491 tra·

1704 3508 1965 3564 duntur.“

1774 3580 1839 3635 V.
1864 3584 1949 3634 11.
1976 3580 2124 3635 euris
2142 3579 2435 3651 mpeditis]
2458 3578 2575 3632 Alii
2598 3594 2671 3633 ex
2690 3576 2855 3631 codd.

1704 3652 2011 3721 εωρεάίὺαες
2048 3652 2145 3707 sed
2182 3651 2671 3706 homoeoteleuton
2716 3648 2857 3704 facit

1704 3728 1769 3777 ut
1794 3723 1937 3777 illud
1963 3723 2392 3792 praeferendum
2413 3722 2674 3776 videatur
2690 3737 2705 3788 3
2720 3737 2855 3774 nam

1700 3795 1997 3865 utriusque
2024 3796 2339 3864 scripturae
2360 3793 2639 3849 sententia
2656 3792 2855 3847 eodem

1702 3866 1869 3921 redit.
1906 3866 2357 3921 Homoeoteleuti
2382 3864 2638 3933 exempla
2670 3864 2855 3919 ubivis

1702 3938 1891 4004 obvia,
1908 3942 1975 3993 ut
1995 3939 2175 3993 Carm.
2196 3937 2267 4004 11,
2295 3940 2379 4005 12,
2405 3940 2449 3992 1.
2476 3939 2559 3999 16,
2578 3938 2665 3990 38.
2691 3937 2777 4003 17,
2800 3938 2855 4001 1;

1702 4010 1831 4065 alia.
1850 4038 1921 4050 —
1942 4010 2100 4080 quale
2123 4008 2464 4080 portentum]
2499 4008 2565 4062 In
2596 4006 2685 4061 his
2712 4022 2857 4076 quae

1702 4082 1849 4136 inest
1883 4082 2209 4151 superlatio,
2230 4098 2353 4135 eam
2374 4085 2612 4149 apparet
2638 4094 2855 4133 accom-

1702 4154 1987 4208 modatam
2008 4170 2125 4207 esse
2147 4152 2220 4207 ad
2240 4156 2521 4207 terrorem
2544 4168 2655 4220 quo
2676 4150 2857 4205 Hora-

1702 4226 1813 4279 tius
1826 4242 1951 4280 cum
1966 4225 2313 4294 conspiceret
2328 4224 2523 4293 lupum
2534 4222 2721 4277 subito
2734 4238 2855 4276 mo-

1702 4296 1955 4351 vebatur.
1972 4326 2037 4335 —-
2051 4294 2341 4365 Daunias]
2351 4294 2574 4364 Apulia.
2586 4294 2658 4349 of.
2672 4293 2858 4348 Germ.

1700 4367 1795 4435 IV,
1841 4370 1924 4431 14,
1962 4369 2050 4422 26.
2125 4370 2178 4421 A
2380 4367 2427 4421 is
2480 4366 2679 4421 formis
2720 4364 2859 4420 huic

1702 4439 1978 4494 similibus
2016 4440 2075 4493 in
2110 4439 2433 4494 nominibus
2469 4437 2679 4506 latinis,
2725 4452 2857 4491 oum

1697 4511 1865 4566 metri
1918 4510 2193 4580 quaedam
2244 4510 2545 4566 necessitas
2602 4513 2855 4580 urg-eret,

1698 4598 1811 4637 non
1858 4582 2277 4637 abhorruerunt
2310 4582 2485 4653 ,latini
2532 4586 2750 4651 poetae,
2790 4585 2861 4635 ut
