3092 5059
408 235 534 300 228

1370 231 1831 301 CARMINUM

805 422 1020 496 Rava
1071 420 1484 497 decurrens
1533 419 1721 517 lupa
1770 417 2175 496 Lanuvino

1010 545 1353 644 Fetaque
1401 543 1717 645 vulpes3

746 729 772 769 u
812 698 1146 794 Rumpat
1197 709 1270 772 et
1327 720 1644 792 serpens
1697 696 1844 770 iter
1884 693 2335 789 institutum,

815 820 897 896 Si
947 847 1088 920 per
1144 821 1542 920 obliquum
1596 819 1863 896 similis
1914 818 2239 916 sagittae

816 945 1124 1022 Terruit
1172 972 1531 1022 mannos:
1586 970 1732 1042 ego
1786 944 1909 1021 cui
1957 943 2244 1019 timebo

1015 1070 1395 1146 Providus
1449 1095 1762 1168 auspex,

819 1222 1254 1321 Antequam
1307 1235 1591 1297 stantes
1640 1233 1936 1318 repetat
1984 1217 2306 1319 paludes

738 1379 788 1418 ιο
822 1345 1202 1421 Imbrium
1255 1344 1520 1419 divina
1570 1345 1733 1420 avis
1783 1344 2341 1440 imminentum,

414 1575 738 1643 tentaverit,
795 1593 866 1630 ne
919 1576 1144 1630 omnino
1215 1575 1388 1630 faciat
1456 1576 1567 1629 iter

414 1646 792 1718 persuadere'
775 1664 890 1702 iam
922 1665 1035 1702 non
1061 1646 1252 1702 studet
1287 1651 1567 1717 negatque

415 1736 474 1773 se
533 1724 834 1788 propterea
898 1737 1022 1774 eam
1087 1719 1250 1773 malis
1304 1718 1566 1802 prosequi

416 1790 714 1858 ominibus,
755 1791 956 1858 quibus
992 1791 1271 1845 neminem
1306 1790 1415 1843 nisi
1453 1808 1568 1844 ma·

416 1861 534 1915 lum
571 1867 628 1916 et
663 1862 900 1932 impium
947 1863 1230 1917 hominem
1266 1862 1439 1931 plecti
1476 1879 1568 1915 ve·

417 1933 515 2003 lit;
552 1933 727 1987 immo
751 1934 1127 2003 praesentiam
1165 1935 1216 1987 ei
1242 1950 1306 1988 ac
1329 1933 1570 1987 tutelam

418 2004 652 2059 deorum
692 2022 751 2058 se
785 2011 1070 2074 exoptare.
1144 2005 1266 2059 Hoc
1303 2021 1474 2058 unum
1510 2021 1571 2058 se

418 2076 580 2144 velle,
649 2093 722 2130 ne
778 2077 1085 2146 procelloso
1149 2077 1254 2130 hoc
1314 2075 1570 2130 autumni

416 2151 670 2218 tempore
707 2149 818 2202 iter
851 2149 1129 2203 instituat.
1165 2147 1394 2202 Etenim
1429 2151 1570 2202 tem·

415 2223 661 2288 pestates
684 2236 796 2273 non
815 2221 1018 2274 timere
1042 2220 1405 2274 temerarium
1423 2234 1569 2284 esse;

417 2291 738 2346 temeritate
784 2295 968 2345 autem
1020 2291 1272 2360 pericula
1316 2290 1476 2361 gigni
1513 2295 1572 2344 et

419 2362 800 2431 paenitentiae
835 2362 1068 2417 dolores.
1128 2361 1306 2429 Quam
1343 2361 1571 2431 quidem

421 2433 755 2488 sententiam
810 2433 1077 2488 Horatius
1132 2433 1340 2500 nudam
1387 2433 1468 2487 sic
1513 2436 1572 2486 et

420 2505 689 2575 frigidam
737 2522 1050 2575 proponere
1105 2505 1290 2559 noluit
1331 2505 1390 2558 in
1427 2504 1571 2559 eius·

423 2593 530 2644 que
578 2577 762 2631 locum
817 2577 1111 2631 substituit
1168 2576 1429 2646 Europae
1478 2593 1569 2630 ex-

422 2647 667 2717 emplum
728 2652 786 2702 et
839 2648 1106 2703 fabulam.
1199 2648 1573 2702 Continuatur

424 2725 613 2773 autem
649 2736 752 2788 per
787 2720 1026 2790 triginta
1059 2719 1179 2774 fere
1214 2737 1406 2774 versus
1440 2736 1571 2788 pae-

422 2790 666 2844 nitentia
700 2790 963 2860 Europae
997 2790 1068 2845 de
1100 2792 1332 2846 levitate
1369 2808 1468 2845 sua
1507 2807 1574 2846 ac

424 2862 761 2930 temeritate,
795 2867 861 2916 ut
907 2863 1027 2916 luce
1075 2863 1280 2917 clarius
1317 2863 1407 2925 sit,
1457 2879 1574 2916 non

425 2933 590 2987 aliter
635 2937 803 3001 atque
848 2935 908 2987 in
959 2933 1141 2988 Carm.
1179 2934 1278 3000 111,
1331 2937 1363 2988 3
1407 2938 1466 2989 et
1507 2938 1569 2986 11

425 3003 589 3058 huius
623 3006 887 3060 carminis
924 3023 1197 3061 summam
1237 3006 1573 3061 sententiam

426 3075 483 3128 in
505 3075 629 3144 ipsa
645 3075 838 3131 fabula
856 3094 974 3131 esse
997 3078 1372 3146 quaerendam
1407 3094 1573 3147 quae-

425 3163 534 3215 que
581 3148 918 3217 praecedant
961 3149 1178 3218 reliqua
1224 3167 1415 3203 rerum
1449 3153 1573 3203 tan-

425 3221 549 3272 tum
587 3219 934 3275 occasionem
987 3221 1284 3290 explicare.
1359 3220 1577 3275 Deinde

427 3292 705 3346 sententia
741 3291 857 3359 illa,
895 3308 1006 3359 qua
1032 3292 1174 3347 scire
1201 3292 1436 3346 dicimus
1477 3292 1576 3346 ho·

428 3363 605 3416 mines
662 3362 799 3431 quid
851 3363 1192 3432 relinquant,
1259 3364 1394 3433 quid
1463 3363 1579 3417 sint

427 3433 712 3488 inventuri
764 3435 996 3503 nescire,
1051 3436 1340 3507 egregium
1395 3436 1578 3490 locum

427 3504 487 3557 in
523 3505 686 3558 initio
731 3503 955 3561 fabulae
1005 3512 1172 3561 nacta
1225 3511 1309 3562 est
1342 3506 1579 3561 mirifice

427 3577 577 3629 inter
613 3593 671 3630 ss
706 3579 976 3646 oppositis
1005 3578 1252 3647 strophis
1288 3583 1486 3634 octava
1522 3583 1580 3632 et

427 3664 594 3700 nona.
630 3647 750 3701 Iam
787 3649 883 3716 qui
913 3649 1162 3720 singulas
1191 3649 1414 3704 fabulae
1449 3667 1579 3719 par-

427 3723 512 3772 tes
565 3736 691 3773 cum
738 3719 971 3775 Galatea
1017 3721 1188 3776 vellet
1235 3737 1578 3804 comparare,

429 3789 476 3842 is
524 3807 866 3860 magnopere
920 3797 1162 3862 erraret;
1219 3793 1484 3862 quoniam
1517 3793 1579 3845 in

429 3860 701 3916 eiusmodi
733 3863 900 3918 rebus
932 3864 1014 3918 ita
1045 3863 1162 3919 fere
1186 3863 1269 3932 fit,
1303 3870 1369 3919 ut
1396 3882 1579 3918 exem·

430 3933 653 4003 plorum
701 3939 759 3988 et
803 3936 1287 4019 comparationum
1334 3937 1419 3991 vis
1456 3936 1578 3989 uni·

429 4021 591 4060 versa
626 4011 926 4075 spectetur,
956 4024 1068 4060 non
1101 4008 1351 4062 omnium
1390 4025 1581 4062 rerum

428 4080 529 4131 aut
563 4078 814 4147 partium
849 4079 1259 4148 opportunitas.
1331 4079 1422 4133 Ex
1458 4079 1577 4148 qui-

428 4148 531 4201 bus
577 4153 644 4202 ut
677 4166 854 4204 unum
899 4167 1227 4219 proponam,
1276 4151 1458 4205 exitus
1508 4150 1581 4204 de

427 4237 632 4302 magno
668 4237 780 4290 quo
815 4221 989 4292 digna
1006 4221 1199 4292 Europ
1201 4239 1236 4276 a
1267 4221 1462 4276 habita
1497 4221 1579 4276 di-

431 4291 579 4344 citur
613 4291 826 4347 honore
847 4293 990 4346 nihil
1015 4293 1464 4348 accommodatus
1495 4297 1582 4347 est

431 4361 503 4415 ad
541 4361 851 4433 Galateam,
887 4365 997 4418 nisi
1041 4365 1190 4420 forte
1225 4365 1424 4434 credis,
1472 4365 1582 4420 hoc

431 4437 682 4488 secutum
738 4452 854 4489 esse
897 4440 1140 4505 poetam,
1181 4442 1247 4491 ut
1291 4436 1579 4492 levitatem

432 4506 490 4556 et
523 4504 959 4572 imprudentiam
1007 4525 1122 4561 non
1173 4525 1334 4576 posse
1371 4507 1581 4579 corrigi

432 4573 644 4629 diceret
677 4577 788 4630 nisi
839 4577 1314 4633 intercedentibus
1351 4579 1585 4634 deorum

1668 1571 2017 1641 numinibus;
2068 1573 2128 1627 id
2178 1573 2330 1644 quod
2379 1573 2452 1628 de
2494 1574 2609 1629 suis
2656 1573 2821 1630 rebus

1671 1643 1935 1699 Galateae
1970 1661 2082 1698 non
2119 1645 2283 1700 licuit
2315 1650 2655 1716 exspectare.
2730 1645 2825 1700 Ce-

1668 1719 1853 1769 terum
1907 1717 2181 1771 nescimus
2236 1733 2417 1786 neque
2462 1734 2606 1788 quae
2652 1717 2826 1772 fuerit

1671 1785 1905 1842 Galatea
1920 1805 2102 1857 neque
2138 1806 2248 1857 quo
2273 1806 2423 1843 anno
2442 1807 2669 1845 carmen
2690 1789 2822 1844 scri·

1670 1863 1833 1927 ptum
1872 1859 1965 1914 sit.

1748 1929 1809 1981 V.
1848 1933 1899 1984 3.
1952 1930 2111 2002 rava]
2164 1929 2341 2001 „Rari
2395 1931 2599 1986 coloris
2634 1929 2820 2001 appel-

1670 2001 1863 2055 lantur
1898 2003 1995 2070 qui
2030 1971 2191 2057 sunt„
2210 2003 2360 2058 inter
2394 2003 2566 2057 flavos
2603 2007 2662 2056 et
2698 2019 2825 2058 cae-

1670 2072 1814 2127 sios“
1842 2072 2041 2127 Festus
2065 2091 2119 2144 p.
2147 2076 2267 2128 135.
2288 2104 2356 2115 ——
2378 2073 2692 2142 Lanuvino]
2715 2073 2819 2128 La-

1671 2145 1921 2212 nuvium,
1957 2145 2111 2200 Latii
2135 2146 2433 2230 ‘oppiduim
2472 2145 2625 2200 haud
2662 2145 2827 2215 longe

1671 2233 1706 2270 a
1742 2215 1837 2270 via
1876 2217 2067 2286 Appia
2102 2217 2305 2286 situm3
2354 2219 2435 2274 sic
2469 2217 2721 2272 breviter
2755 2216 2827 2270 si·

1670 2286 2013 2358 gnificantur
2054 2289 2151 2357 qui
2186 2289 2299 2344 iter
2332 2289 2549 2344 faciunt
2586 2289 2646 2342 in
2670 2287 2825 2342 Cam—

1671 2359 1898 2428 paniam
1944 2364 2002 2414 et
2048 2361 2425 2415 Brundisium.
2484 2389 2551 2400 —
2606 2365 2827 2430 rumpat

1672 2431 1744 2501 et]
1794 2430 1863 2483 In
1909 2433 2103 2500 paucis
2152 2433 2313 2486 codd.
2360 2432 2572 2502 rumpit
2619 2431 2830 2502 legitur

1672 2521 1707 2556 a
1756 2501 2031 2565 Bentleio‚
2077 2502 2319 2559 Meinek.
2372 2503 2585 2573 Haupt.
2632 2502 2829 2557 Lehrs.

1673 2573 1928 2628 Mueller.
1958 2580 2261 2645 receptum.
2299 2575 2559 2630 Alterum
2592 2575 2829 2634 rectius:

1672 2661 1803 2698 nam
1839 2644 1899 2699 id
1936 2647 2123 2716 ipsum
2169 2647 2479 2702 infaustum
2528 2651 2630 2712 est,
2678 2645 2829 2716 quod

1673 2716 1783 2771 iter
1837 2717 2160 2772 institutum
2218 2724 2476 2788 serpente
2529 2735 2633 2802 per
2688 2717 2829 2772 obli·

1675 2805 1844 2856 quam
1856 2790 2007 2844 viam
2022 2790 2279 2845 celeriter
2292 2790 2515 2846 labente
2528 2790 2831 2844 interrum-

1672 2860 1861 2929 pitur;
1881 2861 2085 2916 deinde
2100 2862 2335 2945 vulgata
2353 2862 2522 2917 lectio
2537 2861 2831 2916 vehemen-

1674 2936 1764 2986 ter
1787 2937 2139 2987 sustentatur
2162 2932 2325 3004 gravi
2356 2951 2423 2988 ac
2444 2934 2614 3002 plena
2638 2949 2835 2988 versus

1674 3001 1903 3058 secundi
1914 3005 2347 3060 allitteratione.
2366 3004 2535 3060 ducat
2546 3009 2596 3059 et
2604 3019 2832 3058 -rum—

1667 3079 1775 3144 pat
1828 3079 1905 3145 εἰς
1961 3077 2186 3145 qualem
2241 3077 2579 3131 adamarunt
2632 3080 2837 3145 poetae

1680 3145 1859 3200 latini.
1909 3177 1975 3186 —
2021 3147 2270 3217 mannos]
2317 3147 2528 3203 animal
2572 3163 2643 3201 ex
2686 3163 2835 3216 equo

1680 3221 1739 3271 et
1775 3216 1933 3273 asina
1964 3224 2181 3288 natum,
2204 3221 2481 3274 maximae
2506 3218 2839 3287 celeritatis,

1681 3305 1853 3357 quare
1889 3289 1961 3344 ad
1997 3291 2193 3345 raedas
2238 3291 2540 3345 trahendas
2572 3291 2839 3359 frequen-

1680 3366 1769 3414 ter
1822 3361 2157 3417 adhibitum.
2262 3362 2333 3418 cf.
2388 3362 2569 3434 Epod.
2626 3364 2688 3427 4,
2752 3364 2839 3416 14.

1680 3431 1863 3500 Epist.
1915 3433 1961 3501 1,
2009 3437 2061 3503 7,
2110 3437 2201 3488 77.
2248 3461 2314 3474 —-
2364 3435 2457 3489 cui
2488 3433 2709 3502 timebo]
2745 3433 2843 3488 Sic

1679 3507 1850 3572 recte,
1885 3505 1956 3559 cf.
1993 3505 2107 3560 Sat.
2145 3505 2217 3573 Π,
2258 3509 2307 3573 1,
2346 3507 2435 3559 23.
2502 3503 2666 3559 Ovid.
2706 3507 2841 3559 Am.

1680 3573 1753 3642 11,
1792 3578 1876 3644 11,
1916 3578 1974 3630 9:
2034 3546 2217 3646 „Quid
2254 3545 2380 3642 tibi,
2426 3593 2516 3631 me
2550 3577 2841 3645 miserum,

1680 3646 1863 3702 Euros
1936 3647 2335 3719 Zephyrosque
2388 3647 2673 3702 timebo‘tfl‘
2770 3648 2843 3702 In

1682 3717 1872 3773 multis
1926 3719 2088 3774 libris
2136 3719 2293 3775 MSS.
2342 3719 2502 3790 qui&
2551 3719 2706 3787 quod
2740 3737 2841 3774 vo-

1682 3789 1945 3845 cabulum
2018 3809 2087 3846 ex
2157 3792 2309 3846 mala
2374 3791 2849 3861 pronuntiatione

1682 3860 2068 3930 insequentem
2124 3864 2375 3918 litteram
2425 3867 2449 3916 t
2504 3863 2845 3918 iterantium

1682 3934 1993 3988 scribarum
2028 3935 2169 4003 (cuit
2201 3935 2437 4004 timebo)
2470 3941 2661 3988 ortum
2686 3951 2848 3990 crea·

1682 4003 1768 4058 vit
1802 4007 2032 4064 tertiam
2077 4006 2375 4062 lectionem
2420 4021 2535 4061 cur.
2576 4035 2648 4047 —-
2681 4022 2847 4076 repe-

1684 4079 1769 4129 tat
1801 4077 2056 4148 paludes]
2081 4078 2359 4133 Indicium
2393 4078 2503 4132 hoc
2535 4095 2609 4162 ap
2648 4079 2847 4147 ropin-

1684 4150 1911 4216 quantis
1954 4150 2336 4220 tempestati„
2382 4150 2493 4203 iam
2542 4167 2602 4204 vi
2644 4165 2703 4204 es
2740 4167 2848 4205 cur
2904 4179 2911 4183 Δ

1682 4221 1983 4287 providum
2019 4239 2077 4276 se
2100 4221 2380 4290 auspicem
2408 4220 2636 4276 dixerit.
2670 4219 2849 4278 Stan-

1682 4295 1763 4345 ωε
1796 4298 1987 4348 autem
2022 4310 2091 4348 ex
2125 4295 2226 4349 illo
2261 4308 2467 4364 genere
2500 4295 2589 4348 est
2620 4293 2846 4363 epithe—

1682 4367 1873 4418 torum
1910 4381 2051 4434 quae
2088 4365 2349 4420 ornantia
2398 4363 2685 4420 dicuntur.
2759 4364 2847 4419 De

1682 4435 2483 4608 3f“⁸²⁰s².⁶{1{¹.‘³3w.p²{¹.t⁰⁸1²{m92¹·’
2522 4435 2847 4577 ⁷:313..ssss

1686 4577 1823 4634 laeti
1877 4579 2155 4650 providus
2218 4579 2451 4650 augur.“
2514 4607 2583 4620 —·
2648 4579 2845 4636 divina
