3092 5059
1077 213 1237 279 LIB.
1283 215 1335 280 Ι.
1379 213 1567 282 SAT.
1610 216 1720 282 IV.
1765 217 1840 320 V.
2540 217 2663 283 377

360 399 788 478 Consilium
819 400 1257 500 proprium3
1293 426 1549 500 neque
1579 403 1805 498 enim,
1835 428 2011 479 cum
2036 403 2363 480 lectulus
2387 417 2521 479 aut
2540 431 2665 480 me

361 525 708 601 Porticus
766 527 1082 623 excepit,
1138 524 1408 602 desum
1461 526 1675 602 mihi.
1781 527 2131 624 „Rectius
2184 527 2333 604 hoc
2379 541 2512 606 est.

265 683 338 723 135
365 651 538 726 Hoc
587 650 876 727 faciens
930 651 1186 727 vivam
1238 650 1537 726 melius.
1645 651 1769 729 Sic
1817 652 2063 728 dulcis
2115 653 2379 728 amicis

363 777 807 854 Occurram.
862 773 1038 850 Hoc
1077 774 1395 874 quidam
1431 800 1589 849 non
1632 775 1864 852 belle:
1918 804 2107 852 num
2144 777 2335 876 quid
2373 804 2517 878 ego
2550 779 2669 856 illi

362 899 827 1000 Imprudens
882 898 1064 974 olim
1121 900 1402 974 faciam
1457 897 1805 978 simile‘?“
1895 901 2114 979 Haec
2166 927 2311 1001 ego
2362 930 2662 982 mecum

365 1024 846 1126 Compressis
897 1025 1109 1122 agito
1161 1023 1438 1120 labris3
1495 1025 1629 1100 ubi
1676 1024 1861 1124 quid
1907 1026 2133 1103 datur
2186 1029 2295 1104 oti

361 1147 644 1224 Inludo
693 1149 998 1226 chartis.

1101 1147 1273 1224 Hoc
1327 1163 1442 1225 est
1491 1148 2019 1228 mediocribus
2068 1151 2222 1228 illis

265 1305 335 1346 uo
362 1275 474 1348 Ex
527 1274 733 1349 vitiis
784 1300 1056 1368 unum3
1111 1273 1234 1348 cui
1285 1275 1350 1349 si
1403 1273 1831 1352 concedere
1877 1275 2101 1372 nolis,

363 1399 614 1475 Multa
662 1413 1064 1496 poetarum
1119 1401 1378 1476 veniet
1427 1426 1722 1494 manus,
1780 1401 2069 1476 auxilio
2119 1426 2317 1500 quae

363 1522 479 1598 Sit
528 1523 755 1619 mihi3
813 1550 987 1598 nam
1045 1523 1285 1600 multo
1339 1523 1599 1621 plures
1651 1551 1906 1600 sumus
1958 1551 2049 1601 ac
2099 1527 2342 1603 veluti
2392 1541 2466 1605 te

362 1648 635 1724 Iudaei
677 1673 1038 1746 cogemus
1090 1650 1172 1724 in
1224 1650 1424 1726 hanc
1471 1650 1898 1728 concedere
1949 1651 2277 1726 turbam.

1240 2023 1571 2110 SATIRA
1634 2026 1725 2111 V.

361 2212 780 2310 Egressum
833 2241 1118 2313 magna
1163 2243 1289 2294 me
1343 2217 1642 2316 excepit
1690 2215 1958 2293 Aricia
2004 2219 2251 2294 Roma

362 2335 727 2438 Hospitio
785 2338 1132 2438 modico;
1181 2341 1444 2416 rhetor
1493 2367 1747 2418 comes
1793 2342 2287 2440 Heliodorus,

261 2630 378 2701 cus]
435 2630 534 2685 ubi
589 2631 948 2688 deambulare
999 2633 1256 2690 solebant
1307 2632 1418 2689 Ro-

265 2702 436 2756 mani.
483 2731 558 2742 —·
596 2703 783 2759 desum
818 2703 976 2775 mam]
1022 2705 1092 2760 cf.
1132 2705 1246 2760 Sat.
1283 2705 1328 2767 Ι,
1365 2707 1418 2767 9,

266 2775 351 2827 56.
414 2772 488 2839 11,
532 2778 578 2843 1,
620 2777 704 2829 17.
781 2775 938 2844 „Non
985 2777 1221 2848 neglego
1267 2777 1418 2846 quod

263 2844 440 2900 officii
477 2848 589 2900 mei
625 2847 763 2901 est.“
802 2847 1058 2902 Lambin.
1088 2879 1153 2888 —
1192 2849 1416 2918 rectius]

266 2916 452 2971 Verba
509 2923 642 2972 sunt
691 2920 852 2987 quasi
899 2937 1088 2975 secum
1137 2921 1417 2990 loquentis

263 3006 330 3043 ac
364 2988 435 3043 de
471 2989 584 3043 suis
609 2990 778 3044 rebus
804 3009 868 3045 co
909 2991 1121 3060 itantis,
1150 2999 1210 3046 ut
1237 2997 1418 3047 osten·

263 3058 350 3114 dit
385 3079 439 3114 v.
484 3063 606 3115 137.
645 3091 710 3102 —
752 3062 880 3116 olim
947 3063 1075 3118 vide
1123 3064 1194 3118 ad
1234 3064 1414 3118 Carm.

261 3131 338 3200 H,
366 3131 450 3201 10,
480 3135 565 3186 17.
597 3161 660 3172 -—
695 3138 990 3203 poetarum
1023 3134 1236 3204 manus]
1279 3135 1418 3204 „Fe-

261 3203 406 3260 stive
471 3202 639 3274 fingit
701 3223 970 3275 magnum
1029 3206 1240 3262 Romae
1299 3225 1418 3262 esse

260 3279 559 3344 poetarum
609 3278 770 3345 quasi
817 3277 1146 3332 sodalicium
1193 3282 1251 3333 et
1289 3296 1415 3332 con-

262 3347 618 3402 iurationem.
723 3347 902 3402 Simul
961 3349 1111 3405 ridet
1168 3350 1418 3404 studium

262 3417 635 3486 versificandi,
674 3436 784 3488 quo
821 3425 959 3474 tunc
983 3438 1152 3490 quam
1185 3422 1418 3491 plurimi

259 3489 434 3544 etiam
481 3489 662 3545 invita
711 3491 966 3546 Minerva
1014 3493 1414 3548 ducebantur.“

267 3559 518 3616 Orellius.
581 3561 649 3616 In
685 3581 798 3632 qua
832 3581 895 3617 re
930 3564 1039 3618 hoc
1075 3582 1298 3634 quoque
1334 3564 1415 3619 fa-

263 3635 448 3698 cetum
510 3637 614 3702 est,
675 3635 826 3703 quod
894 3641 1191 3706 poetarum
1251 3637 1419 3691 turba

262 3703 500 3758 Horatio
550 3723 719 3774 quam
765 3706 1128 3762 infestissima
1172 3713 1308 3762 erat.
1347 3737 1416 3748 --

265 3773 483 3845 Iudaei]
525 3777 622 3844 qui
659 3779 825 3833 multi
863 3783 1000 3834 tunc
1029 3779 1240 3834 Romae
1275 3780 1416 3833 mul-

263 3850 351 3900 tos
389 3847 462 3901 ad
495 3866 653 3902 suam
688 3849 1004 3905 doctrinam
1043 3851 1268 3905 trahere
1303 3855 1417 3905 stu-

265 3917 489 3974 debant.
577 3920 686 3976 Cic.
745 3921 927 3977 Flacc.
985 3940 1031 3977 c.
1087 3924 1184 3977 28:
1246 3921 1417 3991 „Scis,

265 3994 479 4058 quanta
494 3991 570 4045 sit
581 3992 962 4062 (Iudaeorum)
973 4012 1188 4063 manus,
1207 4000 1420 4063 quanta

265 4061 582 4131 concordia,
621 4069 894 4132 quantum
932 4065 1160 4121 valeant
1192 4067 1252 4119 in
1287 4082 1416 4120 con-

263 4132 527 4188 tionibus.
567 4134 794 4190 Summa
816 4153 954 4190 voce
976 4155 1158 4207 agam,
1195 4142 1417 4192 tantum

262 4207 329 4258 ut
367 4204 578 4259 iudices
617 4206 865 4261 audiant.
911 4207 1104 4278 Neque
1141 4208 1292 4264 enim
1324 4209 1416 4263 de-

263 4279 414 4344 sunt,
452 4277 549 4344 qui
588 4277 722 4331 istos
761 4277 819 4331 in
855 4297 944 4332 me
981 4283 1149 4349 atque
1185 4281 1247 4334 in
1273 4280 1416 4350 opti-

263 4365 418 4402 mum
454 4365 730 4417 quemque
766 4349 1054 4404 incitent.“
1094 4351 1178 4405 De
1196 4350 1416 4406 Iudaeis

262 4419 323 4472 in
364 4418 505 4474 urbe
540 4419 720 4474 Roma
765 4425 822 4474 et
859 4421 920 4474 in
955 4421 1125 4478 Italia
1159 4423 1416 4478 habitan·

236 4481 416 4544 ‘tibus
453 4490 722 4560 legendus
759 4495 844 4546 est
880 4492 1277 4549 Friedlaender
1313 4494 1420 4549 Sit-

264 4561 549 4632 tengesch.
589 4562 760 4618 Roms
801 4562 864 4617 T.
902 4564 1004 4618 111.
1041 4583 1098 4636 p.
1123 4567 1246 4620 516.

1922 2658 2156 2715 Satira
2190 2659 2257 2714 V.

1585 2774 1786 2828 Caesar
1822 2772 2162 2829 Octavianus
2200 2791 2327 2830 oum
2364 2777 2579 2829 aestate
2616 2791 2665 2828 a.

1511 2849 1619 2900 716
1655 2845 1941 2900 maritimo
1990 2845 2141 2900 bello
2178 2851 2376 2902 contra
2411 2845 2463 2900 S.
2502 2845 2665 2899 Pom-

1510 2920 1701 2988 peium
1749 2923 1909 2988 gesto
1954 2917 2257 2973 maximam
2302 2917 2492 2972 classis
2536 2933 2665 2987 par-

1511 2995 1627 3045 tem
1683 2990 1978 3058 amisisset,
2029 2989 2103 3043 ad
2148 2990 2463 3043 Antonium
2510 2989 2668 3044 misit

1510 3061 1909 3130 Maecenatem,
1933 3061 2031 3130 qui
2052 3066 2271 3116 remota
2293 3062 2445 3115 inter
2468 3061 2665 3116 trium-

1511 3133 1664 3188 viros
1704 3133 1993 3187 simultate
2039 3132 2112 3186 ad
2159 3133 2294 3187 belli
2340 3133 2665 3188 societatem

1511 3209 1814 3274 utrumque
1866 3205 2249 3274 coniungeret.
2339 3203 2522 3271 Quare
2578 3204 2661 3258 in·

1511 3281 1679 3330 eunte
1742 3293 1874 3330 vere
1935 3293 1984 3330 a.
2034 3277 2139 3330 717
2200 3276 2481 3330 Antonius
2539 3293 2666 3330 cum

1511 3349 1778 3403 trecentis
1816 3347 2053 3402 navibus
2076 3347 2439 3402 Brundisium
2472 3352 2665 3402 vectus

1512 3424 1622 3489 est3
1685 3420 1785 3473 ubi
1844 3437 1971 3474 cum
2024 3436 2137 3474 non
2194 3421 2341 3474 esset
2391 3423 2663 3488 receptus,

1511 3491 1820 3546 Tarentum
1860 3508 2083 3546 cursum
2118 3491 2344 3545 direxit.
2381 3489 2503 3544 Iam
2540 3507 2665 3545 cum

1513 3563 1657 3618 alter
1717 3563 1959 3617 alterum
2018 3563 2259 3630 timeret,
2318 3563 2503 3632 primo
2562 3579 2666 3631 per
2762 3593 2769 3599 ·

1512 3637 1719 3690 amicos
1760 3633 2020 3706 agebant,
2056 3634 2257 3690 deinde
2280 3633 2666 3689 intercedente

1512 3705 1750 3762 Octavia
1793 3707 1902 3776 ipsi
1952 3723 2127 3776 prope
2176 3705 2484 3761 Tarentum
2539 3722 2665 3758 con-

1511 3778 1689 3849 gressi
1754 3783 2010 3832 mutuum
2065 3777 2215 3832 inter
2272 3795 2331 3831 se
2393 3777 2665 3831 auxilium

1510 3850 1915 3918 promiserunt:
1996 3849 2337 3903 Octavianus
2416 3848 2663 3902 Antonio

1511 3919 1651 3976 duas
1708 3922 1953 3991 legiones
2003 3919 2227 3974 Italicas
2282 3924 2479 3974 contra
2533 3919 2665 3974 Par·

1512 3993 1656 4056 thos,
1720 3993 2002 4047 Antonius
2065 3991 2376 4048 Octaviano
2440 3995 2663 4045 centum

1511 4081 1679 4126 naves
1718 4068 1917 4119 contra
1957 4064 2303 4133 Pompeium.
2339 4063 2526 4117 Amici
2562 4079 2665 4131 per

1512 4153 1651 4204 quos
1688 4135 1872 4204 primo
1908 4153 1937 4190 a
1982 4136 2156 4190 ebant
2186 4153 2299 4190 non
2324 4139 2410 4189 est
2433 4133 2664 4189 dubium

1512 4208 1650 4275 quin
1697 4207 1912 4262 fuerint
2016 4223 2247 4262 aecenas
2291 4211 2348 4260 et
2386 4205 2663 4272 Cocceius,

1511 4297 1616 4347 per
1661 4296 1799 4347 quos
1847 4279 1961 4334 iam
2008 4296 2056 4333 a.
2098 4281 2203 4332 714
2248 4276 2445 4331 foedus
2484 4277 2662 4332 Brun-

1510 4350 1759 4404 disinum
1794 4351 1969 4406 ictum
2005 4354 2153 4418 erat;
2197 4348 2347 4403 unde
2382 4367 2437 4402 v.
2476 4347 2545 4402 29
2580 4347 2663 4403 di-

1511 4427 1717 4475 cuntur
1795 4439 2051 4492 „aversos
2118 4421 2272 4476 soliti
2334 4437 2666 4490 componere

1514 4493 1772 4547 amicos.“
1851 4493 2165 4548 Maecenati
2213 4497 2421 4560 autem,
2461 4492 2558 4562 qui
2594 4508 2666 4547 ne

1511 4565 1574 4618 in
1614 4565 1818 4620 itinere
1861 4563 2087 4633 quidem
2131 4564 2425 4621 doctorum
2464 4564 2663 4620 amico-
