3092 5059
981 240 1142 307 LIB.
1187 240 1270 307 11.
1321 240 1574 309 GARM.
1618 240 1829 309 XVII.

2482 246 2601 312 153

521 457 572 497 ιε
705 426 1040 504 Divellet
1086 455 1463 529 unquam:
1519 430 1627 505 sic
1675 430 1969 526 potenti

805 551 1150 631 Iustitiae
1170 613 1180 619 -
1200 554 1725 655 placitumque
1767 555 2049 633 Parcis.

609 702 760 778 Seu
811 702 1050 779 Libra
1100 729 1234 779 seu
1285 730 1412 780 me
1465 702 1823 803 Scorpios
1870 706 2145 803 aspicit

605 826 672 901 F
674 826 1191 902 ormidulosus
1242 853 1422 925 pars
1474 826 1887 903 violentior

704 950 996 1027 Natalis
1048 951 1284 1027 horae
1329 977 1462 1027 seu
1513 965 1885 1050 tyrannus

519 1112 574 1152 ιο
803 1076 1234 1175 Hesperiae
1286 1077 1804 1179 Capricornus
1856 1077 2129 1175 undae,

605 1226 1030 1327 Utrumque
1085 1242 1431 1305 nostrum
1480 1227 1923 1305 incredibili
1971 1228 2207 1304 modo

610 1352 1008 1431 Consentit
1055 1364 1363 1429 astrum.

1463 1352 1575 1429 'I'e
1626 1351 1835 1429 Iovis
1888 1354 2127 1452 impio

705 1476 976 1553 Tutela
1029 1474 1357 1553 Saturno
1410 1476 1811 1576 refulgens

802 1602 1104 1703 Eripuit
1153 1602 1643 1702 volucrisque
1691 1602 1865 1679 Fati

521 1784 574 1823 ιν,
610 1752 980 1829 Tardavit
1031 1754 1211 1849 alas,
1269 1779 1442 1829 cum
1496 1754 1831 1853 populus
1882 1755 2248 1854 frequens

608 1878 927 1954 Laetum
981 1878 1295 1955 theatris
1343 1892 1459 1955 ter
1512 1880 1811 1977 crepuit
1860 1904 2166 1975 sonum3

702 2002 832 2077 Me
883 2018 1194 2079 truncus
1246 2004 1587 2101 inlapsus
1637 2004 1954 2080 cerebro

809 2128 1255 2226 Sustulerat,
1309 2130 1455 2205 nisi
1510 2130 1816 2205 Faunus
1870 2130 2104 2205 ictum

197 2301 314 2371 yut]
359 2302 406 2356 si
441 2300 569 2356 fieri
601 2302 784 2372 possit
806 2308 870 2357 ut
901 2308 1174 2374 resurgat.
1211 2303 1355 2358 Nam

201 2375 256 2427 in
291 2372 546 2427 Tartaro
593 2378 908 2443 prostratus
956 2375 1116 2429 iacet.
1155 2404 1221 2415 -—
1261 2376 1356 2429 Iu-

199 2444 414 2515 stitiae]
434 2450 596 2517 Δίκῃ,
623 2446 770 2499 Iovis
796 2450 853 2500 et
881 2444 1166 2501 Themidis
1189 2446 1356 2501 filiae.

201 2516 362 2583 Quae
398 2518 552 2585 quod
593 2516 783 2572 Parcis
834 2517 1078 2585 additur,
1126 2518 1186 2572 id
1229 2518 1356 2573 ideo

203 2588 420 2642 factum
466 2594 570 2657 est,
624 2593 690 2642 nt
737 2604 849 2643 non
906 2589 1087 2643 solum
1132 2590 1252 2644 fata
1297 2590 1356 2645 id

200 2660 280 2713 ita
319 2660 470 2714 velle
503 2660 600 2715 sed
633 2664 786 2715 recte
809 2661 980 2715 etiam
1005 2660 1148 2715 velle
1175 2666 1356 2716 osten·

202 2730 396 2785 datur.
471 2732 616 2786 Nam
663 2732 890 2786 Iustitia
925 2731 1226 2787 Parcarum
1271 2751 1356 2788 so-

207 2820 300 2855 ror
353 2806 455 2856 est.
510 2832 580 2844 —
633 2804 1018 2874 placitumque]
1077 2804 1161 2859 De
1209 2810 1353 2874 part.

207 2890 306 2943 que
343 2874 478 2928 vide
515 2875 588 2929 ad
629 2876 810 2929 Carm.
850 2874 920 2941 ΙΙ,
949 2876 998 2943 7,
1025 2876 1108 2929 25.
1149 2905 1213 2915 -
1252 2875 1356 2931 Seu

204 2945 385 2999 Lfflra
420 2947 550 3017 cet.]
591 2946 860 3003 Horatius
897 2963 1068 3015 quam
1112 2964 1224 3001 non
1261 2947 1354 3002 de-

207 3016 362 3070 ditus
411 3018 490 3071 sit
543 3017 1070 3072 mathematicorum
1129 3020 1356 3089 ineptiis

207 3088 454 3142 carmine
490 3090 534 3155 1,
573 3093 634 3143 11
675 3090 1004 3144 ostenditur.
1045 3089 1228 3156 Quare
1263 3091 1358 3145 hic

207 3176 430 3229 quoque
470 3161 614 3215 bene
652 3164 937 3215 constans:
978 3178 1356 3231 quaecumque

208 3238 312 3299 est,
347 3231 551 3301 inquit,
576 3233 838 3303 genitura
873 3250 1015 3301 mea,
1054 3233 1353 3301 quodcum-

213 3320 322 3370 que
359 3308 574 3359 astrum
609 3304 786 3358 natali
821 3321 945 3358 mea
980 3304 1120 3359 hora
1157 3322 1352 3375 regna·

210 3374 310 3433 vit.
343 3374 448 3429 hoc
497 3380 714 3430 certum
762 3379 864 3440 est,
909 3376 1221 3430 consentire
1256 3394 1352 3431 no-

209 3450 328 3498 stra
361 3446 562 3515 sidera,
605 3448 644 3500 i.
681 3465 728 3501 e.
767 3452 970 3501 natura
1011 3453 1069 3501 et
1105 3448 1352 3502 moribus

210 3533 310 3569 uos
343 3518 620 3572 artissime
657 3536 774 3573 esse
813 3519 1149 3573 coniunctos.
1225 3519 1351 3573 Gre-

211 3587 482 3643 debantur
507 3596 697 3644 autem
733 3591 848 3644 alia
870 3589 1054 3644 sidera
1085 3608 1354 3677 prospera

209 3664 269 3711 et
331 3661 607 3715 salutaria.
653 3656 1017 3731 (ἀγαθοποιοὶ
1089 3664 1354 3731 ασιέρες),

213 3730 326 3782 alia
396 3734 562 3787 noxia
633 3738 692 3787 et
763 3733 969 3788 infesta
1042 3734 1354 3801 (κακοποιοὶ

211 3797 484 3871 &aream
513 3803 738 3858 illorum
761 3806 1058 3859 coniuncta
1075 3810 1354 3875 potestate

211 3871 410 3927 horum
445 3875 672 3930 inimica
706 3877 792 3930 vis
839 3883 939 3930 aut
985 3878 1356 3946 superabatur

213 3949 318 3995 aut
367 3963 472 4000 non
529 3948 928 4016 superabatur3
988 3952 1354 4017 utrorumque

213 4022 522 4083 temperata
545 4018 606 4072 vi
639 4020 787 4073 ratio
823 4020 1040 4089 genesis
1077 4019 1354 4074 efficieba-

215 4090 332 4153 tur,
379 4090 526 4143 cuius
575 4090 894 4145 observatio
932 4106 967 4143 a
1003 4092 1354 4146 mathemati-

217 4156 302 4209 cis
345 4157 556 4214 institui
613 4166 672 4215 et
717 4162 1058 4231 horoscopus
1107 4163 1218 4217 dici
1271 4180 1353 4216 so·

217 4225 386 4309 lebat.
489 4232 626 4287 Inde
699 4234 1110 4304 intelleguntur
1182 4234 1358 4288 verba

217 4301 416 4365 aspicit
462 4308 517 4355 et
559 4318 696 4373 pars
737 4305 956 4359 violent.
1009 4310 1123 4359 nat.
1173 4306 1354 4373 horae,

218 4385 364 4436 quae
410 4378 465 4425 et
507 4374 652 4430 inter
697 4392 756 4429 se
794 4376 1183 4447 coniungenda
1227 4381 1357 4430 sunt

221 4446 290 4492 et
321 4442 600 4500 referenda
627 4463 739 4500 non
776 4448 848 4501 ad
883 4449 1234 4517 scorpionem
1272 4466 1354 4501 so·

217 4510 361 4591 hyn,
393 4514 484 4569 sed
520 4518 591 4571 ad
626 4519 740 4572 tria
773 4524 939 4574 astra.
996 4518 1138 4574 Nam
1163 4520 1356 4574 etiam·

221 4598 282 4633 ει
317 4583 485 4641 sidera
517 4588 668 4643 inter
701 4608 758 4645 se
807 4590 1054 4660 aspicere
1097 4590 1354 4646 diceban-

1457 2308 1567 2371 tur,
1605 2308 1792 2359 tamen
1829 2321 1941 2357 non
1966 2302 2149 2357 minus
2178 2302 2347 2357 etiam
2372 2302 2601 2371 aspicie-

1454 2376 1595 2430 bant
1631 2380 1951 2430 nascentem
1987 2374 2285 2429 homiuem.
2336 2373 2603 2429 Praesens

1457 2452 1677 2516 tempus
1715 2447 1916 2515 aspicit
1951 2447 2246 2501 durantem
2286 2445 2457 2500 etiam
2500 2463 2602 2514 per

1457 2519 1633 2573 vitam
1688 2518 1886 2573 sideris
1938 2522 2277 2588 potestatem
2320 2517 2604 2585 exprimit.

1455 2589 1649 2658 Libra,
1698 2590 1969 2659 Iuppiter,
2005 2588 2209 2656 Venus,
2264 2588 2427 2641 Luna
2472 2584 2604 2657 ἀγα-

1456 2665 1700 2729 θοποιοὶ,
1756 2660 2007 2731 Scorpi0,
2066 2660 2453 2730 Capricornus,
2508 2659 2601 2714 Sa-

1455 2738 1676 2801 turnus,
1703 2732 1871 2799 Mars,
1901 2737 2191 2785 κακοποιοὶ
2234 2731 2601 2786 habebantur.

1455 2805 1522 2859 In
1597 2822 1765 2873 quam
1837 2821 1957 2858 rem
2013 2803 2265 2857 conferas
2332 2804 2601 2857 nostratis

1457 2876 1717 2930 Schilleri
1756 2875 2105 2946 tragoediam
2145 2876 2214 2928 de
2250 2874 2601 2929 Wallenstei-

1455 2948 1536 3001 nii
1574 2948 1729 3003 ducis
1763 2952 1945 3001 morte
1980 2946 2026 3015 I,
2068 2946 2113 2999 1.
2156 2946 2417 3000 Imitatus
2454 2946 2604 3001 huno

1456 3020 1641 3074 locum
1677 3023 1762 3073 est
1782 3018 2003 3072 Persius
2043 3020 2094 3085 5,
2113 3020 2209 3071 45:
2250 3018 2413 3086 „Non
2447 3019 2601 3086 equi-

1455 3091 1583 3145 dem
1620 3090 1726 3145 hoc
1768 3090 2009 3153 dubites,
2048 3090 2341 3144 amborum
2378 3089 2603 3143 foedere

1456 3167 1610 3217 certo
1644 3162 1966 3217 Consentire
2010 3161 2128 3215 dies
2179 3166 2235 3214 et
2274 3160 2347 3214 ab
2381 3178 2493 3213 uno
2530 3162 2600 3214 si-

1456 3234 1589 3288 dere
1634 3234 1780 3288 duci.
1854 3233 2059 3287 Nostra
2110 3233 2199 3286 vel
2248 3231 2468 3300 aequali
2512 3249 2599 3285 su·

1456 3305 1681 3375 spondit
1720 3311 1978 3373 tempora
2010 3302 2186 3357 Libra
2216 3303 2398 3357 Parca
2432 3308 2603 3357 tenax

1454 3377 1597 3440 veri,
1633 3393 1729 3429 seu
1764 3382 1898 3429 nata
1933 3374 2191 3429 fidelibus
2217 3374 2358 3428 hora
2383 3374 2605 3428 Dividit

1455 3448 1514 3501 in
1555 3448 1815 3502 Geminos
1853 3446 2153 3503 concordia
2190 3446 2309 3501 fata
2346 3445 2602 3514 duorum,

1457 3518 1870 3588 Saturnumque
1926 3534 2157 3589 gravem
2216 3522 2409 3571 nostro
2468 3517 2603 3571 Iove

1455 3590 1769 3661 frangimus
1812 3607 1941 3657 una,
1992 3590 2191 3643 Nescio
2239 3588 2407 3657 quod,
2452 3594 2605 3644 certe

1456 3666 1557 3721 est,
1587 3662 1737 3730 quod
1773 3680 1863 3715 me
1894 3662 2001 3715 tibi
2028 3665 2307 3730 temperat
2332 3662 2601 3715 astrum.“

1525 3734 1593 3786 V.
1624 3736 1703 3787 19.
1740 3738 2013 3803 tyrannus
2051 3732 2223 3801 Hesp.
2261 3732 2468 3801 undae]
2506 3733 2603 3787 Ca-

1455 3805 1704 3875 pricorni
1747 3804 1983 3874 imperio
2028 3803 2281 3859 subiecta
2328 3810 2450 3858 erat
2490 3804 2602 3857 Eu·

1454 3894 1597 3946 ropa
1662 3875 2051 3941 occidentalis;
2113 3892 2285 3943 quare
2341 3876 2401 3928 in
2458 3875 2603 3930 mari

1454 3948 1787 4003 occidentali
1821 3951 2179 4015 tempestates
2216 3946 2494 4001 movebat.
2534 3976 2601 3985 —

1454 4019 1748 4089 refulqens]
1811 4025 1875 4072 ut
1932 4018 2109 4071 Carm.
2157 4018 2201 4084 1,
2253 4022 2337 4085 12,
2380 4020 2466 4071 28.
2534 4046 2600 4057 -

1453 4092 1784 4161 volucrisque
1833 4090 1995 4158 Fata]
2051 4088 2121 4143 cf.
2162 4088 2275 4143 Sat.
2314 4089 2387 4155 ΙΙ,
2428 4088 2477 4157 1,
2516 4090 2601 4142 58.

1458 4192 1524 4202 —
1564 4162 1703 4230 own]
1742 4161 2133 4215 Lachmannus
2171 4178 2201 4215 e
2238 4161 2469 4215 coniect.
2494 4160 2601 4227 cui,

1457 4250 1693 4302 eumque
1732 4234 1909 4287 secuti
1954 4238 2085 4285 sunt
2132 4232 2426 4301 Hauptius,
2464 4231 2600 4285 Mei-

1456 4305 1671 4372 nekins,
1707 4304 2001 4369 Miillerns3
2040 4320 2152 4357 nou
2178 4303 2386 4357 Keller.
2422 4319 2602 4371 neque

1457 4376 1761 4444 Eckstein„
1797 4394 1899 4430 nec
1934 4375 2153 4429 Schiitz.
2229 4374 2298 4429 cf.
2338 4375 2517 4429 Carm.
2557 4375 2602 4441 Ι,

1458 4450 1546 4516 20,
1586 4450 1634 4501 4.
1695 4476 1757 4485 —
1817 4452 1900 4501 ter
1938 4446 2153 4515 crepuit
2200 4446 2415 4515 sonum]
2456 4446 2600 4513 Quid

1457 4519 1544 4573 his
1581 4518 1768 4573 verbis
1818 4516 2165 4589 significetur
2206 4534 2383 4587 prope
2428 4518 2601 4573 nesci·

1456 4608 1596 4645 mus.
1633 4588 1871 4644 Videtur
1895 4593 2083 4642 tamen
2122 4586 2316 4642 eadem
2342 4606 2458 4642 esse
2493 4606 2600 4657 res,
