3092 5059
1109 242 1270 309 LIB.
1316 243 1368 307 Ι.
1415 242 1667 309 GARM.
1715 241 1797 307 X.
2566 242 2647 307 59

649 430 861 509 Voce
904 433 1254 509 formasti
1308 444 1519 507 catus
1574 444 1651 508 et
1703 430 2029 508 decorae

849 558 1068 633 More
1116 557 1567 655 palaestrae,

585 744 611 784 ⁵
648 709 758 785 Te
811 735 1103 804 canam,
1159 710 1426 806 magni
1468 708 1679 783 Iovis
1734 721 1811 783 et
1864 707 2189 783 deorum

652 834 1023 909 Nuntium
1079 858 1514 933 curvaeque
1564 833 1781 933 lyrae
1839 844 2262 929 parentem,

651 958 1039 1038 Callidum
1087 958 1461 1059 quicquid
1512 958 1802 1059 placuit
1852 955 2111 1032 iocoso

853 1084 1213 1163 Condere
1257 1086 1495 1160 furto.

643 1236 753 1311 Te
805 1236 1039 1310 boves
1095 1234 1278 1309 olim
1331 1234 1480 1310 nisi
1524 1234 1995 1310 reddidisses

565 1396 616 1433 ιο
651 1360 798 1434 Per
850 1358 1116 1435 dolum
1160 1373 1457 1435 amotas
1510 1385 1839 1457 puerum
1892 1358 2170 1437 minaci

654 1484 862 1560 Voce
919 1483 1104 1560 dum
1153 1497 1408 1580 terret,
1465 1484 1742 1559 viduus
1793 1483 2155 1582 pharetra

849 1610 1046 1685 Risit
1101 1608 1410 1709 Apollo.

653 1759 860 1852 Quin
914 1774 990 1836 et
1045 1758 1359 1835 Atridas
1413 1758 1609 1836 duce
1661 1773 1737 1836 te
1786 1760 2161 1858 superbos

656 1884 801 1960 Ilio
855 1884 1070 1961 dives
1121 1886 1472 1961 Priamus
1527 1884 1794 1961 relicto

569 2042 615 2081 us
651 2011 1211 2111 Thessalosque
1249 2011 1466 2109 ignes
1517 2025 1593 2087 et
1649 2013 1917 2111 iniqua
1962 1990 2248 2087 Troiae

859 2138 1128 2216 Castra
1179 2136 1485 2213 fefellit.

654 2286 772 2361 Tu
822 2286 990 2384 pias
1035 2286 1253 2362 laetis
1307 2288 1599 2363 animas
1649 2287 1958 2386 reponis

260 2498 464 2551 quoque
499 2488 560 2539 et
595 2484 734 2538 iocis
769 2502 1002 2541 acumen
1035 2486 1278 2541 maxime
1305 2485 1400 2541 ad·

261 2552 420 2607 iuvat».
477 2555 572 2609 Ex
613 2555 718 2610 hac
753 2562 941 2611 autem
984 2558 1251 2612 Mercurii
1289 2558 1402 2612 vir-

257 2627 366 2706 tute
399 2624 816 2709 intelleguntur
851 2634 966 2683 tres
993 2629 1258 2699 strophae
1289 2648 1400 2683 me-

259 2694 386 2750 diae.
421 2696 568 2753 Tum
607 2698 758 2753 idem
791 2700 924 2755 deus
965 2701 1145 2769 lyram
1182 2718 1404 2770 quoque

260 2767 520 2824 invenisse
575 2770 806 2832 dicitur.
860 2772 990 2840 quia
1045 2774 1258 2827 musica
1311 2790 1403 2827 ars

259 2840 485 2895 multum
503 2842 662 2897 valet
684 2842 756 2896 ad
775 2843 1096 2899 formandos
1115 2843 1404 2898 hominum

258 2911 456 2966 animos
491 2918 551 2967 et
597 2914 920 2982 eloquentia
964 2916 1283 2985 propinqua
1319 2921 1406 2971 est

259 2984 415 3049 poesi.
487 2984 752 3054 Denique
799 2986 1110 3041 Mercurius
1157 2993 1258 3054 est,
1307 2988 1404 3056 qui

259 3052 494 3109 homines
519 3074 650 3111 cum
676 3058 800 3127 ipsa
823 3064 1006 3113 morte
1037 3059 1314 3127 conciliat,
1339 3064 1404 3113 ut

259 3126 458 3181 animas
514 3128 590 3182 ad
639 3128 850 3183 inferos
895 3130 1066 3186 ducat
1123 3136 1182 3185 et
1229 3142 1402 3201 ψυχο-

259 3199 479 3267 πομποῢ
527 3199 626 3254 vel
671 3204 1014 3271 ψυχαγωγοὶ]
1062 3220 1265 3257 nomen
1315 3220 1403 3257 ac-

259 3271 470 3337 ceperit.
510 3270 638 3338 Qua
674 3272 900 3341 quidem
935 3274 1156 3329 ratione
1189 3275 1403 3343 perspi-

261 3354 412 3394 cuum
435 3347 540 3411 eet,
576 3342 928 3411 eloquentiae
952 3348 1010 3400 vi
1036 3363 1102 3401 ac
1125 3350 1406 3415 potestate

261 3412 434 3467 omnia
457 3414 727 3485 coniungi
752 3419 810 3469 et
849 3417 1080 3486 placari.
1117 3416 1248 3472 deos
1280 3435 1404 3472 cum

262 3480 584 3551 hominibus,
603 3486 855 3541 homines
875 3505 1002 3543 cum
1021 3488 1244 3557 inferis;
1272 3506 1404 3557 qua—

259 3570 316 3607 re
345 3555 403 3609 in
437 3556 546 3611 hac
583 3558 903 3614 laudatione
921 3560 1190 3615 Mercurii
1213 3560 1408 3614 insunt

261 3624 434 3681 laudes
455 3630 826 3698 eloquentiae.
865 3629 1106 3701 Tempus
1125 3632 1405 3699 carminis,

262 3698 416 3779 quod,
467 3699 582 3753 nisi
631 3702 876 3772 vestigia
931 3702 1153 3771 fallunt¹
1191 3702 1263 3757 ad
1308 3703 1405 3757 Al-

263 3784 370 3822 caei
393 3788 550 3825 exem
597 3772 715 3825 lum
749 3774 1117 3843 compositum
1155 3779 1254 3835 est,
1293 3791 1406 3829 non

261 3844 434 3906 potent
479 3789 724 3897 definiri.
755 3848 758 3851 ’
796 3845 991 3900 Alcaei
1039 3863 1266 3900 carmen
1315 3864 1402 3899 eo·

263 3908 376 3965 dem
411 3918 598 3967 metro
635 3920 758 3969 erat
793 3917 1082 3985 scriptum,
1125 3921 1189 3971 ut
1225 3921 1405 3971 osten-

261 3980 338 4035 dit
369 3982 397 4036 f
557 3990 774 4039 entum:
817 4028 842 4056 ,‚
861 3995 1030 4057 Χαῖρε
1059 3984 1340 4048 Κυλλάνας
1376 3986 1406 4041 ὁ

263 4054 455 4136 μέδεις,
483 4056 548 4109 σὲ
583 4052 696 4126 γάρ
732 4078 832 4127 μοι
859 4060 1041 4129 θῦμος
1077 4054 1269 4130 aum,
1309 4056 1408 4114 τὸν

263 4140 520 4197 κορυφως
587 4129 650 4181 ἐν
709 4122 894 4190 αὔτως
953 4138 1116 4186 Μαῖα
1175 4136 1408 4201 γέννατο

267 4198 501 4317 Κρὸνίδᾳ
536 4202 822 4270 μίγεισα.“

377 4310 390 4321 .
413 4270 464 4321 2.
500 4273 800 4342 recentum]
846 4290 1036 4329 reeens
1074 4278 1406 4337 creatorum,

267 4338 354 4405 qui
390 4338 620 4396 fuerunt
653 4349 908 4413 „mutum
932 4350 990 4400 et
1014 4350 1108 4399 tur
1149 4364 1180 4399 e
1203 4348 1406 4416 pecus“

267 4408 370 4463 Sat.
391 4410 435 4478 1,
456 4414 508 4480 3,
536 4416 654 4467 100.
699 4444 768 4455 --
805 4415 1052 4485 decorae]
1144 4435 1236 4471 am
1261 4418 1406 4472 ludis

267 4483 526 4548 gymnicis
545 4502 786 4557 corpora
803 4486 1092 4557 finguntur
1112 4487 1185 4542 ad
1199 4493 1408 4543 statum

269 4558 584 4625 motumque
628 4558 1024 4629 decentiorem,
1067 4560 1405 4629 politiorem.

1500 2515 1567 2526 -—
1606 2486 1867 2541 callidum
1901 2486 2145 2555 condere]
2196 2485 2327 2540 vide
2362 2484 2434 2540 ad
2470 2484 2652 2539 Carm.

1497 2558 1545 2626 1,
1586 2561 1633 2621 1,
1676 2560 1757 2612 18.
1800 2588 1865 2597 -—
1910 2558 2085 2628 boves]
2126 2556 2395 2627 Apollini,
2442 2556 2541 2625 qui
2578 2556 2650 2610 ob

1498 2628 1781 2685 confossos
1832 2629 2094 2699 Cyclopes
2149 2646 2181 2684 e
2236 2630 2389 2684 caelo
2446 2628 2653 2684 eiectus

1497 2706 1753 2756 armenta
1783 2701 2031 2769 Admeti,
2067 2700 2445 2755 Pheraeorum
2481 2700 2653 2770 regis,

1497 2777 1769 2842 pasceret,
1815 2772 2126 2827 Mercurius
2178 2790 2319 2841 puer
2364 2772 2509 2826 clam
2555 2772 2652 2825 bo-

1497 2862 1593 2899 ves
1630 2844 1882 2915 abegisse
1905 2843 2115 2898 dicitur
2138 2848 2197 2899 et
2232 2844 2453 2899 celasse.
2492 2841 2653 2909 Quod

1497 2916 1715 2970 furtum
1733 2933 1857 2971 cum
1878 2916 2139 2971 sensisset
2158 2915 2363 2985 Apollo
2392 2920 2449 2969 et
2475 2930 2651 2983 puero

1497 2988 1607 3042 nisi
1652 2992 1846 3057 raptas
1895 2987 2233 3042 reddidisset
2276 3003 2475 3057 graves
2520 3002 2651 3055 poe-

1497 3078 1600 3114 nas
1636 3060 1966 3125 minaretur,
2002 3060 2269 3129 pharetra
2314 3075 2439 3112 cum
2484 3058 2653 3140 sagit-

1498 3132 1573 3185 tis
1611 3131 1914 3201 spoliatum
1948 3148 2007 3185 se
2040 3130 2203 3185 vidit.
2277 3127 2512 3183 Inermis
2548 3129 2653 3199 igi-

1497 3208 1594 3257 tur
1642 3202 1824 3257 factus
1876 3220 1990 3257 non
2040 3201 2230 3271 potuit
2280 3218 2395 3253 non
2449 3200 2652 3255 ridere.

1501 3304 1567 3315 —
1604 3272 1827 3343 viduus]
1862 3274 2079 3343 poetice
2122 3290 2227 3344 pro
2270 3271 2520 3343 generali
2556 3288 2653 3326 vo·

1499 3345 1697 3401 cabulo
1749 3346 2029 3415 privatus.
2082 3372 2146 3383 -—
2196 3343 2447 3412 Atridas]
2511 3342 2653 3398 Rem

1497 3422 1697 3472 narrat
1748 3416 1909 3471 Hom.
1948 3415 2013 3471 Il.
2041 3415 2251 3498 'XX1V,
2290 3414 2394 3469 336
2426 3431 2547 3497 sqq.
2586 3442 2654 3455 -—

1497 3488 1783 3558 superbos]
1830 3494 2057 3557 μεγαθυ
2104 3506 2211 3555 ους,
2259 3489 2652 3557 μεγαλητορας.

1503 3590 1564 3600 -
1606 3560 1725 3614 Ilio
1759 3558 1963 3627 relicto]
2009 3507 2265 3613 ffiineke
2300 3558 2508 3626 relicta,
2556 3556 2654 3611 sed

1499 3630 1649 3701 apud
1684 3630 1985 3685 Horatium
2017 3631 2135 3685 eius
2168 3630 2409 3685 nominis
2446 3628 2655 3699 duplex

1499 3708 1557 3757 et
1594 3702 1775 3756 forma
1812 3705 1899 3754 est
1934 3706 1992 3755 et
2030 3718 2228 3772 genus:
2274 3702 2655 3756 nominativus

1499 3774 1649 3829 Ilios
1698 3772 1880 3827 Carm.
1928 3772 2024 3841 IV,
2060 3776 2111 3841 9,
2152 3774 2217 3827 18
2268 3772 2541 3833 feminini,
2569 3776 2655 3828 est

1498 3845 1737 3916 generis,
1784 3844 1915 3898 inde
1960 3845 2306 3899 accusativus
2359 3844 2535 3913 Ilion,
2593 3844 2655 3899 id

1501 3917 1651 3986 quod
1699 3933 2020 3985 quanquam
2064 3934 2179 3970 non
2225 3935 2294 3971 ex
2333 3917 2513 3971 Carm.
2550 3915 2651 3985 111,

1500 3990 1553 4055 3,
1590 3988 1677 4055 37,
1728 3993 1917 4043 tamen
1962 4006 2030 4042 ex
2075 3988 2255 4059 Epod.
2300 3990 2381 4055 14,
2422 3990 2489 4042 14
2536 3987 2653 4041 elu-

1501 4064 1616 4129 cet;
1652 4076 1847 4114 verum
1885 4058 2165 4114 ablativus
2204 4060 2321 4113 Ilio
2357 4076 2483 4113 cum
2520 4076 2651 4113 neu·

1501 4132 1644 4186 trius
1680 4131 1898 4202 generis
1936 4130 2012 4185 sit
2044 4136 2269 4201 praeter
2298 4131 2448 4185 hunc
2470 4130 2653 4185 locum

1457 4248 1476 4267 ,
1501 4205 1675 4259 etiam
1724 4202 1905 4257 Carm.
1950 4203 2060 4265 ΠΙ,
2105 4206 2187 4271 19,
2226 4204 2275 4255 4.
2340 4201 2436 4268 IV,
2474 4206 2525 4270 4,
2565 4203 2651 4255 53.

1500 4274 1681 4345 Epod.
1729 4276 1811 4342 10,
1853 4276 1918 4328 13
1968 4276 2139 4339 (unde
2186 4273 2335 4329 idem
2369 4291 2543 4344 genus
2596 4274 2657 4327 in

1503 4348 1702 4416 quinto
1740 4347 1863 4399 loco
1901 4344 2153 4414 Carm.1‚
2194 4347 2277 4413 15,
2309 4347 2377 4398 33
2413 4362 2531 4400 esse
2564 4362 2653 4399 su-

1501 4416 2655 4558 {si-sbsffsfnraesssffsss21332‘302‘33

1499 4564 1600 4615 est.
1644 4590 1714 4600 —
1750 4558 1911 4629 viv-qa
1946 4560 2137 4631 aurea]
2178 4553 2369 4631 ῥάβδῳ
2401 4564 2648 4633 χρυσείῃ.
