3092 5059
978 241 1139 308 LIB.
1183 239 1267 308 11.
1314 240 1509 308 ΕΔΤ..
1547 239 1692 307 vn.
1739 240 1914 306 VIH.

2521 239 2646 306 485

352 427 559 526 „Aut
600 429 881 504 insanit
930 429 1162 504 homo
1216 442 1349 505 aut
1400 455 1659 508 versus
1715 425 1967 504 facit.“
2023 427 2257 506 Ocius
2315 429 2494 504 hinc
2543 440 2620 504 te

348 554 443 630 Ni
492 555 723 654 rapis,
774 555 1093 632 accedes
1140 579 1377 654 opera
1428 579 1618 651 agro
1672 580 1878 630 nona
1930 553 2239 630 Sabino,

1142 902 1468 988 SATIRA
1530 867 1743 986 VIII'.

346 1065 453 1144 Ut
502 1065 901 1142 Nasidieni
952 1066 1144 1141 iuvit
1191 1080 1268 1141 te
1322 1091 1509 1141 cena
1563 1065 1822 1140 beati?

344 1190 544 1267 Nam
593 1189 784 1267 mihi
834 1191 1238 1292 quaerenti
1292 1192 1696 1266 convivam
1751 1190 2000 1266 dictus
2053 1190 2238 1266 here
2289 1188 2446 1264 illic

247 1459 371 1496 rere
407 1441 647 1496 hominis
684 1444 768 1496 est
804 1441 902 1510 qui
939 1457 1101 1495 veras
1136 1440 1393 1496 crimina·

247 1515 426 1568 tiones
484 1513 645 1568 iustis
698 1512 876 1567 causis
930 1530 1045 1566 non
1090 1512 1268 1581 possit
1311 1512 1395 1568 di-

248 1586 417 1640 luere.
462 1584 647 1653 Quare
681 1584 865 1653 lepide
897 1583 1168 1638 Horatius
1206 1587 1397 1638 contu-

248 1657 492 1711 meliosis
530 1656 676 1710 servi
710 1655 1200 1725 obiurgationibus
1238 1655 1397 1724 quasi

248 1728 411 1783 cedit.
490 1726 701 1796 Lepide
744 1726 917 1782 etiam
964 1725 1153 1781 Davus
1200 1727 1397 1781 calidis

246 1799 461 1855 domini
498 1798 993 1854 exclamationibus
1036 1798 1397 1868 frigidissime

246 1872 569 1942 respondet3
623 1871 882 1924 dominus
937 1869 1174 1924 calidior
1226 1870 1397 1925 etiam

244 1942 423 1998 factus
478 1942 711 2013 sagittas
757 1943 1003 2010 quaerit,
1049 1941 1249 1996 deinde
1295 1941 1396 1995 im-

244 2019 442 2084 potens
490 2031 671 2082 neque
714 2014 824 2068 sibi
878 2013 1165 2068 consulere
1220 2014 1398 2068 sciens

245 2087 541 2142 molestum
598 2102 819 2140 servum
876 2085 1171 2140 dirissimis
1234 2084 1399 2138 minis

243 2159 419 2227 pellit.
472 2163 543 2196 '—
590 2172 775 2212 mssa-s
817 2156 981 2226 facit]
1040 2156 1247 2211 Poetae
1303 2156 1401 2227 qui

244 2247 375 2284 vere
400 2233 534 2284 sunt
559 2229 753 2282 divino
778 2228 1023 2298 quodam
1056 2227 1247 2283 furore
1284 2245 1401 2282 cor-

244 2301 551 2371 ripiuntur,
588 2317 714 2355 cum
751 2317 943 2354 versus
980 2299 1210 2354 faciunt.
1276 2299 1399 2367 Qua

244 2389 306 2426 re
342 2373 534 2427 Davus
568 2371 814 2442 maligne
862 2372 946 2425 ita
980 2371 1178 2440 utitur,
1213 2376 1279 2426 ut
1304 2371 1399 2425 do·

244 2445 461 2498 minum
495 2449 739 2514 poetam,
785 2459 936 2497 nunc
978 2442 1171 2498 furore
1216 2459 1399 2498 corre-

240 2519 429 2585 ptum,
482 2515 688 2570 mentis
746 2517 1061 2584 compotem
1128 2531 1245 2569 esse
1304 2518 1401 2568 aut

244 2587 379 2656 quid
446 2587 601 2641 dicat
670 2587 811 2642 scire
876 2591 1059 2657 neget.
1114 2616 1179 2626 ——
1234 2601 1401 2656 opera

241 2660 413 2729 nom]
454 2658 597 2713 Octo
632 2658 811 2728 igitur
846 2658 957 2712 iam
994 2659 1139 2713 servi
1171 2659 1401 2713 fuerunt

242 2730 484 2785 Horatio
527 2731 589 2783 in
636 2729 859 2784 Sabino.
948 2729 1193 2785 Viliores
1239 2733 1401 2784 erant

242 2802 389 2856 servi
438 2801 639 2856 rustici
678 2805 735 2856 et
783 2817 953 2872 opera
987 2803 1109 2856 ruri
1144 2802 1399 2871 duriora3

242 2891 415 2942 quare
444 2874 543 2942 qui
573 2890 641 2927 ex
680 2873 895 2928 urbana
918 2873 1136 2928 familia
1171 2873 1398 2944 gravius

242 2945 379 3014 quid
433 2944 799 3013 deliquissent
852 2946 1097 3002 rusticae
1151 2945 1399 3000 familiae

246 3017 619 3072 addebantur.

614 3129 848 3186 Satira
881 3129 1031 3184 Vm.

313 3227 477 3296 Quod
514 3244 731 3296 semper
778 3225 903 3281 fieri
938 3226 1099 3294 solet,
1150 3243 1275 3281 cum
1312 3243 1397 3280 re-

240 3315 369 3354 rum
423 3299 779 3368 publicarum
840 3303 1019 3352 status
1071 3302 1130 3352 ct
1176 3297 1398 3351 ordines

242 3371 509 3426 violentis
553 3370 832 3425 bellorum
873 3369 1119 3424 motibus
1166 3369 1399 3424 turban-

242 3445 356 3510 tur,
406 3446 473 3496 ut
518 3459 587 3496 ex
634 3441 826 3496 infima
876 3441 1045 3495 etiam
1091 3440 1257 3510 plebe
1302 3441 1398 3495 ho·

240 3513 419 3568 mines
478 3529 611 3568 casu
666 3512 756 3567 vel
786 3567 795 3573 ,
826 3511 1089 3566 fortunae
1151 3512 1398 3567 ludibrio

240 3591 534 3656 emergant
587 3584 933 3654 corrasisque
986 3585 1203 3654 magnis
1256 3583 1399 3638 divi-

240 3657 337 3710 tiis
367 3675 497 3715 eam¹
526 3657 635 3712 sibi
668 3656 967 3711 concilient
1002 3655 1399 3710 auctoritatem

243 3745 412 3797 quam
484 3728 839 3783 coniunctam
906 3745 1125 3798 semper
1195 3728 1399 3782 scimus

241 3817 367 3854 cum
418 3799 653 3868 divitiis,
698 3799 757 3854 id
803 3797 1015 3854 Romae
1070 3804 1127 3855 et
1174 3798 1398 3853 Horatii

242 3875 431 3925 aetate
484 3888 650 3941 saepe
707 3871 921 3925 factum
978 3887 1095 3926 esse
1148 3871 1397 3925 taedium

240 3946 503 4011 testatur,
545 3960 655 4011 quo
690 3943 825 3998 boni
862 3959 1027 4012 saepe
1070 3943 1219 3997 cives
1254 3941 1398 3997 moti

240 4013 311 4069 de
348 4015 674 4085 arrogantia
714 4019 773 4070 et
813 4015 1111 4070 insolentia
1156 4015 1397 4069 divitum

240 4084 653 4153 libertinorum,
692 4086 933 4140 aliorum
973 4086 1033 4140 id
1080 4103 1255 4156 genus
1300 4087 1397 4140 ho-

240 4157 457 4212 minum
474 4158 977 4227 conquerebantur.
1016 4157 1228 4228 Nempe
1250 4157 1397 4226 „for-

239 4233 382 4283 tuna
416 4247 529 4284 non
565 4233 749 4284 mutat
772 4229 981 4300 genus“
1021 4229 1224 4299 (Epod.
1246 4231 1297 4297 4,
1320 4230 1395 4298 6).

241 4299 437 4354 Talem
470 4300 580 4355 tibi
618 4301 805 4371 cogita
843 4301 993 4355 hunc
1016 4300 1397 4368 Nasidienum,

242 4371 403 4425 cuius
442 4389 637 4427 cenam
672 4373 735 4426 in
770 4372 877 4427 hac
913 4371 1087 4426 satira
1128 4371 1395 4427 Horatius

240 4441 555 4506 Fundani0‚
606 4443 815 4499 comico
863 4449 1048 4514 poeta,
1087 4443 1397 4514 interprete

242 4513 555 4584 descripsit.
591 4515 647 4570 Is
682 4515 831 4571 enim
870 4532 1001 4571 casu
1024 4513 1205 4587 magis
1230 4533 1398 4584 quam

241 4585 463 4640 meritis
522 4587 677 4642 dives
730 4587 911 4643 factus
979 4605 1105 4644 cum
1160 4587 1399 4657 pecunia

1488 1441 1680 1494 omnia
1713 1441 1922 1509 parari,
1955 1455 2130 1510 genus
2174 1443 2232 1494 et
2265 1439 2504 1494 formam
2540 1439 2638 1494 do-

1489 1513 1616 1565 nari
1669 1511 1921 1566 crederet
1967 1509 2170 1580 (Epist.
2217 1510 2262 1577 Ι,
2310 1511 2361 1578 6,
2413 1511 2483 1563 36
2521 1509 2643 1580 sq.),

1490 1583 1549 1636 in
1587 1582 1986 1637 consuetudine
2033 1582 2309 1636 nobilium
2347 1586 2404 1637 et
2452 1581 2642 1636 docto-

1490 1673 1620 1708 rum
1672 1655 1959 1707 hominum
2021 1654 2190 1708 aliam
2239 1654 2466 1722 insuper
2522 1653 2642 1724 glo-

1490 1726 1676 1781 riandi
1733 1741 1955 1780 causam
2009 1723 2346 1794 quaesivisse
2397 1724 2638 1780 videtur.

1492 1796 1677 1865 Quare
1732 1797 2112 1852 Maecenatem
2166 1796 2456 1866 clarosque
2510 1814 2641 1866 poe·-

1490 1874 1596 1938 tas‚
1632 1868 1866 1923 Varium
1918 1873 1975 1924 et
2010 1867 2366 1922 Fundanium
2414 1867 2554 1936 (Sat.
2595 1868 2639 1933 Ι,

1497 1943 1582 2009 10,
1620 1941 1714 2010 42)
1757 1941 1871 1996 iam
1921 1940 2140 2010 saepius
2193 1939 2431 1995 fortasse
2473 1940 2550 1994 ad
2585 1957 2644 1995 se

1492 2012 1860 2081 invitaverat3
1897 2011 1994 2066 sed
2028 2029 2160 2067 cum
2194 2011 2338 2065 illud
2372 2011 2523 2080 quod
2555 2027 2643 2066 ar-

1492 2084 1690 2138 denter
1744 2087 1974 2154 cuperet
2028 2083 2258 2138 tandem
2311 2087 2456 2136 esset
2501 2099 2643 2137 asse·

1492 2159 1654 2210 cutus
1671 2196 1683 2218 ‚
1753 2171 1881 2209 cum
1947 2155 2237 2209 Maecenas
2307 2155 2643 2222 importunis

1492 2227 1611 2282 eius
1647 2227 1908 2296 precibus
1948 2227 2144 2282 cedere
2167 2225 2395 2280 tandem
2421 2230 2644 2280 coactus

1494 2303 1656 2366 esset,
1692 2299 1978 2368 ingentem
2015 2298 2265 2353 convivis
2297 2297 2519 2352 ridendi
2557 2313 2644 2352 co-

1493 2371 1645 2440 piam
1682 2371 2064 2439 praebuerunt
2100 2369 2218 2424 eius
2245 2373 2492 2440 agrestes
2527 2386 2642 2424 mo-

1492 2459 1600 2508 res,
1640 2459 1786 2497 vana
1821 2443 1882 2495 in
1908 2441 2262 2496 ostendendis
2299 2440 2498 2510 opibus
2534 2440 2644 2496 ele·

1492 2513 1712 2584 gantia,
1769 2514 1980 2567 rustica
2029 2513 2090 2567 in
2133 2512 2426 2566 laudandis
2475 2511 2642 2568 rebus

1494 2584 1836 2656 arrogantia.
1875 2585 2032 2640 Duae
2069 2585 2250 2653 igitur
2285 2601 2376 2638 res
2415 2583 2646 2639 fuerunt

1494 2675 1638 2726 quae
1674 2657 1972 2710 Horatium
2024 2661 2090 2711 ut
2139 2656 2457 2710 convivium
2500 2655 2644 2710 illud

1494 2728 1730 2783 ridicule
1794 2728 2136 2782 describeret
2200 2728 2466 2782 videntur
2518 2744 2643 2797 per-

1492 2799 1762 2868 movisse3
1799 2817 1865 2854 ac
1899 2801 2144 2868 primum
2183 2799 2408 2868 quidem
2444 2803 2510 2853 ut
2535 2799 2642 2853 Na·-

1492 2871 1834 2926 sidienorum
1859 2873 2288 2940 perversitatem
2318 2871 2643 2939 aequalibus

1493 2943 1786 2998 ridendam
1840 2943 2134 3013 praeberet
2193 2943 2541 3012 aliorumque
2595 2943 2643 2996 si

1491 3014 1617 3069 fieri
1651 3019 1842 3084 posset
1887 3015 2148 3069 stolidam
2194 3015 2522 3068 iactantiam
2559 3031 2644 3068 sa-

1491 3091 1682 3153 naret,
1737 3085 1937 3140 deinde
1991 3103 2102 3155 quo
2147 3085 2486 3154 Maecenati,
2545 3085 2642 3156 qui

1492 3157 1784 3213 Nasidieni
1833 3157 2119 3227 imperitia
2169 3162 2226 3211 et
2264 3157 2492 3226 ineptiis
2527 3174 2644 3212 ma-

1490 3247 1738 3300 gnopere
1799 3234 1944 3284 esset
2011 3229 2319 3283 delectatus
2336 3269 2349 3291 ‚
2419 3232 2644 3299 gratam

1492 3302 1611 3355 eius
1651 3301 1896 3356 convivii
1920 3300 2246 3355 memoriam
2271 3305 2641 3356 conservaret.

1490 3373 1559 3426 In
1596 3390 1708 3442 qua
1745 3389 1806 3427 re
1841 3372 1986 3426 illud
2009 3373 2309 3426 tenendum
2337 3377 2438 3440 est,
2463 3373 2643 3426 multa

1491 3444 1643 3498 haud
1681 3443 1850 3498 dubie
1873 3444 2142 3498 Romanis
2175 3442 2494 3514 hominibus
2527 3461 2642 3498 ma-

1532 3517 1578 3570 is
1620 3515 1860 3570 ridicula
1903 3516 2024 3568 visa
2077 3532 2194 3570 esse
2250 3532 2420 3584 quam
2481 3515 2641 3570 nobis

1530 3605 1562 3641 e
1620 3587 1855 3656 antiqua
1910 3587 2270 3641 instruendae
2327 3603 2496 3640 cenae
2555 3604 2642 3641 ra-

1489 3659 1672 3724 tione,
1717 3658 1788 3713 de
1833 3657 2174 3713 ferculorum
2215 3663 2368 3712 recto
2419 3658 2642 3723 ordine,

1491 3731 1562 3784 de
1607 3731 1861 3784 ciborum
1903 3729 2046 3785 bene
2099 3734 2158 3784 et
2215 3730 2502 3813 eleganter
2543 3747 2641 3799 pa-

1490 3801 1795 3857 randorum
1817 3805 1876 3856 et
1894 3801 2280 3871 ponendorum
2304 3805 2451 3855 iusto
2471 3801 2640 3855 modo

1490 3891 1604 3928 non
1648 3874 1785 3928 satis
1833 3874 2140 3928 instructis.
2213 3871 2513 3927 Praeterea
2559 3877 2642 3926 ta·

1489 3961 1618 3999 men
1673 3945 1815 4000 bene
1881 3945 2052 3999 velim
2113 3944 2400 4008 observes,
2471 3943 2642 4012 quam

1490 4017 1718 4088 egregie
1781 4017 2050 4072 Horatius
2119 4017 2218 4084 qui
2286 4016 2405 4086 ipse
2475 4031 2644 4071 cenae

1490 4106 1604 4143 non
1641 4089 1903 4143 interfuit
1935 4088 2150 4144 comico
2187 4093 2386 4157 poetae
2418 4087 2641 4140 Funda-

1489 4160 1585 4214 nio
1632 4177 1751 4215 rem
1809 4159 2148 4214 narrandam
2201 4158 2643 4228 demandaverit,

1492 4232 1702 4301 quippe
1738 4233 1797 4287 in
1833 4233 1990 4286 cuius
2028 4248 2124 4287 ore
2163 4248 2306 4300 quae
2331 4234 2534 4285 natura
2557 4247 2640 4284 es-

1490 4309 1614 4358 sent
1649 4303 1887 4358 ridicula
1932 4303 2202 4358 maiorem
2247 4302 2418 4357 etiam
2463 4303 2640 4356 risum

1488 4375 1718 4430 cierent.
1821 4375 2035 4430 Deinde
2088 4375 2370 4444 sapienter
2421 4374 2643 4428 institu-

1488 4451 1612 4501 tum
1665 4449 1752 4501 est
1805 4447 1954 4516 quod
2009 4445 2350 4500 Maecenatis
2415 4449 2642 4515 praeter

1488 4535 1693 4573 nomen
1747 4518 1893 4573 nihil
1947 4521 2321 4586 memoratur3
2373 4517 2641 4572 nimirum

1490 4607 1564 4644 ne
1616 4590 1763 4644 tanti
1806 4591 1920 4644 viri
1961 4589 2212 4662 gravitas
2259 4589 2412 4659 apud
2463 4605 2641 4660 popu-
