3092 5059
1055 253 1212 326 LIB.
1256 255 1307 326 1.
1351 253 1622 327 EPIST.
1669 253 1742 326 V.

2472 257 2596 328 515

298 445 675 547 Supremo
730 460 809 522 te
856 447 1019 524 sole
1075 447 1307 543 domi,
1350 447 1764 548 Torquate,
1823 449 2177 524 manebo,

299 571 505 647 Vina
552 574 769 648 bibes
823 574 1103 648 iterum
1154 573 1409 648 Tauro
1466 573 1746 648 diffusa
1798 572 2172 673 palustres

220 728 247 766 s
300 696 511 772 Inter
562 697 989 774 Minturnas
1044 697 1746 796 Sinuessanumque
1801 697 2216 774 Petrinum.

307 820 389 897 Si
440 822 710 898 melius
768 823 957 923 quid
1003 823 1263 916 habes,
1316 847 1617 898 arcesse
1670 823 1790 898 vel
1842 824 2254 923 imperium
2299 824 2438 899 fer.

299 946 767 1023 Iamdudum
818 948 1175 1048 splendet
1232 948 1449 1022 focus
1506 963 1582 1024 et
1635 948 1774 1024 tibi
1824 949 2115 1024 munda
2167 947 2540 1045 supellex.

306 1073 529 1148 Mitte
580 1073 788 1148 leves
840 1099 1014 1172 spes
1064 1087 1140 1149 et
1191 1075 1609 1150 certamina
1663 1074 2104 1150 divitiarum

308 1194 404 1268 Et
451 1197 750 1272 Moschi
804 1223 1144 1295 causam3
1196 1223 1363 1274 cras
1418 1214 1598 1274 nato
1652 1197 1983 1276 Caesare
2030 1201 2272 1275 festus

198 1349 255 1388 10
303 1319 453 1396 Dat
504 1323 806 1397 veniam
866 1349 1375 1422 somnumque
1429 1325 1634 1420 dies;
1690 1325 2006 1423 impune
2058 1323 2322 1398 licebit

298 1444 699 1522 Aestivam
760 1472 1113 1524 sermone
1166 1449 1497 1546 benigno
1551 1448 1868 1524 tendere
1923 1463 2288 1540 noctem.-

309 1569 482 1662 Quo
538 1571 727 1645 mihi
782 1573 1197 1668 fortunam,
1252 1573 1316 1648 si
1360 1599 1514 1648 non
1571 1573 2015 1648 conceditur
2065 1575 2228 1648 uti?

194 1817 455 1872 deditum
492 1817 725 1887 habeas;
762 1817 823 1874 id
860 1819 1012 1888 quod
1048 1836 1162 1874 non
1224 1820 1351 1876 auci

198 1890 539 1958 interpretes
576 1907 643 1944 ex
680 1890 787 1944 hac
818 1891 1061 1961 epistula
1085 1896 1143 1945 et
1169 1837 1351 1946 gurm.

196 1961 295 2026 lv,
323 1963 354 2014 7
396 1967 548 2016 recte
584 1961 692 2015 sibi
734 1961 1073 2017 videbantur
1114 1961 1351 2018 efficere.

198 2032 287 2086 De
320 2049 425 2087 usu
464 2033 627 2088 verbi
654 2049 815 2102 posse
850 2034 921 2090 cf.
958 2034 1139 2104 Epod.
1176 2036 1227 2103 9,
1267 2037 1350 2089 14.

198 2103 369 2175 Verg.
425 2103 617 2158 Bucol.
643 2107 697 2173 7,
736 2107 819 2158 10.
910 2108 1051 2160 Aen.
1090 2105 1189 2173 XI,
1228 2107 1351 2161 30¹7.

197 2205 273 2214 —
309 2175 631 2246 Archiacis]
684 2193 719 2231 a
754 2175 917 2230 fabro
964 2177 1208 2245 quodam
1243 2179 1351 2231 Ar·

200 2247 331 2302 chia
367 2247 655 2316 confectis,
691 2248 1055 2317 simplicibus.
1092 2265 1205 2302 non
1229 2265 1353 2318 pre·

200 2319 378 2373 tiosis.
418 2347 483 2357 -
522 2318 677 2373 holus
712 2320 889 2389 omne]
932 2321 1351 2389 qualecumque.

201 2389 567 2443 Promittitur
632 2391 817 2444 tenuis
880 2407 1033 2454 cena,
1094 2391 1192 2446 sed
1251 2409 1353 2446 nos

201 2477 425 2530 quoque
448 2479 573 2516 cum
597 2463 804 2516 amicos
829 2462 1149 2527 invitamus,
1174 2480 1354 2532 pauca

200 2534 602 2603 promittimus,
657 2533 824 2602 plura
880 2535 1228 2604 apponimus.
1285 2563 1351 2573 -

198 2619 453 2674 supremo
492 2604 634 2673 sols]
668 2606 741 2659 ad
774 2622 1031 2660 occasum
1068 2611 1353 2678 vergente.

204 2675 533 2730 Contrarias
605 2683 691 2731 est
760 2679 841 2732 sol
909 2679 1127 2746 primus
1205 2678 1355 2747 apud

203 2746 472 2802 Ovidium
527 2747 659 2802 Met.
704 2747 803 2816 IX,
848 2750 944 2817 933
1011 2749 1219 2803 medius
1277 2749 1357 2803 sol

200 2817 627 2945 3295..
666 2821 735 2946 ᾗ
761 2819 1019 2946 ¹3..V³‘1¹10
1056 2821 1128 2945 3⁶
1162 2821 1354 2945 ἔξω·

290 2929 306 2957 9
433 2930 448 2959 9
568 2931 581 2944 ·
732 2933 745 2944 ·
892 2933 905 2946 ·
1010 2931 1025 2959 2
1100 2935 1112 2957 ι
1233 2930 1247 2944 ·
1284 2921 1353 2931 ’-

198 2960 427 3030 iter-um]
486 2979 560 3017 sc.
600 2962 841 3018 consule.
926 2963 1019 3017 Sic
1058 2963 1354 3033 capitolin.

200 3033 306 3087 vit.
346 3033 554 3087 Pertin.
591 3036 653 3087 4:
703 3034 883 3103 „Quia
926 3036 1023 3089 ille
1068 3039 1213 3089 esset
1252 3036 1355 3090 ite·

200 3121 349 3171 rum,
386 3122 511 3158 cum
547 3104 816 3160 Pertinax
871 3105 1052 3160 factus
1086 3107 1225 3160 est.“
1284 3135 1357 3146 —-—

204 3176 523 3245 Petrinum]
577 3178 767 3245 „vicus
816 3183 874 3232 et
919 3179 1071 3232 locus
1120 3179 1179 3231 in
1216 3195 1353 3250 agro

204 3247 501 3302 Falerno.“
595 3249 868 3318 Porphyr.
972 3249 1080 3304 Sed
1146 3249 1354 3304 Comm.

196 3319 409 3387 ·Cruq.=
455 3318 751 3386 „Petrinus
787 3337 944 3374 mons
982 3327 1041 3374 et
1076 3319 1357 3376 Sinuessa·

203 3407 313 3444 nae
349 3391 568 3444 civitati
626 3393 921 3446 imminens
956 3392 1044 3446 vel
1100 3409 1237 3464 ager
1274 3392 1355 3447 Si-

206 3477 440 3516 nuessae
476 3463 747 3517 vicinus.“
828 3463 1011 3518 Hodie
1056 3469 1141 3518 est
1176 3463 1357 3518 Rocca

206 3533 272 3588 di
294 3533 467 3588 monti
485 3534 725 3605 Ragoni.
760 3533 1044 3589 Mediocre
1062 3536 1253 3589 vinum
1272 3540 1358 3590 est

205 3610 281 3673 et,
319 3605 471 3674 quod
512 3607 781 3675 suspicari
829 3608 979 3675 licet,
1021 3625 1133 3661 non
1188 3607 1357 3662 nimis

204 3693 417 3731 novum
474 3677 571 3731 sed
635 3683 903 3747 quattuor
962 3678 1053 3733 vel
1110 3679 1357 3748 quinque

209 3764 385 3802 annos
430 3753 642 3803 natum.
702 3779 771 3789 —
832 3749 927 3818 δι’]
987 3750 1055 3803 In
1104 3751 1262 3805 codd.
1300 3757 1357 3805 et

206 3819 403 3873 multis
462 3819 801 3875 editionibus
864 3822 1042 3876 veluti
1106 3821 1355 3889 Linkeri‚

208 3891 439 3956 Ritteri,
488 3891 830 3947 Doederlinii
866 3894 971 3960 sin,
1022 3911 1133 3963 quo
1168 3899 1357 3948 tamen

206 3962 483 4018 vocabulo
546 3963 813 4018 Horatius
877 3982 1009 4018 usus
1067 3982 1185 4020 esse
1242 3983 1357 4020 non

206 4033 450 4089 videtur.
524 4033 646 4089 Hoc
679 4036 801 4090 loco
840 4037 921 4090 sic
966 4038 1237 4106 scriptum
1273 4043 1357 4091 est

208 4105 281 4160 ab
316 4105 387 4159 iis
426 4105 523 4174 qui
548 4107 955 4176 oppositionem
990 4125 1157 4176 quam
1192 4109 1355 4162 intel·

208 4179 463 4249 legerent
498 4178 667 4232 etiam
714 4179 1029 4248 exprimere
1077 4181 1355 4249 particula

206 4250 437 4304 vellent.
515 4248 743 4304 locatur
776 4257 964 4305 autem
1005 4256 1191 4321 poeta,
1229 4269 1356 4306 cum

207 4321 291 4376 sic
326 4319 548 4375 scribit:
596 4323 715 4376 noli
752 4322 903 4376 enim
948 4339 1073 4376 cum
1114 4323 1238 4376 aliis
1272 4324 1355 4376 in-

206 4392 513 4462 terpretari
565 4408 775 4448 arcesse
823 4409 906 4448 mc
952 4394 1027 4447 ad
1067 4400 1149 4462 ως
1206 4394 1357 4465 apud

209 4463 511 4518 Horatium
547 4480 681 4519 cena
718 4464 829 4518 iam
876 4469 1079 4534 parata
1130 4471 1229 4520 est.
1288 4495 1355 4506 -

208 4536 501 4605 imperium
523 4535 631 4604 fer]
666 4551 796 4591 nam
834 4537 931 4607 qui
966 4553 1156 4591 cenam
1194 4554 1357 4606 para-

210 4607 313 4680 vit,
367 4607 627 4662 dominus
684 4615 769 4662 est
813 4609 1055 4662 convivii
1099 4607 1237 4678 (Sat.
1286 4609 1359 4671 11,

1444 1821 1495 1886 8,
1536 1821 1632 1887 93)
1667 1823 1726 1876 et
1774 1819 1937 1888 quasi
1981 1819 2239 1888 imperat.
2299 1847 2366 1858 ·-—
2426 1818 2599 1888 splen-

1444 1891 1558 1960 det]
1618 1891 1688 1946 cf.
1741 1891 1921 1946 Carm.
1965 1890 2058 1954 IV,
2106 1893 2202 1959 11,
2245 1891 2296 1944 6.
2346 1918 2412 1929 -
2463 1889 2597 1957 tibi]

1445 1963 1515 2018 de
1553 1963 1750 2019 ordine
1775 1963 2074 2018 verborum
2115 1977 2377 2030 compara
2411 1959 2526 2015 Sat.
2552 1961 2597 2028 1,

1447 2037 1498 2102 5,
1520 2037 1608 2089 49.
1646 2036 1805 2100 6,65.
1847 2037 1898 2098 8,
1927 2037 2013 2088 84.
2065 2063 2130 2072 --
2182 2033 2482 2088 certamina
2516 2032 2600 2086 ai-

1444 2105 1734 2175 vitiarum]
1781 2105 1901 2160 Hoc
1938 2122 2160 2176 quoque
2195 2105 2379 2158 iocose
2415 2110 2474 2159 et
2514 2105 2598 2157 in·

1444 2182 1714 2234 nocenter
1767 2178 1982 2232 dictum
2025 2182 2113 2232 est
2149 2175 2243 2246 (cf.
2283 2175 2463 2230 Carm.
2501 2175 2596 2245 IV,

1452 2251 1533 2316 12,
1553 2249 1662 2318 25),
1699 2267 1878 2318 neque
1915 2249 2216 2318 quicquam
2252 2247 2405 2301 aliud
2441 2265 2598 2316 repe·

1446 2321 1705 2375 riendum
1753 2319 1846 2374 hic
1893 2325 1980 2374 est
2025 2320 2136 2374 nisi
2182 2319 2362 2374 amica
2403 2335 2471 2372 ac
2523 2318 2600 2372 le·

1446 2392 1583 2462 pida
1609 2391 1937 2459 admoniti0,
1975 2397 2040 2445 ut
2074 2407 2266 2446 omnes
2293 2407 2452 2444 curas
2479 2391 2598 2459 qui-

1446 2464 1552 2518 bus
1589 2465 1769 2518 soleat
1802 2465 1983 2518 teneri
2018 2463 2126 2517 hoc
2161 2461 2254 2516 die
2287 2461 2483 2516 mittat
2515 2465 2600 2514 to·

1446 2539 1682 2605 tumque
1717 2553 1776 2589 se
1813 2534 1983 2588 dedat
2010 2536 2190 2588 amico
2221 2538 2279 2588 et
2304 2533 2598 2588 hilaritati.

1448 2606 1533 2660 De
1559 2607 1956 2663 certaminibus
1981 2606 2310 2659 divitiarum
2337 2621 2601 2674 compara

1449 2677 1566 2738 Sat,
1587 2678 1631 2740 1,
1657 2681 1704 2745 1,
1734 2681 1836 2732 113
1861 2695 1944 2748 sq.
2017 2677 2110 2731 Ad
2154 2677 2478 2748 genetivum
2517 2675 2599 2728 di-

1447 2750 1714 2804 uitiarum
1751 2749 1820 2804 cf.
1849 2749 1972 2803 Liv.
2009 2749 2056 2818 I,
2089 2751 2151 2802 17
2165 2767 2176 2801 :
2221 2753 2482 2817 „patrum
2518 2748 2600 2801 in·

1447 2822 1616 2875 terim
1655 2822 1869 2875 animos
1905 2827 2174 2875 certamen
2207 2821 2368 2889 regni
2404 2837 2472 2873 ac
2508 2836 2600 2873 cu-

1448 2893 1582 2962 pido
1601 2891 1912 2946 versabat.“
1931 2921 2003 2931 —
2022 2891 2264 2960 Moschi]
2302 2891 2446 2958 „Hic
2468 2891 2600 2944 Per·
2665 2952 2672 2960 ,

1448 2981 1716 3035 gamenus
1738 2965 1849 3018 fuit
1872 2963 2068 3017 rhetor
2089 2963 2434 3016 notissimus:
2472 2979 2600 3016 reus

1450 3035 1706 3090 veneficii
1728 3035 1860 3103 fuit,
1884 3036 2042 3089 cuius
2063 3051 2285 3088 causam
2310 3051 2377 3088 ex
2401 3034 2601 3103 primis

1448 3112 1586 3161 tunc
1609 3112 1862 3161 oratores
1887 3125 1918 3160 e
1959 3110 2140 3171 erunt,
2166 3105 2484 3174 Torquatus
2508 3105 2602 3159 hic

1452 3183 1509 3232 et
1546 3180 1776 3233 Asinius
1814 3178 1918 3232 Pol
1941 3179 2049 3232 i0.“
2122 3177 2327 3247 Porph.
2368 3177 2432 3229 In
2459 3176 2602 3231 hanc

1450 3251 1628 3321 igitur
1687 3267 1909 3304 causam
1963 3249 2282 3318 Torquatus
2337 3264 2601 3318 mag-nam

1451 3339 1642 3376 curam
1679 3327 1736 3376 et
1784 3321 2136 3391 diligentiam
2185 3320 2486 3374 contulisse
2519 3319 2601 3373 vi-

1451 3393 1635 3448 detur.
1657 3423 1726 3432 —
1753 3391 1850 3447 dat
1875 3391 2114 3460 veniam]
2152 3392 2286 3461 quia
2319 3391 2601 3445 iustitium

1452 3470 1591 3519 erat.
1629 3493 1702 3505 -
1755 3464 1966 3518 tendere
1997 3463 2234 3532 noctem]
2289 3463 2602 3532 transigere

1450 3536 1720 3662 seusu
1741 3533 2380 3660 finguassifflssoeffi‘sss
2387 3533 2598 3660 ‘20⁰⁸-

1535 3649 1550 3676 ,
1695 3649 1708 3660 .
1859 3625 1916 3661 vi
1959 3649 1969 3660 .
2133 3641 2147 3656 .
2296 3646 2311 3673 ,
2459 3646 2471 3659 .
2531 3635 2598 3644 —

1450 3679 1736 3748 aestivam]
1761 3678 2027 3733 Meinekii
2047 3678 2422 3732 coniecturam
2446 3679 2598 3744 festi-

1449 3767 1572 3805 vam
1607 3750 1886 3804 Linkerus
1923 3755 1982 3804 et
2014 3749 2208 3803 Lehrs.
2243 3753 2603 3818 receperunt;

1452 3822 1693 3876 offendit
1757 3827 1946 3876 autem
2015 3821 2373 3888 Meinekium,
2447 3821 2600 3889 quod

1448 3893 1606 3948 nullo
1663 3899 1830 3962 pacto
1881 3892 2028 3947 effici
2072 3893 2264 3962 possit,
2321 3896 2386 3946 ut
2441 3899 2599 3947 autu-

1450 3965 1654 4019 mnalis
1687 3981 1800 4019 nox
1835 3964 1938 4018 fiat
1982 3965 2209 4019 aestiva.
2286 3963 2352 4017 In
2393 3981 2503 4032 qua
2539 3981 2602 4018 re

1450 4037 1616 4090 nimis
1671 4038 1868 4090 anxius
1915 4037 2053 4104 fuit3
2111 4053 2180 4090 ne
2221 4053 2323 4090 nos
2375 4034 2600 4104 quidem

1449 4108 1774 4162 dubitamus
1821 4107 2200 4162 autumnalem
2245 4112 2483 4169 noctem,
2529 4107 2601 4160 si-

1450 4179 1676 4250 quidem
1731 4179 1914 4234 calida
1967 4187 2054 4234 est
2103 4197 2168 4232 ac
2215 4178 2384 4244 mitis,
2439 4179 2602 4232 aesti-

1450 4269 1580 4307 vam
1618 4250 1917 4320 appellare.
1977 4279 2043 4290 —
2097 4265 2202 4319 quo
2248 4250 2383 4302 mihi
2426 4251 2600 4316 fortu-

1450 4322 1604 4392 nam]
1655 4339 1728 4376 sc.
1771 4323 1961 4377 datam
2007 4337 2124 4375 esse
2170 4321 2412 4386 credam3
2470 4336 2602 4374 nam

1452 4410 1560 4464 quo
1597 4394 1656 4446 in
1693 4394 1798 4448 hac
1835 4393 2079 4447 formula
2133 4395 2218 4446 est
2261 4391 2405 4460 quoi,

1451 4481 1586 4520 sum.
1639 4463 1732 4519 Sic
1765 4481 1878 4518 non
1913 4480 2058 4518 raro.
2109 4463 2344 4517 Phaedr.
2378 4461 2476 4522 111.
2518 4464 2604 4524 18,

1450 4538 1512 4590 9:
1554 4535 1712 4604 „Quo
1747 4537 1840 4600 mi,
1879 4536 2080 4604 inquit,
2105 4539 2319 4588 mutam
2345 4532 2604 4603 speeiem,

1452 4609 1500 4662 si
1538 4609 1734 4663 vincor
1768 4607 1974 4664 sono?“
2015 4607 2132 4662 Cat.
2161 4606 2396 4661 Distich.
2421 4608 2474 4669 4,
2505 4607 2598 4662 16:
