3092 5059
1114 254 1275 320 Ll'B.
1319 252 1430 321 IV.
1477 250 1729 319 GARM.
1774 250 1891 317 IX.

2588 250 2708 317 271

812 438 1210 541 Urgentur
1257 441 1661 540 ignotique
1710 440 1949 539 longa

915 568 1181 663 Nocte,
1239 578 1500 643 carent
1556 565 1739 665 quia
1792 577 1964 640 vate
2016 588 2258 640 sacro.

711 717 1038 793 Paulum
1095 717 1441 813 sepultae
1495 716 1729 791 distat
1776 715 2101 791 inertiae

629 874 681 913 ιο
717 840 986 919 Celata
1038 843 1302 918 virtus.

1405 842 1583 918 Non
1635 865 1782 939 ego
1834 852 1909 915 te
1962 840 2151 917 meis

814 966 1118 1043 Chartis
1170 968 1609 1043 inornatum
1662 964 1904 1041 silebo

914 1094 1160 1169 Totve
1207 1106 1381 1167 tuos
1432 1091 1687 1192 patiar
1734 1090 2061 1175 labores.

708 1241 1062 1341 Impune,
1119 1242 1344 1338 Lolli,
1402 1266 1723 1342 carpere
1772 1238 2053 1316 lividas

710 1367 1182 1446 OblivioneS.

1285 1368 1418 1443 Est
1466 1367 1767 1441 animus
1818 1365 1963 1440 tibi

630 1524 682 1565 a
812 1495 1256 1593 Rerumque
1305 1489 1643 1594 prudens
1698 1502 1777 1566 et
1828 1488 2180 1613 secundis

913 1618 1427 1719 Temporibus
1481 1615 1895 1716 dubiisque
1947 1626 2220 1713 rectus,

715 1766 1024 1844 Vindex
1072 1791 1349 1844 avarae
1394 1764 1692 1840 fraudis
1744 1776 1819 1841 et
1870 1763 2261 1839 abstinens

709 1892 1074 1969 Ducentis
1126 1891 1227 1967 ad
1280 1916 1362 1967 se
1415 1902 1693 1966 cuncta
1740 1888 2133 1987 pecuniae,

812 2016 1256 2117 Consulque
1305 2043 1462 2092 non
1513 2015 1738 2092 unius
1794 2014 1977 2089 anni

626 2175 679 2217 ιο
913 2142 1066 2221 Sed
1123 2142 1472 2244 quotiens
1526 2141 1777 2217 bonus
1822 2152 2051 2239 atque
2099 2137 2297 2213 fidus

706 2292 950 2372 Iudex
1002 2295 1407 2369 honestum
1462 2290 1828 2393 praetulit
1874 2289 2069 2386 utili,

711 2419 1008 2495 Reiecit
1057 2417 1215 2492 alto
1270 2415 1476 2492 dona
1525 2416 1971 2493 nocentium

813 2542 1076 2639 Vultu,
1129 2568 1272 2641 per
1323 2542 1713 2619 obstantes
1768 2555 2111 2617 catervas

905 2656 1287 2767 Explicuit
1335 2694 1472 2745 sua
1523 2668 1768 2744 victor
1817 2692 2058 2743 arma.

633 2854 684 2893 ιι
720 2820 889 2896 Νοιι
947 2818 1470 2917 possidentem
1519 2818 1764 2893 multa
1807 2818 2207 2893 vocaveris

703 2947 936 3023 Recte
992 2947 1344 3041 beatum3
1393 2943 1676 3019 rectius
1730 2954 2057 3043 occupat

305 3186 532 3226 carmen
583 3168 973 3225 admirabilem
1013 3171 1072 3225 in
1121 3170 1460 3225 collocandis

305 3242 596 3298 vocabulis
633 3248 814 3297 artem
859 3246 1028 3312 poeta
1072 3243 1351 3311 probavit.
1391 3270 1458 3281 -

307 3330 380 3369 m·
415 3314 596 3384 mur]
635 3314 705 3370 cf.
744 3314 924 3369 Carm.
962 3314 1008 3382 1,
1044 3315 1131 3373 24.
1173 3318 1205 3367 5
1243 3331 1324 3381 sq.

377 3332 555 3440 §.29
487 3388 572 3439 29.
631 3385 890 3455 inertias]
947 3386 1172 3439 dativus
1227 3389 1340 3452 est,
1395 3386 1460 3437 ut

304 3456 421 3512 Sat.
442 3456 488 3519 1,
515 3462 566 3523 4,
595 3458 772 3512 48.-
806 3456 1038 3526 chartis]
1075 3456 1206 3509 vide
1241 3456 1314 3509 ad
1343 3454 1459 3509 Sat.

303 3529 352 3599 I,
395 3531 478 3597 10,
512 3530 563 3583 4.
621 3558 688 3569 -
743 3527 990 3598 impune]
1033 3526 1258 3583 Oblivio
1299 3526 1459 3597 quasi

305 3569 588 3669 q’uendam
615 3600 862 3654 animum
901 3617 968 3655 ac
991 3600 1340 3654 voluntatem
1363 3597 1458 3651 ha·

303 3672 405 3728 bet
457 3689 522 3727 ac
562 3677 838 3741 perpetuo
893 3671 1079 3725 studio
1121 3670 1311 3741 agitur
1355 3670 1458 3723 ho-

305 3744 524 3799 minum
560 3760 650 3798 res
684 3744 827 3797 bene
863 3748 1048 3826 gestas
1084 3740 1459 3825 opprimendi.

304 3815 455 3870 Huic
491 3816 590 3885 qui
625 3832 683 3869 sc
719 3815 973 3883 opponit,
1021 3814 1181 3884 quasi
1219 3813 1460 3883 castigat

301 3887 644 3942 oblivionem
680 3902 862 3954 neque
908 3886 1137 3955 impune
1183 3902 1304 3939 eam
1354 3885 1449 3938 ho·

303 3960 520 4014 minum
567 3959 895 4013 memoriam
949 3974 1177 4027 carpere
1222 3956 1456 4025 patitur.

303 4030 548 4085 Pluralis
586 4034 775 4083 autem
809 4046 1072 4084 numerus
1119 4029 1335 4097 positus
1373 4032 1459 4082 cst

304 4107 540 4171 propter
576 4100 877 4155 oblivionis
918 4101 1212 4155 continuos
1250 4100 1458 4154 exstin-

304 4173 561 4245 guendae
603 4173 788 4227 famae
831 4178 1080 4226 conatus.
1133 4200 1200 4211 --
1255 4171 1454 4241 rectus]

303 4243 820 4401 ἓῗὲέἱῗιῖῗᾝῖἒῗ
838 4242 1252 4370 ᾱΐὲἓὲωῗὲῗ
1289 4244 1457 4369 ‘⁰323

305 4388 434 4458 aa]
473 4388 559 4443 De
595 4388 781 4442 animo
813 4391 1079 4457 tanquam
1114 4387 1183 4440 de
1219 4402 1457 4455 persona
1493 4418 1512 4433 ι

303 4460 400 4529 loq
403 4460 580 4528 uitur3
654 4459 787 4513 inde
851 4460 1169 4529 appellatur
1231 4457 1456 4526 vindex,

303 4531 516 4592 consul.
541 4530 728 4601 iudex,
749 4531 949 4600 victor,
979 4530 1111 4585 inde
1142 4530 1312 4585 habet
1334 4529 1456 4584 vul·

303 4608 428 4660 tum
465 4608 526 4659 et
559 4620 734 4659 arma.
771 4602 860 4657 Ex
895 4620 1100 4675 magna
1141 4601 1248 4657 hac
1285 4600 1458 4655 Lollii

1562 3168 1918 3224 innocentiae
1938 3172 1994 3224 et
2018 3169 2392 3225 abstinentiae
2410 3168 2575 3225 laude
2599 3186 2713 3223 non

1562 3241 1753 3310 inique
1778 3240 2129 3308 indicaveris,
2153 3242 2267 3296 iam
2293 3246 2415 3295 tum
2446 3241 2507 3294 in
2534 3241 2710 3295 homi·

1563 3330 1697 3366 num
1721 3312 1995 3366 invidiam
2018 3312 2249 3367 incertis
2282 3312 2645 3367 rumoribus
2627 3330 2711 3367 ιιι·

1563 3383 1761 3439 cidisse
1782 3383 2053 3450 Lollium;
2092 3401 2260 3453 quam
2291 3384 2559 3439 Horatius
2585 3401 2712 3439 cum

1562 3454 1902 3511 immeritam
1926 3460 2173 3525 putaret,
2209 3455 2507 3511 defendere
2532 3457 2603 3509 ab
2627 3456 2710 3509 in·

1561 3526 1787 3582 nocenti
1823 3526 2049 3582 homine
2090 3526 2327 3583 fortasse
2363 3528 2561 3583 voluit.
2634 3526 2713 3581 Et

1545 3598 1809 3657 .Velleius
1852 3597 2091 3653 fortasse
2141 3617 2254 3654 non
2305 3600 2441 3653 satis
2494 3600 2713 3669 integer

1562 3675 1646 3724 est
1704 3669 1797 3724 vel
1848 3670 2007 3724 testis
2062 3671 2153 3725 vel
2210 3670 2581 3740 vituperator.
2644 3698 2710 3709 —-

1560 3742 1775 3810 cuncta]
1815 3740 2093 3796 Pecuniae
2116 3742 2339 3797 crimini
2364 3740 2534 3797 datur
2558 3741 2710 3810 quod

1562 3830 1860 3868 avarorum
1897 3813 2184 3868 hominum
2212 3820 2314 3883 est,
2349 3830 2592 3883 quorum
2618 3830 2711 3868 cu·

1560 3882 1769 3953 piditas
1806 3901 2095 3953 nunquam
2126 3903 2194 3940 ex
2236 3886 2402 3953 letur,
2427 3886 2617 3940 omnia
2638 3884 2713 3939 ad

1560 3973 1617 4011 se
1642 3956 1811 4025 rapit.
1848 3984 1915 3995 —
1952 3956 2162 4026 consul]
2195 3903 2541 4025 gonsul'atus,
2566 3973 2711 4010 sum·

1559 4044 1683 4082 mus
1720 4028 2103 4098 magistratus,
2142 4046 2417 4083 summum
2441 4029 2711 4082 honorem

1559 4100 1791 4169 tribuit3
1829 4099 1969 4154 dicit
2000 4100 2196 4170 igitur,
2218 4104 2435 4155 rectum
2462 4100 2711 4153 animum

1560 4172 1899 4241 sempiterno
1944 4188 2011 4226 ac
2060 4188 2275 4226 summo
2333 4172 2544 4230 honore
2590 4186 2709 4226 esse

1560 4243 1820 4313 dignum3
1860 4242 1931 4296 de
1966 4259 2077 4311 qua
2113 4260 2175 4297 re
2210 4242 2281 4297 cf.
2311 4242 2423 4297 Cic.
2450 4242 2613 4297 Tusc.
2634 4242 2711 4311 11,

1564 4316 1649 4378 17,
1676 4318 1765 4368 41.
1804 4312 1941 4367 Hor.
1978 4314 2158 4369 Carm.
2184 4314 2285 4383 111,
2304 4318 2354 4373 2,
2380 4316 2462 4367 19.
2493 4342 2560 4353 -
2594 4314 2711 4369 alto

1559 4384 1739 4455 vultu]
1770 4386 1957 4454 quoin
1986 4402 2079 4441 eas
2104 4403 2212 4453 res,
2239 4401 2379 4453 quas
2402 4384 2707 4439 contemni-

1567 4474 1710 4525 mus,
1728 4456 2012 4527 despicere
2028 4456 2286 4511 solemus.
2325 4456 2437 4512 Cic.
2456 4456 2617 4511 Tusc.
2638 4455 2710 4521 11,

1561 4531 1613 4593 4,
1638 4532 1717 4581 11.
1742 4558 1809 4569 -
1826 4528 2091 4598 catervas]
2118 4528 2397 4583 malorum
2418 4527 2711 4583 hominum

1562 4603 1622 4654 et
1656 4616 2014 4669 corrumpere
2049 4601 2408 4655 tentantium.
2438 4630 2505 4641 -
2544 4598 2709 4673 recte]
