3092 5059
485 229 607 293 144

1456 228 1917 297 CARMINUM

866 413 1209 491 Demittit
1257 426 1456 489 atras
1507 414 1735 491 belua
1786 416 2175 516 centiceps

795 570 845 611 ω
978 539 1228 615 Aures
1283 551 1359 615 et
1404 539 1672 615 intorti
1718 540 2016 639 capillis-

1078 664 1589 741 Eumenidum
1640 679 2084 742 recreantur
2126 669 2464 764 angues?

878 812 1082 905 Quin
1134 827 1211 891 et
1259 814 1763 893 Prometheus
1816 830 1892 893 et
1942 816 2249 918 Pelopis
2305 843 2583 914 parens

872 939 1098 1017 Dulci
1147 940 1502 1017 laborum
1558 940 1937 1039 decipitur
1988 968 2201 1039 sone,

974 1064 1134 1141 Nec
1187 1078 1404 1141 curat
1449 1063 1692 1142 Orion
1744 1066 2009 1143 leones

793 1219 847 1259 ιο
1079 1188 1241 1263 Aut
1291 1189 1601 1265 timidos
1653 1192 1949 1290 agitare
1998 1192 2285 1291 lyncas.

1576 1394 1775 1403 *ῳ-

1359 1512 1741 1601 CARMEN
1802 1518 2013 1603 XIV.

872 1678 1085 1754 Eheu
1137 1678 1477 1777 fugaces,
1531 1679 1913 1777 Postume,
1961 1683 2340 1777 Postume,

877 1804 1276 1880 Labuntur
1321 1804 1500 1881 anni
1554 1832 1695 1881 nec
1746 1807 1987 1905 pietas
2042 1835 2335 1885 moram

481 2020 617 2058 num
672 2003 963 2058 blanditiis
1009 2004 1375 2061 mulceantur.
1421 2034 1490 2046 -—-
1540 2006 1627 2061 de-

479 2076 653 2130 mittit
685 2075 870 2145 aures]
921 2075 1191 2134 Cerberus
1235 2082 1505 2147 perpetua
1547 2078 1628 2131 vi-

481 2146 724 2217 gilantis
771 2162 930 2201 aures
975 2152 1220 2202 arrectas
1265 2147 1458 2215 habet:
1508 2166 1628 2203 ear-

483 2219 636 2273 mina
672 2216 924 2273 efficiunt
945 2224 1008 2272 ut
1041 2220 1174 2287 quid
1200 2220 1276 2274 sit
1306 2238 1466 2274 suum
1492 2237 1627 2290 pau-

485 2291 658 2359 lisper
711 2290 924 2343 oblitus
977 2306 1140 2344 aures
1185 2291 1463 2345 demittat.
1537 2292 1630 2346 Sic

485 2378 628 2429 quae
664 2378 870 2431 angues
907 2362 966 2413 in
998 2361 1370 2418 Eumenidum
1409 2363 1628 2433 capillis

486 2439 760 2503 perpetuo
795 2436 953 2486 motu
990 2438 1252 2503 aguntur,
1286 2452 1356 2488 ne
1383 2452 1627 2503 unquam

482 2504 638 2557 mals.
683 2504 1078 2559 sceleratorum
1127 2506 1466 2561 conscientia
1508 2506 1627 2575 pla·

481 2580 666 2641 cetur,
719 2592 815 2629 eae
867 2576 1038 2629 etiam
1087 2574 1380 2632 dulcedine
1433 2583 1630 2632 cantus

481 2652 798 2701 recreantur
833 2646 870 2701 i.
907 2664 954 2701 e.
991 2647 1266 2702 desistunt
1293 2666 1334 2715 ‚a
1353 2649 1628 2704 movendo

484 2722 544 2773 et
602 2718 970 2786 stimuland03
1031 2735 1142 2787 qua
1206 2736 1267 2774 re
1330 2720 1629 2789 indicatur,

483 2790 656 2843 etiam
691 2789 864 2843 malos
901 2790 1186 2859 paulisper
1236 2792 1533 2846 criminum
1570 2797 1628 2847 et

481 2877 790 2929 poenarum
825 2860 1080 2915 oblivisci
1115 2866 1174 2916 et
1215 2864 1470 2917 recreari.
1529 2863 1628 2917 Ce-

483 2936 669 2986 terum
705 2932 976 2987 Cerberus
1007 2933 1178 3003 vulgo
1217 2935 1423 3004 triceps
1459 2933 1626 2989 habe-

483 3007 606 3071 tur,
660 3004 810 3073 apud
857 3004 1159 3058 Hesiodum
1197 3002 1627 3072 πεντηκοντακά-

483 3092 646 3143 ρηνος
679 3079 779 3130 est.
820 3075 1148 3130 Simillimus
1185 3077 1338 3132 locus
1375 3083 1458 3132 est
1490 3077 1626 3132 Hor.

487 3146 667 3200 Carm.
693 3146 792 3213 111,
828 3149 912 3214 11,
949 3148 1176 3203 17—29.
1213 3148 1306 3203 Sic
1339 3149 1476 3204 haec
1503 3166 1629 3204 cum

485 3217 799 3301 insequenti
832 3218 1156 3303 Promethei
1189 3226 1247 3274 et
1276 3219 1500 3275 Tantali
1537 3238 1629 3275 ex·

483 3289 684 3415 {bui-{lx
713 3288 1011 3430 52⁶ssth
1047 3293 1629 3419 ‘graeceuzzec—cozss:

486 3432 680 3487 iuncta
725 3437 870 3487 suut.
907 3432 976 3486 ef.
1016 3433 1088 3487 ad
1126 3434 1308 3489 Carm.
1346 3434 1419 3503 Π,
1455 3435 1508 3495 9,
1550 3437 1630 3488 17.

485 3504 770 3559 Bentleius
823 3520 891 3558 ex
953 3504 1112 3559 codd.
1175 3506 1421 3575 laborem,
1480 3506 1625 3575 quod

485 3574 1260 3703 tffioeinmffli‘nfflffl
1315 3577 1633 3703 ῗώῖ-,ἙΘΡΞΞ

487 3716 707 3771 Miiller.
730 3686 968 3773 la’borum
987 3724 1296 3774 servarunt.
1333 3750 1398 3759 -
1437 3718 1629 3789 Orion]

485 3805 720 3859 magnus
755 3788 892 3842 dum
926 3789 1072 3843 vixit
1119 3796 1367 3845 venator.
1439 3792 1631 3845 Solent

487 3864 675 3915 autem
721 3861 951 3915 umbrae
996 3878 1138 3929 quae
1191 3864 1252 3916 in
1307 3864 1426 3916 vita
1471 3867 1633 3917 erant

485 3932 672 3986 studia
728 3932 876 4000 apud
931 3932 1139 3987 inferos
1187 3933 1464 4003 persequi.
1539 3933 1631 3989 Sic

485 4004 645 4057 Hom.
689 4000 784 4057 Od.
833 4002 930 4071 XI,
977 4005 1100 4059 571.
1177 4005 1247 4059 cf.
1285 4004 1398 4059 Ver
1439 4046 1450 4058 .
1490 4007 1627 4059 Aen.
1696 4006 1707 4017 “

487 4073 582 4143 VI,
629 4074 730 4129 651
785 4091 906 4144 sqq.
956 4074 1118 4130 Ovid.
1173 4075 1309 4131 Met.
1364 4077 1390 4129 1
1449 4118 1464 4141 ‚
1507 4077 1629 4130 445.

488 4145 624 4200 Hor.
683 4146 862 4203 Carm.
909 4146 1010 4215 111,
1059 4151 1109 4215 4,
1163 4150 1250 4201 71.
1295 4176 1364 4187 --
1411 4162 1631 4217 angues,

486 4216 696 4288 lyncas]
733 4217 927 4273 Solent
955 4218 1092 4274 haee
1109 4219 1338 4273 nomina
1361 4219 1629 4274 feminino

487 4306 692 4359 genere
719 4291 1002 4359 usurpari3
1039 4308 1150 4345 non
1184 4290 1414 4346 dubium
1441 4296 1631 4345 tamen

489 4361 625 4429 quin
653 4360 920 4415 Horatius
955 4363 1323 4416 masculinum
1361 4363 1631 4432 posuerit,

489 4432 640 4501 quod
677 4431 994 4487 Priscianus
1037 4432 1246 4488 diserte
1280 4450 1348 4487 ex
1381 4434 1436 4487 h.
1473 4434 1509 4487 1.
1550 4433 1630 4488 af-

488 4502 618 4557 fert.
668 4502 880 4571 Optimi
915 4504 1086 4557 etiam
1126 4504 1340 4559 codices
1375 4506 1628 4559 maseuli·

487 4589 624 4632 num
663 4590 837 4642 genus
875 4578 1123 4629 tuentur.

2066 2052 2347 2106 Carmen
2382 2050 2529 2105 XIV.

1802 2146 1935 2213 Quis
1956 2144 2251 2202 Postumus
2273 2146 2463 2214 fuerit,
2484 2146 2553 2200 ad
2575 2163 2743 2216 quem
2768 2144 2878 2200 hoc

1730 2235 1951 2272 carmen
1989 2218 2253 2273 Horatius
2290 2219 2530 2287 scripsit,
2580 2218 2875 2272 nescimus.

1728 2288 1971 2343 Infirmis
2020 2290 2168 2344 enim
2215 2290 2527 2345 rationibus
2574 2289 2876 2356 ducuntur,

1731 2361 1828 2429 qui
1866 2361 2102 2416 eundem
2138 2379 2255 2416 esse
2292 2361 2615 2415 Postumum
2650 2364 2875 2431 putant,

1730 2432 1803 2486 ad
1846 2450 2007 2501 quem
2065 2432 2391 2502 Propertius
2444 2433 2573 2487 libr.
2624 2432 2706 2487 111
2751 2431 2873 2501 (lv)

1730 2504 1868 2574 eleg.
1898 2506 1961 2557 12
1982 2505 2235 2573 scripsit3
2269 2506 2315 2558 is
2346 2522 2393 2558 a.
2428 2506 2533 2557 732
2553 2505 2875 2574 Aug-ustum

1731 2575 1789 2628 in
1818 2576 2011 2629 Asiam
2043 2582 2101 2630 et
2132 2576 2348 2643 Syriam
2374 2580 2593 2631 secutus
2622 2580 2733 2641 est,
2765 2576 2871 2629 Ae·

1730 2646 1807 2700 lia
1844 2646 2007 2701 Galla
2036 2664 2209 2702 uxore
2230 2646 2440 2701 Romae
2478 2646 2692 2701 relicta.
2734 2645 2871 2701 Utut

1730 2726 1832 2786 est,
1864 2719 1971 2773 hoe
1998 2723 2212 2773 certum
2244 2717 2485 2786 videtur,
2512 2723 2740 2787 poetam
2761 2734 2873 2771 non

1730 2790 1969 2843 voluisse
2004 2792 2325 2859 vituperare
2362 2790 2620 2857 amicum,
2654 2789 2753 2844 sed
2780 2806 2868 2843 ex-

1730 2878 1986 2930 promere
2030 2879 2155 2915 suas
2211 2862 2385 2931 ipsius
2440 2862 2608 2915 animi
2665 2861 2871 2931 cogita-

1730 2933 1927 2986 tiones.
1992 2933 2366 3001 Conqueritur
2400 2934 2549 2987 enim
2586 2932 2658 2986 de
2690 2932 2871 2987 brevi-

1728 3009 1847 3058 tate
1881 3004 2049 3067 vitae,
2102 3004 2170 3059 de
2215 3005 2543 3059 necessitate
2578 3003 2871 3065 moriendi,

1729 3075 1799 3131 de
1834 3076 2109 3130 inanitate
2153 3076 2480 3131 inferorum.
2555 3074 2759 3130 Omnia
2790 3081 2872 3128 ta-

1730 3164 1859 3201 men
1884 3166 1919 3201 a
1942 3148 2109 3201 solita
2143 3148 2313 3201 animi
2336 3148 2625 3201 hilaritate
2652 3146 2875 3201 Horatii

1730 3234 2067 3289 magnopere
2126 3218 2396 3273 recedunt
2454 3223 2512 3273 et
2577 3218 2872 3273 tristitiam

1732 3290 2013 3359 quandam
2058 3290 2301 3360 sapiunt,
2337 3307 2505 3359 quam
2544 3306 2767 3373 semper
2806 3288 2873 3342 ab

1732 3362 1917 3416 animo
1964 3378 2062 3417 suo
2118 3361 2411 3416 excludere
2464 3378 2535 3415 ne
2578 3361 2711 3415 huic
2755 3361 2872 3429 qui·

1730 3433 1859 3488 dem
1900 3434 2169 3504 contigit..
2196 3462 2264 3473 -·
2306 3432 2491 3488 Media
2516 3432 2751 3501 stropha
2776 3432 2873 3485 hu—

1730 3504 1815 3558 ius
1854 3521 2072 3574 quoque
2122 3504 2385 3559 carminis
2422 3504 2668 3559 ostendit
2704 3508 2878 3573 caput

1728 3576 1833 3644 rei,
1890 3576 2039 3645 quod
2092 3577 2173 3630 sic
2224 3576 2569 3630 illustratum
2626 3574 2877 3629 videbis:

1730 3646 1922 3715 Neque
1974 3648 2291 3703 innocentia
2342 3649 2493 3702 vitae
2546 3648 2735 3714 (1--4)
2784 3664 2878 3700 ne—

1731 3735 1838 3788 que
1884 3736 2169 3774 sacrorum
2226 3719 2587 3774 multitudine
2640 3736 2675 3771 a
2726 3734 2879 3772 eom·

1730 3791 1885 3843 muni
1926 3792 2155 3844 humani
2200 3791 2421 3862 generis
2456 3794 2607 3845 sorte
2649 3792 2709 3843 te
2754 3790 2879 3843 vin·

1730 3861 1942 3916 dicebis
1980 3862 2230 3930 (5—12);
2268 3880 2397 3916 nam
2434 3862 2621 3931 aliqua
2652 3862 2879 3917 ratione

1731 3950 1879 3987 mors
1943 3933 2199 3988 obeunda
2250 3938 2337 3987 est
2388 3932 2695 4001 (13-16).
2786 3932 2881 3986 Ad

1730 4002 1939 4059 inferos
2002 4004 2355 4059 detrudimur
2416 4006 2506 4069 (1⁷
2526 4034 2587 4045 -
2612 4004 2734 4073 20),
2794 4022 2885 4058 re-

1730 4076 2035 4143 linquimus
2064 4076 2250 4130 omnia
2286 4090 2664 4145 quaecumque
2690 4075 2753 4129 in
2772 4076 2884 4131 hac

1729 4150 1884 4201 terra
1931 4165 2061 4201 cara
2112 4148 2377 4201 habemus
2429 4148 2721 4215 (el—24),
2784 4147 2881 4201 iis-

1731 4235 1839 4287 que
1874 4219 2163 4288 potientur
2196 4224 2325 4288 post
2372 4224 2625 4273 nostrum
2672 4218 2880 4272 disces·

1731 4306 1853 4344 sum
1882 4290 2113 4345 heredes
2162 4290 2448 4345 carissima
2492 4290 2653 4344 nobis
2706 4306 2879 4358 quae-

1731 4379 1839 4431 que
1872 4361 2275 4431 profundentes
2310 4364 2581 4430 (25-28).
2620 4388 2688 4402 -
2726 4360 2880 4428 Quo·

1730 4450 1861 4487 nam
1934 4450 2079 4488 anno
2150 4434 2289 4489 haec
2356 4438 2525 4503 poeta
2586 4432 2883 4501 scripserit

1730 4504 1842 4559 dici
1876 4507 2087 4574 nequit.

1800 4576 1865 4630 V.
1898 4580 1941 4630 1.
1978 4576 2099 4644 Quo
2132 4576 2319 4631 animo
2348 4575 2521 4630 fuerit
2550 4579 2720 4645 poeta
2750 4590 2881 4629 cum
