3092 5059
791 263 951 329 LIB.
998 263 1115 329 III.
1165 260 1418 329 OARM.
1460 260 1705 327 XVIII.
1754 261 1939 326 XIX.

2454 262 2575 325 211

577 450 814 527 Lenis
861 450 1174 526 incedas
1227 450 1607 548 abeasque
1662 448 1916 548 parvis
2022 432 2027 439 ⁵

774 576 1093 675 Aequus
1147 574 1500 668 alumnis,

535 756 566 797 ε
601 724 680 801 Si
729 734 949 799 tener
999 724 1231 821 pleno
1279 723 1488 799 cadit
1535 704 1830 799 haedus
1882 750 2108 819 anno,

575 848 830 945 Larga
883 875 1027 924 nec
1079 848 1354 924 desunt
1407 848 1733 923 Veneris
1786 847 2034 923 sodali

575 974 774 1050 Vina
829 987 1188 1069 craterae,
1243 986 1458 1049 vetus
1511 998 1647 1047 ara
1700 972 1943 1048 multo

774 1098 1049 1175 Fumat
1096 1099 1358 1175 odore.

569 1248 807 1325 Ludit
855 1247 1188 1323 herboso
1243 1274 1476 1349 pecus
1531 1273 1759 1322 omne
1814 1272 2108 1345 campe,

484 1408 540 1445 ιο
579 1376 774 1453 Cum
826 1373 970 1449 tibi
1017 1372 1284 1447 Nonae
1324 1372 1651 1449 redeunt
1702 1372 2203 1469 Decembres,

527 1504 532 1509 ’
572 1498 839 1576 Festus
891 1501 972 1573 in
1019 1498 1255 1595 pratis
1309 1510 1530 1573 vacat
1582 1499 1825 1573 otioso

772 1622 971 1701 Cum
1025 1624 1222 1699 bove
1273 1649 1562 1722 pagus;

573 1774 788 1849 Inter
829 1774 1160 1850 audaces
1209 1774 1438 1871 lupus
1492 1784 1697 1848 errat
1740 1798 2021 1869 agnos3

581 1897 892 1997 Spargit
941 1913 1282 1997 agrestes
1339 1898 1482 1974 tibi
1533 1898 1732 1975 silva
1780 1898 2127 1994 frondes;

487 2054 541 2095 ιε
581 2023 888 2102 Gaudet
929 2022 1252 2098 invisam
1309 2021 1697 2121 pepulisse
1744 2021 1997 2096 fossor

770 2146 920 2223 Ter
973 2148 1174 2245 pede
1223 2160 1532 2223 terram.

1045 2506 1426 2593 CARMEN
1486 2508 1709 2591 XIX.

577 2675 964 2768 Quantum
1021 2674 1248 2749 distet
1299 2673 1394 2748 ab
1449 2672 1734 2749 Inacho

165 2902 321 2969 pleno
365 2906 536 2976 anno]
584 2906 656 2961 ad
706 2906 876 2961 finem
919 2909 1201 2977 vergente.
1249 2938 1317 2947 —

173 2974 339 3045 cadit]
376 2978 676 3032 celeritate
711 2980 915 3033 mentis
949 2995 1092 3047 quae
1127 2978 1321 3034 futura

175 3050 296 3099 sunt
352 3049 680 3117 praesentia
748 3066 865 3104 esse
916 3050 1192 3105 videntur.
1251 3080 1317 3091 —

173 3120 429 3191 craterae]
491 3120 718 3191 Duplex
782 3126 867 3175 est
922 3120 1128 3175 forma:
1203 3140 1320 3177 cra-

173 3189 271 3255 ter,
305 3196 548 3247 cratem.
623 3192 693 3247 cf.
743 3192 856 3246 Sat.
906 3192 979 3261 11,
1027 3198 1079 3261 4,
1127 3194 1211 3248 80.
1251 3224 1318 3234 -

175 3263 312 3313 vetus
347 3264 478 3335 am]
515 3266 579 3318 in
615 3268 896 3319 vetustate
934 3265 1181 3335 dignitas
1218 3270 1319 3321 est.

178 3356 238 3367 —
273 3330 500 3390 herboso
535 3335 752 3405 campo]
789 3335 903 3390 Sub
947 3338 1072 3391 miti
1119 3336 1322 3392 Italiae

180 3402 322 3457 caelo
375 3410 505 3461 tum
558 3407 732 3461 etiam
775 3408 964 3471 virent
1014 3409 1212 3478 campi.
1249 3438 1319 3449 -

179 3473 426 3545 audaces]
497 3478 588 3533 dei
637 3478 959 3548 praesentia
1021 3479 1155 3550 agni
1208 3480 1321 3534 tuti

179 3550 300 3627 ‘mut
351 3552 526 3617 atque
588 3550 840 3619 audaces,
901 3551 1064 3621 lupus
1126 3557 1321 3606 contra

183 3620 324 3669 mltis
377 3625 548 3690 atque
593 3623 875 3677 innocens.
948 3623 1040 3677 Sic
1084 3628 1322 3694 augetur

183 3688 456 3751 perfectae
511 3694 944 3763 tranquillitatis
1000 3695 1320 3765 descriptio.

184 3782 242 3793 —
258 3758 462 3832 fossor]
489 3765 758 3835 agricola,
792 3766 1068 3834 imprimis
1093 3767 1322 3835 vinitor,

185 3840 339 3893 quem
348 3834 537 3891 Acron
550 3837 846 3891 intellexit.
864 3837 1101 3909 cf.Verg.
1121 3838 1322 3909 Georg.

183 3894 247 3959 II,
274 3902 393 3957 264.
425 3936 490 3947 -—
517 3908 795 3977 pepulisse
857 3904 1146 3979 ἆορίστως;
1193 3910 1322 3964 vide

186 3968 251 4021 ’ὀᾶ
284 3972 328 4033 Ῑ,
363 3978 416 4045 1,
452 3981 506 4033 4.
545 4008 613 4019 -
649 3978 756 4048 ter]
843 3983 1097 4035 ernarius
1131 4000 1322 4036 nume-

188 4054 274 4093 rus
308 4046 629 4105 referendus
666 4050 740 4105 ad
773 4051 1086 4108 saltationis
1131 4054 1322 4121 rhyth-

187 4125 327 4168 mum
361 4122 794 4190 anapaesticum.
862 4123 1023 4179 Ovid.
1065 4127 1132 4179 A.
1170 4128 1240 4179 A.
1279 4126 1324 4191 1,

193 4182 285 4235 112
321 4199 646 4261 „aequatam
691 4198 780 4249 ter
815 4196 956 4263 pede
999 4197 1190 4266 pulsat
1225 4196 1322 4249 hu-

190 4259 380 4311 mum-‘⁶
451 4265 582 4320 infr.
619 4264 718 4333 IV,
759 4269 804 4335 1,
839 4268 924 4321 28.

525 4380 804 4435 Carmen
839 4380 990 4435 XIX.

255 4464 549 4543 Egregium
583 4477 690 4532 hoc
733 4494 976 4547 carmen,
1015 4478 1172 4533 cuius
1211 4477 1318 4533 vir·

195 4535 332 4591 tutes
386 4560 494 4600 non
560 4550 632 4603 ab
687 4550 945 4604 omnibus
1001 4551 1136 4604 satis
1193 4552 1323 4603 sunt

199 4618 514 4687 pem,
559 4621 742 4675 simile
794 4627 880 4676 est
935 4622 1114 4677 Carm.
1173 4622 1218 4691 1,
1268 4624 1319 4676 9.

1419 2906 1685 2961 Scaeuam
1705 2906 1869 2972 enim,
1892 2924 2002 2976 qua
2026 2910 2391 2975 provocatum
2411 2908 2569 2977 quasi

1419 2994 1643 3032 carmen
1668 2978 1933 3049 fingatur,
1960 2978 2107 3032 hanc
2132 2994 2249 3031 esse
2275 2978 2568 3033 credimus.

1417 3050 1672 3120 Frigido,
1727 3050 1880 3105 tristi
1936 3054 1995 3104 et
2049 3049 2277 3103 hiemali
2342 3068 2571 3120 vespere

1419 3120 1689 3176 Horatius
1759 3122 1909 3176 inter
1978 3122 2290 3191 complures
2366 3123 2570 3177 amicos

1418 3193 1605 3247 nescio
1677 3192 1776 3246 ubi
1862 3192 2046 3261 sedet3
2120 3190 2571 3259 confabulantur,

1416 3264 1648 3333 bibunt3
1702 3268 1891 3318 tamen
1954 3268 2013 3317 et
2076 3262 2455 3319 confabulatio
2514 3269 2570 3319 et

1417 3336 1636 3404 potatio
1679 3354 1792 3390 non
1826 3335 2043 3389 minore
2088 3334 2365 3405 premitur
2401 3354 2567 3405 quam

1419 3424 1529 3475 quo
1572 3424 1709 3461 aura
1746 3406 2100 3461 contrahitur
2145 3405 2375 3477 frigore.
2422 3406 2570 3461 Lan-

1417 3496 1563 3549 guor
1587 3478 1659 3533 ad
1686 3496 1963 3533 summum
1994 3479 2108 3532 iam
2131 3476 2422 3548 fastigium
2459 3478 2569 3533 ela·

1417 3556 1510 3604 tus
1547 3555 1632 3603 est
1676 3550 1864 3604 ieiuna
1910 3549 2301 3604 historicarum
2350 3554 2407 3603 et
2452 3566 2568 3619 my-

1419 3621 1829 3693 thologicarum
1884 3638 2073 3675 rerum
2131 3622 2568 3690 enumeratione,

1421 3710 1530 3762 qua
1594 3710 1737 3747 unus
1791 3693 2035 3762 reliquos
2104 3708 2280 3761 paene
2343 3694 2569 3748 videtur

1419 3780 1666 3819 enecare.
1740 3764 1879 3818 Tum
1922 3764 2185 3819 Horatius
2237 3762 2473 3819 internis
2512 3769 2568 3819 et

1419 3836 1665 3890 externis
1723 3835 1798 3890 fri
1841 3836 2029 3891 oribus
2086 3835 2390 3901 cruciatus,
2449 3837 2565 3891 ani-

1418 3926 1574 3962 mum
1629 3911 1693 3962 ut
1746 3926 1775 3961 e
1820 3907 1997 3961 undat
2052 3907 2112 3960 in
2168 3907 2275 3962 hoc
2345 3924 2568 3961 carmen

1421 3980 1580 4048 quasi
1632 3980 1892 4048 erumpit,
1940 3996 2049 4047 quo
2114 3978 2323 4033 iustum
2380 3979 2565 4033 convi-

1419 4052 1575 4105 vium
1600 4056 1734 4120 apto
1764 4052 1885 4105 loco
1910 4055 1967 4104 et
1993 4051 2282 4105 commodo
2312 4052 2567 4119 tempore

1418 4123 1610 4191 parari
1648 4122 1805 4177 iubet
1826 4121 2121 4191 symbolis3
2154 4140 2281 4175 nam
2324 4120 2565 4175 calorem

1419 4194 1703 4248 desiderat
1739 4198 1797 4248 et
1838 4194 2108 4264 vigorem.
2184 4192 2275 4247 Sic
2319 4192 2425 4245 nisi
2462 4190 2565 4245 fal-

1419 4266 1508 4320 lor
1552 4282 1742 4319 omnes
1789 4265 2050 4320 carminis
2102 4269 2291 4333 partes
2345 4262 2566 4333 placide

1420 4338 1783 4405 conveniunt3
1847 4337 2091 4406 primum
2161 4336 2258 4405 qui
2314 4334 2567 4404 loquitur

1420 4409 1853 4477 interrumpitur
1908 4413 1965 4463 et
2018 4408 2387 4477 vituperatur,
2437 4424 2565 4461 cum

1417 4478 1602 4550 prisco
1640 4480 1847 4535 Inacho
1892 4486 1951 4535 et
1986 4478 2165 4533 Codro
2214 4484 2272 4533 et
2308 4478 2565 4533 Troianis

1417 4552 1603 4606 missis
1660 4553 1865 4607 rectius
1912 4550 2141 4619 indicet,
2187 4568 2297 4620 qua
2346 4551 2564 4605 ratione

1419 4619 1768 4694 tempestatis
1805 4622 2041 4677 tristitia
2085 4624 2273 4692 graeci
2319 4623 2440 4678 vini
2478 4640 2564 4678 ca-
