3092 5059
1053 228 1172 294 DE
1211 229 1444 296 ARTE
1486 228 1881 298 POETICA.

2554 237 2677 302 625

378 409 702 510 Singula
755 438 1106 516 quaeque
1153 415 1414 494 locum
1463 430 1771 494 teneant
1816 421 2085 497 sortita
2137 419 2561 500 decentem.

378 534 776 614 Interdum
834 553 1091 617 tamen
1145 553 1219 618 et
1270 567 1536 618 vocem
1599 544 2000 620 comoedia
2044 545 2267 638 tollit,

377 661 782 764 Iratusque
837 665 1206 743 Chremes
1260 668 1559 744 tumido
1615 668 1969 766 delitigat
2021 695 2192 766 ore,

293 819 344 860 ⁹5
379 787 476 863 Et
517 793 851 890 tragicus
898 792 1359 892 plerumque
1419 793 1632 871 dolet
1682 819 2035 870 sermone
2085 795 2423 892 pedestri

281 943 288 950 ·
377 915 764 1017 Telephus
819 932 894 994 et
948 903 1245 1017 Peleus,
1302 947 1474 996 cum
1526 945 1823 1020 pauper
1875 933 1950 996 et
2000 920 2210 997 exsul
2260 933 2583 1022 uterque

373 1042 656 1118 Proicit
704 1045 1080 1142 ampullas
1134 1058 1208 1120 et
1254 1045 1826 1146 sesquipedalia
1876 1046 2117 1121 verba

374 1165 454 1241 Si
507 1181 723 1244 curat
773 1193 907 1244 cor
958 1171 1366 1268 spectantis
1417 1171 1763 1268 tetigisse
1816 1169 2150 1270 querela.

371 1292 547 1390 Non
602 1294 784 1397 satis'
838 1307 953 1370 est
1007 1294 1330 1391 pulchra
1383 1321 1546 1371 esse
1598 1309 1996 1396 poemata3
2053 1295 2311 1371 dulcia
2362 1309 2581 1372 sunto

271 1397 346 1492 mi»
370 1417 468 1492 Et
521 1442 1006 1520 quocumque
1063 1421 1323 1496 volent
1373 1421 1713 1495 animum
1766 1420 2141 1496 auditoris
2194 1433 2507 1518 agunto.

367 1541 476 1618 Ut
520 1543 946 1621 ridentibus
999 1545 1362 1642 arrident,
1415 1547 1520 1620 ita
1569 1545 1926 1621 flentibus
1980 1545 2269 1622 adflent

369 1668 714 1743 Humani
765 1669 1061 1766 vultus3
1113 1670 1175 1745 si
1221 1671 1335 1745 vis
1389 1696 1514 1745 me
1566 1669 1774 1768 flere,
1830 1670 2249 1747 dolendum
2305 1681 2421 1747 est

265 1927 390 1982 vita
435 1932 678 1998 sumpto.
731 1958 794 1970 —-
845 1927 1132 1999 Thyestem]
1175 1929 1302 1985 vide
1347 1929 1420 1985 ad

1513 1930 1719 1985 mentis
1793 1929 2017 1985 fabulae
2096 1926 2435 1998 Euripideae
2504 1946 2669 1999 saepe

264 1999 522 2070 Carm.1,
545 2005 598 2069 6,
619 2003 672 2054 8.
715 2029 783 2042 -
818 2000 1070 2071 narrari]
1107 2001 1175 2057 cf.
1215 2021 1267 2055 v.
1298 2004 1415 2056 179.
1505 2017 1725 2072 pauper
1762 2002 2097 2072 appellatur,
2130 2017 2420 2070 nunquam
2457 2002 2666 2056 θυαμ

270 2073 388 2126 182.
449 2102 515 2110 —
571 2072 850 2142 decentem]
907 2071 998 2126 Sic
1045 2090 1113 2127 ex
1157 2071 1417 2128 Blandin.

265 2144 674 2212 antiquissim0‚
751 2143 928 2199 altero
992 2143 1242 2213 Crnqnii.
1304 2163 1416 2200 uno

263 2215 502 2280 Bentlei‚
551 2215 707 2284 aliis3
756 2216 986 2285 plurimi
1031 2219 1219 2270 tamen
1258 2217 1415 2272 codd.

265 2285 526 2343 decenter.
600 2286 749 2341 Illud
803 2287 1076 2356 praetulit
1129 2287 1416 2343 Bentleius

264 2375 390 2412 cum
411 2375 588 2427 eoque
607 2358 849 2413 editores
869 2360 1235 2414 recentissimi
1257 2377 1414 2429 prae-

261 2433 352 2484 ter
411 2430 700 2495 Orellium‚
746 2429 1212 2500 Peerlkampium‚
1270 2431 1418 2486 Eck·

262 2501 541 2568 steinium,
558 2501 925 2572 Kruegerum,
945 2503 1246 2558 Kellerum.
1271 2503 1414 2558 Doe-

260 2572 532 2627 derlinius
574 2573 901 2643 explicavit:
956 2575 1213 2644 „singula
1249 2591 1413 2644 quae-

262 2661 370 2712 que
417 2661 544 2699 eum
601 2645 787 2699 locum
835 2649 1066 2699 teneant
1119 2663 1284 2716 quem
1333 2649 1411 2700 te-

261 2719 413 2784 nent,
453 2717 717 2785 quoniam
755 2717 958 2771 sortita
985 2721 1114 2771 sunt
1146 2734 1289 2786 eum,
1315 2718 1411 2787 qui

259 2805 515 2856 quaeque
568 2787 780 2842 decet.“
845 2817 907 2828 -
965 2787 1228 2859 Chremes]
1287 2807 1412 2859 per·

258 2876 396 2915 sona
431 2857 771 2914 Terentiana
813 2877 884 2915 ex
929 2860 1310 2915 Heautontim.
1345 2859 1411 2931 V,

259 2933 313 2992 4,
359 2931 457 2985 ubi
510 2931 780 2986 Chremes·
820 2933 1057 3004 castigat
1110 2933 1410 3004 prodigum

256 3001 438 3056 filium
488 3002 880 3073 Clitiphonem.
925 3033 991 3043 -
1053 3005 1122 3058 Te
1211 3005 1316 3059 hus
1361 3010 1414 3059 et

259 3073 448 3128 Peleus
503 3075 754 3147 tragicae
791 3093 1076 3146 personae.
1182 3077 1410 3146 elephus

257 3145 442 3200 Hercu
466 3147 512 3199 is
567 3145 718 3200 filius
772 3147 884 3201 fuit
933 3165 1002 3201 ex
1050 3149 1228 3218 Auge,
1282 3148 1412 3202 Alei

255 3215 394 3282 filia,
432 3216 648 3286 Mysiae
682 3219 846 3288 regis.
901 3217 1010 3286 „Hi
1049 3219 1212 3272 ambo
1249 3237 1410 3290 reges

255 3285 503 3356 fuerunt,
550 3289 646 3357 qui
691 3289 906 3344 amissis
955 3290 1140 3360 regnis
1179 3289 1250 3344 ad
1285 3295 1406 3345 tan-

254 3363 374 3415 tam
409 3360 658 3429 inopiam
691 3361 1055 3430 devenerunt,
1091 3365 1159 3414 ut
1193 3363 1408 3417 exsules

256 3429 393 3486 facti
456 3431 822 3486 mendicando
868 3431 975 3485 sibi
1022 3432 1407 3503 undecumque

254 3503 467 3557 victum
508 3505 919 3572 conquirerent,
961 3503 1180 3558 omissis
1219 3505 1406 3559 verbis

253 3574 564 3658 grandibus
601 3579 658 3628 et
697 3574 922 3645 regiis.“
995 3575 1198 3629 Comm.
1242 3576 1405 3646 Cruq.

252 3645 1405 3788 §33:⁸ssssss3f'efjfflssfigffieffffiss'2ffi‘ssf}

251 3805 504 3857 „verum,
542 3787 744 3857 inquit,
784 3789 966 3861 igitur
1001 3805 1226 3845 censeo:
1268 3789 1406 3846 Tele-

243 3861 393 3929 phus
426 3864 478 3914 et
515 3859 718 3926 Peleus,
755 3877 876 3916 eum
903 3877 1126 3932 pauper
1159 3865 1210 3916 et
1237 3864 1405 3931 exsul,

247 3937 476 4002 uterque
518 3931 736 3986 Proicit
784 3934 1054 4002 ampullas
1102 3937 1154 3988 et
1202 3935 1404 4003 sesqui-

241 4003 474 4073 pedalia
507 4003 681 4058 verba.
746 4006 936 4074 Atque
975 4006 1174 4060 melius
1209 4005 1404 4060 distin·

250 4091 391 4146 gues
437 4075 536 4144 ita,
583 4079 650 4128 ut
684 4080 906 4145 uterque
933 4077 1138 4145 proicit
1175 4079 1402 4132 coniun-

246 4150 475 4217 gantur,
521 4163 689 4216 quam
726 4163 944 4217 pauper
985 4153 1038 4203 et
1072 4149 1226 4203 exsul
1260 4155 1404 4210 uter·

249 4234 369 4287 que.
441 4218 844 4286 Praeterquam
883 4219 1032 4273 enim
1073 4220 1222 4288 quod
1259 4225 1403 4275 uter·

251 4305 352 4360 que
378 4291 586 4359 proicit
622 4289 830 4344 rectius
869 4307 986 4345 sese
1021 4291 1208 4356 habet,
1235 4309 1404 4360 quam

249 4360 513 4431 Telephus
557 4367 608 4416 et
647 4361 836 4418 Peleus
863 4362 1089 4432 proicit,
1127 4362 1403 4418 adiectiva

245 4434 424 4504 probe
458 4433 823 4488 discernenda
847 4433 1129 4502 videntur,
1167 4439 1226 4488 et
1253 4451 1400 4504 pau-

239 4519 346 4573 per
397 4505 750 4560 referendum
806 4509 891 4560 est
945 4505 1020 4559 ad
1074 4505 1398 4576 Telephum,

247 4577 404 4632 exsul
451 4578 522 4631 ad
558 4577 740 4633 Pelea.
815 4576 1091 4648 Telephus
1141 4578 1200 4632 in
1247 4577 1397 4650 frag·

347 4698 574 4740 Horatius
605 4699 680 4740 ed.
708 4699 1048 4752 Dmenburger
1073 4699 1146 4742 ed.
1175 4699 1272 4742 VH.

1513 2073 1798 2129 Vahlenus
1836 2073 2049 2144 (Herm.
2087 2071 2213 2126 XII.
2251 2090 2307 2142 p.
2340 2071 2461 2142 189)
2494 2072 2667 2127 inter-

1511 2145 1877 2218 pungendum
1922 2162 2041 2200 esse
2088 2145 2304 2198 docuit:
2358 2183 2410 2213 „.
2433 2185 2445 2197 .
2470 2184 2483 2196 .
2502 2145 2667 2213 pede-

1512 2219 1636 2286 stri,
1677 2216 1954 2287 Telephus
2000 2220 2059 2271 et
2098 2215 2297 2270 Peleus
2334 2233 2459 2272 cum
2496 2233 2663 2286 paup.

1511 2295 1571 2343 et
1589 2307 1701 2344 exe.
1728 2328 1739 2342 .
1762 2329 1775 2342 .
1798 2329 1810 2342 .
1830 2289 2022 2356 verba,
2044 2288 2092 2342 si
2114 2329 2127 2340 .
2152 2329 2165 2340 .
2192 2328 2204 2340 .
2225 2287 2503 2357 querela.“
2532 2286 2666 2342 Por-

1509 2361 1738 2430 phyrio:
1790 2360 2005 2432 „exigit
2050 2377 2215 2430 saepe
2259 2364 2317 2414 et
2352 2359 2665 2430 tragoedia,

1509 2436 1576 2486 ut
1622 2433 1974 2502 pedestribus
2026 2431 2305 2486 scribatur
2352 2431 2558 2500 verbis,
2599 2435 2667 2484 ut

1510 2521 1637 2558 cum
1678 2503 1873 2560 Peleus
1911 2503 2002 2557 vel
2043 2503 2319 2573 Telephus
2367 2503 2525 2573 regio
2567 2501 2663 2556 ha-

1508 2575 1636 2630 bitu
1676 2581 1894 2630 mutato
1932 2575 2291 2643 loquantur.“
2340 2604 2405 2613 —
2452 2575 2664 2644 ampul-

1508 2647 1615 2718 las]
1655 2647 1726 2702 cf.
1764 2647 1944 2717 Epist.
1983 2647 2028 2714 1,
2069 2647 2121 2716 3,
2160 2649 2255 2715 143
2301 2646 2373 2700 de
2407 2645 2663 2700 oratione

1505 2719 1673 2772 nimis
1710 2723 1924 2773 ornata.
1986 2718 2195 2773 Graece
2231 2720 2555 2784 ληκυθίζειν.
2592 2745 2664 2756 -

1505 2789 2165 2931 &gffspfidlwlpcitssf
2204 2787 2663 2930 ²³23&ssAE

1645 2904 1658 2915 .
1764 2903 1781 2930 ,
1866 2903 1878 2914 .
1969 2903 1980 2914 .
2135 2903 2147 2914 .
2206 2901 2238 2929 „

1507 2933 1839 2992 Θετταλικῶς
1872 2934 2241 3004 ῇετμημέναέ(
2285 2962 2347 2971 -
2388 2937 2548 2986 curat
2584 2937 2661 2986 te-

1504 3005 1723 3075 tiqisse]
1762 3004 2061 3059 Horkelius
2098 3005 2133 3058 l.
2172 3005 2207 3057 l.
2250 3021 2304 3072 p.
2332 3003 2461 3058 139:
2512 3001 2658 3072 „Ob-

1506 3095 1758 3131 servasse
1794 3076 1933 3130 mihi
1970 3075 2182 3140 videor,
2212 3075 2509 3128 Horatium
2533 3091 2658 3144 per·

1503 3147 1643 3203 fecti
1704 3148 1973 3218 temporis
2032 3146 2343 3201 infinitivos
2402 3163 2527 3200 cum
2588 3147 2658 3200 iis

1503 3220 1858 3289 potissimum
1896 3218 2083 3274 verbis
2130 3218 2334 3272 couiun
2377 3235 2487 3286 ere,
2524 3233 2656 3285 quo-

1503 3309 1631 3344 rum
1667 3310 1734 3346 ea
1770 3292 1855 3345 vis
1894 3295 1994 3359 est,
2043 3293 2108 3344 ut
2144 3293 2267 3343 tota
2405 3287 2654 3356 futurum

1502 3366 1725 3432 tempus
1763 3367 2033 3432 spectent.
2074 3361 2162 3415 Ex
2200 3378 2264 3414 eo
2289 3377 2493 3431 genere
2520 3360 2659 3415 haec

1503 3439 1655 3487 sunt:
1699 3434 1813 3488 Sat.
1839 3433 1911 3501 H,
1939 3435 1989 3500 3,
2018 3434 2136 3487 187.
2174 3431 2219 3494 Ι,
2259 3433 2310 3493 2,
2350 3433 2435 3485 28.
2473 3431 2654 3501 Epist.

1501 3505 1545 3569 Ι,
1587 3508 1670 3573 17,
1708 3509 1759 3559 6.
1806 3507 1876 3558 A.
1912 3505 1973 3558 P.
2016 3505 2135 3559 168.
2174 3503 2297 3556 347.
2335 3503 2458 3555 435.
2494 3503 2653 3556 455ss

1500 3607 1573 3616 --
1610 3577 1795 3631 dulcia
1833 3576 2020 3644 sunto]
2056 3574 2292 3630 Accedit
2318 3573 2652 3643 interpreta-

1499 3648 1582 3703 tio
1619 3649 1786 3702 huius
1822 3647 2081 3702 vocabuli
2114 3645 2431 3714 insequenti
2458 3663 2649 3713 versu3

1499 3737 1632 3774 nam
1680 3719 1859 3774 duleis
1904 3737 2021 3774 voc.
2072 3721 2372 3789 cognatum
2426 3717 2653 3771 videtur

1500 3808 1627 3847 cum
1661 3808 1863 3862 graeco
1903 3792 2140 3860 θέλγειν.
2178 3789 2257 3844 Et
2289 3793 2652 3859 praeceptum

1500 3863 1951 3934 coniungendum
2012 3867 2097 3916 est
2156 3877 2281 3915 cum
2340 3860 2437 3922 iis.
2512 3877 2653 3928 quae

1498 3935 1753 4004 proxime
1793 3933 2167 4005 praecedunt3
2212 3949 2325 3986 non
2365 3935 2453 3985 est
2486 3949 2651 4002 gene-

1498 4007 1621 4060 rale
1702 4011 2039 4076 raeceptum.
2090 4035 2156 4044 -
2207 4003 2480 4074 arrident]
2523 4003 2651 4056 Ari-

1499 4082 1629 4133 etot.
1722 4079 1899 4133 hetor.
1937 4079 2039 4146 ΠΙ,
2072 4077 2129 4130 ⁷:
2170 4079 2656 4145 ,,συνομοιοπαθεῖ

1497 4147 1583 4201 ἀεὶ
1619 4147 1649 4202 ὁ
1688 4145 1906 4204 ἁκούων
1928 4169 1957 4202 τ
1979 4150 2003 4162 ”
2042 4148 2355 4212 παθητικῶς
2381 4147 2651 4214 λέγοντι.“

1497 4220 1721 4292 adflent]
1794 4221 1885 4276 Sic
1956 4169 2327 4288 Peerlkamp„
2406 4217 2648 4286 Mffller„

1495 4291 1797 4360 Eckstein.,
1817 4311 1943 4348 cum
1961 4291 2241 4359 Bentlei03
2282 4289 2395 4358 alii,
2422 4295 2487 4346 ut
2505 4289 2649 4344 Krii-

1494 4381 1611 4435 ger.
1674 4364 1877 4419 Ritter.
1924 4362 2241 4419 Doederlin.
2302 4379 2427 4418 cum
2488 4361 2647 4416 codd.

1493 4435 1715 4498 adeunt,
1782 4437 1853 4492 ds
1940 4453 2052 4506 quo
2124 4434 2299 4489 verbo
2372 4433 2442 4488 cf.
2514 4433 2646 4487 infr.

1495 4511 1617 4562 204.
1690 4508 1871 4578 Epist.
1920 4507 1965 4577 1,
2006 4510 2091 4576 17,
2138 4507 2223 4560 57.
2294 4504 2647 4560 Weissenfels

1494 4579 1531 4633 1.
1560 4579 1596 4633 l.
1622 4597 1676 4649 p.
1701 4583 1827 4634 152:
1868 4579 1982 4649 „Ut
2017 4577 2331 4634 ridentibus
2369 4577 2647 4648 adrident,

2182 4680 2253 4738 40
