3092 5059
873 217 1033 283 LIB.
1078 217 1127 282 1.
1175 215 1423 283 CARM.
1468 214 1678 281 XVII.
1725 214 1968 281 XVIII.
2536 212 2616 277 75

614 402 767 478 Hie
818 402 1247 479 innocentis
1298 399 1580 501 poeula
1632 398 1898 477 Lesbii

612 528 863 605 Duces
912 528 1054 603 sub
1104 527 1401 622 umbra,
1456 550 1602 601 nee
1651 522 2086 601 Semele'sus

716 653 919 731 Cum
968 652 1221 730 Marte
1264 650 1694 727 confundet
1747 649 2162 747 Thyoneus

818 778 1151 874 Proelia,
1208 802 1351 853 nee
1401 788 1693 853 metues
1749 784 2200 873 protervum

529 964 582 1003 ω
621 927 992 1027 Suspecta
1046 930 1359 1029 Cyrum,
1411 956 1509 1007 ne
1563 931 1765 1007 male
1816 928 2114 1028 dispari

614 1054 1189 1131 Incontinentes
1240 1055 1509 1132 iniciat
1557 1081 1828 1131 manus

648 1238 668 1253 f
712 1181 809 1255 Et
859 1179 1161 1257 scindat
1210 1180 1659 1257 haerentem
1711 1203 2078 1256 eoronam

815 1304 1181 1382 Crinibus
1234 1306 1857 1406 immeritamque
1901 1316 2215 1380 vestem.

1054 1628 1435 1715 OARMEN
1495 1626 1790 1713 XVIII.

306 1792 653 1893 Nullam,
708 1798 934 1894 Vare,
984 1824 1204 1874 saera
1250 1799 1409 1875 vite
1452 1798 1671 1896 prius
1723 1796 2008 1873 severis
2063 1795 2414 1870 arborem

310 1920 547 1998 Circa
602 1922 784 1998 mite
837 1921 1080 1997 solum
1133 1924 1437 1999 Tiburis
1493 1935 1570 1999 et
1617 1923 1922 1999 moenia
1979 1919 2244 2000 Catiliz

310 2045 551 2123 Siccis
610 2049 873 2125 omnia
924 2074 1104 2125 nam
1158 2049 1354 2126 dura
1404 2049 1593 2125 deus
1644 2048 2074 2149 proposuit,
2125 2070 2379 2144 neque

218 2286 475 2343 Ceterum
499 2288 779 2359 Tyndaris
815 2290 1053 2361 psaltria
1090 2308 1159 2345 ex
1192 2290 1366 2345 omni·

215 2358 316 2413 bus
350 2376 499 2430 quae
534 2360 751 2416 sciebat
780 2361 1125 2418 carminibus
1158 2362 1265 2417 hoe
1298 2362 1369 2417 de

217 2429 393 2495 Ulixe,
415 2432 702 2502 Penelope
726 2439 785 2488 et
814 2434 989 2496 ciros,
1012 2434 1083 2487 ab
1108 2434 1231 2504 ipso
1254 2432 1367 2488 for·

212 2506 355 2558 tasse
398 2506 763 2559 Anacreonte
808 2510 1109 2576 sumptum,
1156 2506 1369 2575 optime

213 2575 473 2630 oeoinisse
528 2575 773 2643 videtur,
821 2577 905 2633 ita
964 2581 1029 2631 ut
1087 2595 1113 2630 s
1186 2578 1367 2634 eimen

216 2646 350 2701 artis
402 2646 459 2701 h.
497 2647 535 2703 1.
594 2648 843 2717 positum
900 2648 991 2703 sit.
1074 2594 1211 2704 Effit
1271 2650 1367 2719 qui

215 2719 491 2785 poen-iam
529 2736 657 2773 eam
692 2719 864 2775 fuisse
899 2718 1229 2789 affirmaret,
1266 2737 1368 2775 eur

215 2788 309 2856 ita,
362 2807 477 2844 non
532 2790 771 2845 addidit.
835 2820 903 2831 --
964 2792 1175 2859 Lesbis]
1234 2792 1369 2859 vini,

216 2860 359 2927 quod
392 2862 667 2917 innocens
704 2862 1040 2932 appellatur,
1071 2864 1203 2932 quia
1230 2864 1369 2919 mite

216 2936 297 2985 est
328 2950 519 3003 neque
552 2934 623 2987 iis
662 2936 757 3003 qui
804 2951 873 2989 eo
910 2938 1149 2989 utuntur
1184 2940 1365 2989 noeet.

218 3030 281 3043 —-
318 3004 507 3075 duces]
552 3022 666 3059 non
708 3006 957 3077 „largius
1008 3006 1219 3073 bibes“,
1268 3006 1367 3061 sed

216 3073 407 3201 &³¹53
460 3094 593 3201 ‘iim
640 3078 1003 3205 ma
1052 3077 1366 3219 &cmi

288 3188 301 3208 ‚
542 3187 557 3200 .
596 3178 671 3189 -
1174 3164 1343 3204 onem

217 3187 428 3274 Semele
449 3220 627 3275 etiam
646 3219 879 3289 Thyone
902 3221 1223 3290 dicebatur;
1260 3222 1367 3275 ita-

252 3306 319 3343 ue
398 3291 515 3345 duo
590 3310 849 3362 μητρωνυ
892 3290 985 3346 ex&
1056 3293 1365 3348 coniunxit.

218 3306 461 3427 auorum
512 3362 751 3419 alterum
880 3380 1089 3437 yonetoe
1134 3380 1247 3418 non
1284 3368 1365 3418 te-

220 3448 363 3487 mere
396 3451 473 3503 ap
552 3435 726 3489 situm
768 3439 886 3506 est3
942 3452 1072 3491 nam
1108 3434 1367 3504 Thyones

221 3519 413 3559 nomen
464 3452 683 3561 ffltum
736 3524 856 3562 esse
899 3512 1059 3577 patet
1108 3524 1144 3563 a
1192 3508 1366 3563 verbo

220 3568 385 3643 θύειν,
420 3576 629 3633 furere.
668 3578 1031 3649 significatur
1066 3579 1249 3663 igitur
1280 3578 1365 3633 fu·

220 3661 325 3713 ror,
362 3649 423 3702 in
458 3666 627 3717 quem
666 3651 765 3719 qui
798 3651 933 3705 vino
978 3652 1145 3706 nimis
1182 3651 1365 3705 indul·

222 3722 351 3785 gent
410 3720 597 3775 solent
668 3722 841 3790 eoiei3
922 3722 1070 3777 unde
1128 3723 1367 3777 inconti-

222 3794 409 3845 nentes
442 3793 661 3861 proelia
696 3794 949 3851 miscent.
986 3824 1049 3835 -
1090 3794 1229 3849 male
1255 3794 1367 3849 dis-

219 3860 367 3931 pan]
432 3862 519 3918 Ne
592 3864 733 3920 mala
792 3864 918 3920 adv.
982 3882 1109 3919 eum
1168 3865 1369 3920 iniciat

222 3930 385 3987 verbo
446 3935 751 4017 eqniungas
810 3936 1005 3992 confer
1057 3936 1169 3991 Sat.
1217 3936 1261 4001 1,
1312 3939 1369 4004 Β,

227 4000 338 4140 {¹⁶⁷
364 4034 431 4045 -
486 4006 939 4078 summumque]
1000 4008 1073 4063 ef.
1132 4007 1247 4063 Sat.
1294 4008 1367 4078 11,

536 4173 818 4229 Carmen
854 4172 1058 4229 XVIII.

294 4282 429 4340 Gasu
466 4287 711 4357 quodam
756 4292 1040 4343 servatum
1086 4288 1247 4343 nobis
1288 4295 1375 4344 est

232 4354 597 4425 fragmentum
632 4360 845 4420 Aleaei‚
882 4360 1039 4414 euius
1084 4361 1261 4415 verba
1297 4362 1372 4416 ab

232 4424 457 4483 Horatio
481 4430 664 4499 primo
688 4448 853 4485 versu
886 4432 1111 4487 reddita
1134 4450 1252 4488 esse
1274 4450 1371 4503 ap·

232 4503 397 4565 paret.
410 4500 516 4557 Est
526 4506 719 4557 autem
732 4502 825 4558 hie
838 4520 1029 4559 versus
1042 4503 1132 4571 (of.
1143 4504 1370 4561 Schnei-

233 4567 423 4627 dewin.
476 4572 583 4629 del.
641 4590 699 4644 p.
740 4572 905 4645 27⁵0:
962 4575 1175 4643 Μηθὲν
1233 4569 1367 4629 ἄλλο

1468 2282 1739 2361 φυτεύσῃς
1773 2281 2044 2358 πρότερον
2070 2286 2334 2355 δένδρεον
2368 2283 2618 2358 ἀμπέλω.

1466 2360 1558 2415 Ex
1594 2378 1706 2430 quo
1745 2365 1805 2414 et
1839 2360 2143 2415 verborum
2183 2363 2244 2413 et
2288 2358 2458 2413 metri
2491 2374 2620 2412 eon·

1468 2450 1632 2487 sensu
1680 2435 1834 2487 reete
1881 2436 2070 2487 temen
2121 2430 2268 2486 nihil
2323 2428 2622 2485 eoneludas

1468 2504 1622 2559 eliud
1645 2504 1754 2558 nisi
1780 2503 2079 2559 Horatium
2111 2502 2258 2557 huno
2284 2502 2478 2557 Aleaei
2501 2518 2622 2556 ver-

1468 2594 1610 2644 sum,
1673 2592 1840 2645 quem
1907 2593 1976 2630 ex
2037 2573 2322 2644 frequenti
2383 2573 2624 2629 lectione

1466 2648 1740 2703 memoria
1775 2651 2009 2711 teneret,
2048 2646 2122 2701 ad
2165 2662 2326 2701 suam
2359 2662 2482 2700 rem
2525 2646 2622 2701 ad·

1467 2718 1733 2774 hibuisse.
1810 2716 1963 2786 Quae
2007 2734 2096 2772 res
2134 2717 2319 2787 qualis
2363 2716 2542 2771 fuerit
2573 2717 2622 2771 si

1468 2808 1724 2859 quaeras,
1747 2790 2046 2860 mspieeris
2069 2787 2282 2844 Varum
2305 2789 2502 2843 villam
2523 2788 2623 2843 ali·

1470 2879 1638 2931 quam
1687 2862 2044 2916 Tiburtinam
2093 2862 2254 2915 novis
2303 2860 2484 2914 hortis
2531 2876 2622 2914 or·

1468 2951 1606 2988 nare
1641 2934 1982 3002 arboresque
2017 2932 2100 2987 ibi
2133 2949 2318 2987 serere
2349 2932 2410 2985 in
2433 2934 2622 2986 am‘mo

1469 3005 1747 3060 habuisse.
1769 3005 1892 3059 Iam
1909 3008 2101 3060 monet
2109 3003 2622 3087 Horatius,utvites

1469 3075 2480 3216 {¹3⁰3253‘22’qffl30520m33332
2488 3074 2624 3200 {2¹33

1468 3237 1588 3275 mos
1624 3219 1760 3274 vina
1783 3219 2030 3275 habeant
2051 3222 2392 3302 potestatem
2415 3216 2620 3271 deseri-

1468 3292 1584 3347 bat.
1657 3289 1844 3358 Quare
1904 3291 2167 3345 earmmis
2369 3292 2622 3344 mentum

1466 3362 1556 3417 his
1596 3361 1750 3417 Theo
1831 3362 1940 3417 idis
1967 3360 2244 3439 ,versibus
2303 3378 2358 3415 v.
2395 3362 2503 3414 509
2540 3378 2620 3430 sq.

1470 3434 1608 3490 edit.
1645 3433 1726 3488 Be
1805 3436 1902 3499 er.)
1939 3434 2229 3488 commode
2262 3432 2584 3487 reddamus:

1544 3506 1720 3564 Οἶνος.
1741 3500 2045 3576 πινόμενος
2083 3500 2285 3564 πουλὺς
2323 3496 2518 3557 κακόν·
2557 3498 2625 3569 ἢν

2167 3576 2238 3630 δέ
2267 3594 2348 3634 τις
2381 3570 2550 3629 αὐτὸν

1542 3653 1688 3721 Πίνῃ
1737 3648 2136 3717 ἐπισταμένως,
2179 3642 2246 3701 οὐ
2288 3646 2462 3734 argutos*
2485 3642 2624 3731 ,ἀλλ’

1468 3789 1619 3873 Quis.
1656 3790 1840 3844 Varus
1875 3790 2065 3852 fuerit,
2105 3790 2220 3846 diei
2257 3724 2622 3860 nggoepzotzsn

1468 3867 1824 3931 suspieentur
1884 3861 2112 3931 quidem
2187 3862 2428 3917 eundem
2503 3878 2622 3917 esse

1470 3933 1824 4001 Quintilium,
1857 3933 1930 3988 de
1955 3950 2066 4001 quo
2093 3950 2318 3989 carmen
2350 3936 2438 3988 est
2463 3932 2509 4000 1,
2531 3934 2618 3985 24.

1469 4008 1535 4059 A.
1577 4004 1640 4059 P.
1679 4005 1805 4059 438.
1869 4002 2114 4074 Tempus
2150 4004 2372 4060 definiri
2407 4004 2619 4073 nequit.

1543 4076 1606 4131 V.
1633 4078 1686 4130 2.
1725 4076 1938 4130 moenia
1961 4074 2150 4146 eatan]
2189 4076 2320 4131 vide
2343 4075 2418 4130 ad
2439 4074 2622 4129 Carm.

1469 4148 1516 4215 1,
1555 4149 1603 4214 7,
1646 4150 1728 4201 13.
1803 4146 1868 4201 111
1921 4146 2028 4202 hoe
2081 4148 2307 4202 nomine
2351 4146 2622 4201 Horatius

1473 4220 1642 4273 metri
1677 4234 1850 4273 eausa
1873 4218 2116 4273 mediam
2137 4218 2412 4287 syllabam
2445 4218 2620 4272 enrri-

1473 4291 1617 4360 puit.
1654 4289 1726 4345 ef.
1749 4290 1918 4360 Verg.
1947 4291 2086 4344 Aen.
2114 4288 2236 4358 VH,
2263 4291 2386 4344 070.
2413 4318 2482 4329 —
2514 4290 2622 4344 sic-

1470 4361 1572 4430 cis]
1597 4362 1694 4430 qui
1717 4362 1848 4417 vino
1872 4361 2040 4431 plane
2059 4360 2362 4415 abstinent.
2382 4388 2450 4401 --
2467 4361 2618 4429 nam]

1473 4433 1682 4489 Poetae
1725 4433 1787 4487 in
1826 4432 2149 4487 collocanda
2204 4432 2312 4487 hae
2341 4432 2622 4503 particula

1472 4504 1767 4559 liberiores
1801 4503 2048 4559 fuerunt.
2107 4502 2182 4557 ef.
2223 4504 2402 4573 Epod.
2443 4504 2527 4572 14,
2567 4507 2620 4559 6.

1478 4578 1564 4645 17,
1588 4577 1676 4632 45.
1715 4576 1900 4630 Carm.
1925 4574 2020 4644 IV,
2048 4574 2137 4643 14,
2161 4576 2213 4629 9.
2235 4604 2302 4615 —-
2325 4590 2496 4645 neque
2517 4576 2620 4633 als·-
