3092 5059
1554 228 1636 293 32

393 406 852 501 τετράστροφα
913 414 1242 481 haberent.
1331 413 1498 481 Nam
1565 414 1737 496 quod
1798 414 2068 481 eandem
2134 416 2345 499 legem
2416 414 2487 479 in
2548 412 2793 498 Epodis

396 524 807 591 observatam
851 543 981 589 non
1041 522 1281 604 vident,
1345 522 1416 587 id
1472 542 1617 589 eam
1674 525 2061 590 sententiam
2108 542 2234 589 non
2276 524 2485 589 solnm
2524 542 2653 589 non
2696 542 2795 588 re-

396 634 639 716 fellere,
711 631 828 699 sed
894 630 1206 697 adiuvare
1273 632 1469 696 etiam
1537 630 1624 696 iis
1667 630 1940 697 videtur.
2028 631 2242 710 Quare
2286 652 2429 699 eum
2470 652 2663 697 unum
2708 631 2795 697 sit

398 761 654 809 carmen
715 740 826 820 IV,
884 741 944 822 8,
1008 738 1183 822 quod
1225 738 1376 805 huie
1421 738 1657 805 rationi
1712 740 2108 823 adversetur,
2168 746 2281 806 aut
2340 741 2795 825 interpolatum

397 852 559 918 illud
623 870 766 916 esse
834 854 1062 933 putant
1115 856 1225 914 aut
1301 850 1679 915 mutilatum.
1782 849 1915 915 Sed
1970 869 2183 916 nonne
2234 849 2542 917 Horatius
2604 868 2794 933 quam

397 960 526 1027 sibi
587 960 730 1044 ipse
791 958 1207 1043 imposuisset
1275 959 1482 1042 legem
1547 966 1695 1043 post
1738 965 1831 1025 tot
1874 978 2079 1025 annos
2120 959 2481 1042 relinquere
2542 958 2796 1043 potnit?

396 1069 830 1137 Difficultates
875 1074 1068 1151 certe,
1115 1067 1351 1150 quibus
1393 1066 1556 1133 illud
1600 1088 1857 1133 carmen
1896 1069 2165 1147 laborat,
2212 1070 2339 1134 ista
2381 1069 2632 1133 ratione
2668 1088 2793 1132 non

397 1180 742 1265 pelluntur.
829 1178 929 1244 De
987 1182 1124 1243 tota
1175 1184 1391 1243 autem
1445 1196 1514 1242 re
1570 1196 1873 1263 compara
1928 1198 2095 1261 quae
2152 1180 2219 1244 in
2263 1178 2668 1263 praefatione
2711 1175 2798 1242 ad

299 1324 306 1331 ·
397 1290 750 1356 editionem
791 1290 1064 1355 alteram
1109 1285 1298 1353 huius
1343 1284 1494 1351 libri
1535 1286 1869 1371 disputata
1914 1294 2076 1353 sunt.
2169 1288 2435 1355 Praeter
2479 1306 2591 1353 eos
2635 1306 2797 1369 quos

397 1400 492 1465 ibi
563 1398 896 1464 nominavi
971 1394 1327 1463 Ger-berum
1399 1401 1464 1460 et
1531 1394 1897 1461 Steinerum
1966 1415 2047 1461 ne
2092 1396 2498 1462 Haeusnerus
2540 1394 2797 1478 quidem

398 1509 639 1591 (progr.
681 1506 975 1589 Friburg.
1009 1504 1302 1589 Brisgav.
1341 1504 1528 1583 1876)
1572 1512 1685 1571 aut
1711 1502 2075 1571 Fritschius
2112 1505 2477 1589 Lipsiensis
2512 1506 2608 1583 (in
2637 1504 2797 1568 Bur-

399 1616 561 1683 sian.
590 1615 957 1683 Jahresber.
995 1614 1177 1679 1874.
1219 1613 1318 1678 75.
1349 1614 1410 1677 3.
1441 1613 1597 1679 Heft
1632 1634 1691 1697 p.
1732 1612 1875 1696 184)
1921 1621 2033 1681 aut
2076 1614 2372 1681 Keller-us
2412 1614 2795 1699 (Epilegom.

397 1724 486 1792 ad
549 1724 758 1790 Oarm.
825 1723 935 1806 IV,
990 1724 1051 1805 8,
1111 1722 1187 1787 17
1242 1741 1303 1808 p.
1355 1723 1480 1787 329
1533 1728 1599 1787 et
1654 1723 1805 1803 811)
1864 1722 2193 1789 Meinekio
2248 1724 2801 1807 obtemperarunt3

403 1836 595 1902 aliter
638 1835 899 1919 quidem
941 1832 1178 1898 Menoe-3
1221 1831 1659 1898 Berolinensis
1703 1831 2039 1909 (Zeitsehr.
2092 1832 2136 1897 f.
2192 1830 2805 1917 Gymnas-wesen.

405 1944 588 2010 1877.
639 1942 868 2010 Oetob.
917 1962 974 2026 p.
1020 1942 1217 2025 302),
1275 1940 1710 2019 Eeksteinius‚
1766 1940 2128 2007 Muellerus.
2225 1941 2327 2007 Ne
2388 1940 2809 2023 Grotefendus

401 2052 659 2138 quidem
736 2050 1048 2117 Meinekii
1113 2050 1496 2117 sententiam
1568 2050 1867 2135 probavit
1934 2049 2439 2128 (Sehneidewin.
2482 2049 2805 2133 Philolog.

401 2164 476 2229 Τ.
522 2164 596 2229 V.
645 2164 810 2227 1850
856 2181 921 2246 p.
970 2160 1134 2241 141).
