<?xml version="1.0" encoding="UTF-8"?>
<!DOCTYPE html PUBLIC "-//W3C//DTD XHTML 1.0 Transitional//EN"
    "http://www.w3.org/TR/xhtml1/DTD/xhtml1-transitional.dtd">
<html xmlns="http://www.w3.org/1999/xhtml" xml:lang="en" lang="en">
 <head>
  <title>
</title>
<meta http-equiv="Content-Type" content="text/html;charset=utf-8" />
  <meta name='ocr-system' content='tesseract 3.04.00' />
  <meta name='ocr-capabilities' content='ocr_page ocr_carea ocr_par ocr_line ocrx_word'/>
</head>
<body>
  <div class='ocr_page' id='page_1' title='image "./qhoratiiflaccio05unkngoog_0624.png"; bbox 0 0 3092 5059; ppageno 0'>
   <div class='ocr_carea' id='block_1_1' title="bbox 460 243 587 308">
    <p class='ocr_par' dir='ltr' id='par_1_1' title="bbox 460 243 587 308">
     <span class='ocr_line' id='line_1_1' title="bbox 460 243 587 308; baseline 0.016 -2"><span class='ocrx_word' id='word_1_1' title='bbox 460 243 587 308; x_wconf 86' lang='lat'>594</span> 
     </span>
    </p>
   </div>
   <div class='ocr_carea' id='block_1_2' title="bbox 1364 241 1982 310">
    <p class='ocr_par' dir='ltr' id='par_1_2' title="bbox 1364 241 1982 310">
     <span class='ocr_line' id='line_1_2' title="bbox 1364 241 1982 310; baseline -0.003 -2"><span class='ocrx_word' id='word_1_2' title='bbox 1364 241 1982 310; x_wconf 78' lang='lat' dir='ltr'>EPISTULARUM</span> 
     </span>
    </p>
   </div>
   <div class='ocr_carea' id='block_1_3' title="bbox 571 433 2648 537">
    <p class='ocr_par' dir='ltr' id='par_1_3' title="bbox 571 433 2648 537">
     <span class='ocr_line' id='line_1_3' title="bbox 571 433 2648 537; baseline -0.003 -25"><span class='ocrx_word' id='word_1_3' title='bbox 571 436 819 528; x_wconf 85' lang='lat' dir='ltr'>Quam</span> <span class='ocrx_word' id='word_1_4' title='bbox 872 463 1013 536; x_wconf 88' lang='lat' dir='ltr'>per</span> <span class='ocrx_word' id='word_1_5' title='bbox 1062 438 1255 512; x_wconf 87' lang='lat' dir='ltr'>vatis</span> <span class='ocrx_word' id='word_1_6' title='bbox 1308 463 1502 537; x_wconf 89' lang='lat' dir='ltr'>opus</span> <span class='ocrx_word' id='word_1_7' title='bbox 1561 463 1808 512; x_wconf 86' lang='lat' dir='ltr'>mores</span> <span class='ocrx_word' id='word_1_8' title='bbox 1855 435 2246 534; x_wconf 78' lang='lat' dir='ltr'><strong>animique</strong></span> <span class='ocrx_word' id='word_1_9' title='bbox 2299 433 2648 508; x_wconf 88' lang='lat' dir='ltr'>virorum</span> 
     </span>
    </p>
   </div>
   <div class='ocr_carea' id='block_1_4' title="bbox 464 559 1432 662">
    <p class='ocr_par' dir='ltr' id='par_1_4' title="bbox 464 559 1432 662">
     <span class='ocr_line' id='line_1_4' title="bbox 464 559 1432 662; baseline 0.005 -31"><span class='ocrx_word' id='word_1_10' title='bbox 464 592 541 632; x_wconf 80' lang='lat'>250</span> <span class='ocrx_word' id='word_1_11' title='bbox 569 559 975 636; x_wconf 85' lang='lat' dir='ltr'>Clarorum</span> <span class='ocrx_word' id='word_1_12' title='bbox 1030 575 1432 662; x_wconf 80' lang='lat' dir='ltr'>apparent.</span> 
     </span>
    </p>
   </div>
   <div class='ocr_carea' id='block_1_5' title="bbox 1536 556 2708 655">
    <p class='ocr_par' dir='ltr' id='par_1_5' title="bbox 1536 556 2708 655">
     <span class='ocr_line' id='line_1_5' title="bbox 1536 556 2708 655; baseline -0.004 -19"><span class='ocrx_word' id='word_1_13' title='bbox 1536 561 1702 638; x_wconf 91' lang='lat' dir='ltr'>Nec</span> <span class='ocrx_word' id='word_1_14' title='bbox 1755 585 2144 637; x_wconf 87' lang='lat' dir='ltr'>sermones</span> <span class='ocrx_word' id='word_1_15' title='bbox 2197 583 2344 655; x_wconf 77' lang='lat' dir='ltr'>ego</span> <span class='ocrx_word' id='word_1_16' title='bbox 2391 556 2708 632; x_wconf 86' lang='lat' dir='ltr'>mallem</span> 
     </span>
    </p>
   </div>
   <div class='ocr_carea' id='block_1_6' title="bbox 458 685 2974 2786">
    <p class='ocr_par' dir='ltr' id='par_1_6' title="bbox 458 685 2974 2786">
     <span class='ocr_line' id='line_1_6' title="bbox 561 685 2820 786; baseline -0.001 -28"><span class='ocrx_word' id='word_1_17' title='bbox 561 685 945 785; x_wconf 89' lang='lat' dir='ltr'>Repentes</span> <span class='ocrx_word' id='word_1_18' title='bbox 999 713 1139 783; x_wconf 88' lang='lat' dir='ltr'>per</span> <span class='ocrx_word' id='word_1_19' title='bbox 1184 687 1504 762; x_wconf 90' lang='lat' dir='ltr'>humum</span> <span class='ocrx_word' id='word_1_20' title='bbox 1558 713 1788 786; x_wconf 86' lang='lat' dir='ltr'>quam</span> <span class='ocrx_word' id='word_1_21' title='bbox 1844 711 1966 762; x_wconf 87' lang='lat' dir='ltr'>res</span> <span class='ocrx_word' id='word_1_22' title='bbox 2019 708 2486 783; x_wconf 90' lang='lat' dir='ltr'>componere</span> <span class='ocrx_word' id='word_1_23' title='bbox 2537 693 2820 778; x_wconf 77' lang='lat' dir='ltr'>gestas,</span> 
     </span>
     <span class='ocr_line' id='line_1_7' title="bbox 565 808 2570 910; baseline -0 -26"><span class='ocrx_word' id='word_1_24' title='bbox 565 808 1133 910; x_wconf 80' lang='lat' dir='ltr'>Terrarumque</span> <span class='ocrx_word' id='word_1_25' title='bbox 1182 813 1365 888; x_wconf 83' lang='lat' dir='ltr'>situs</span> <span class='ocrx_word' id='word_1_26' title='bbox 1420 824 1499 888; x_wconf 92' lang='lat' dir='ltr'>et</span> <span class='ocrx_word' id='word_1_27' title='bbox 1542 810 1868 886; x_wconf 84' lang='lat' dir='ltr'>flumina</span> <span class='ocrx_word' id='word_1_28' title='bbox 1921 810 2182 886; x_wconf 79' lang='lat' dir='ltr'>dicere</span> <span class='ocrx_word' id='word_1_29' title='bbox 2233 823 2309 885; x_wconf 87' lang='lat' dir='ltr'>et</span> <span class='ocrx_word' id='word_1_30' title='bbox 2359 834 2570 884; x_wconf 86' lang='lat' dir='ltr'>arces</span> 
     </span>
     <span class='ocr_line' id='line_1_8' title="bbox 561 933 2564 1035; baseline -0 -25"><span class='ocrx_word' id='word_1_31' title='bbox 561 933 953 1010; x_wconf 86' lang='lat' dir='ltr'>Montibus</span> <span class='ocrx_word' id='word_1_32' title='bbox 1004 937 1405 1033; x_wconf 87' lang='lat' dir='ltr'>impositas</span> <span class='ocrx_word' id='word_1_33' title='bbox 1459 950 1537 1014; x_wconf 90' lang='lat' dir='ltr'>et</span> <span class='ocrx_word' id='word_1_34' title='bbox 1587 937 1919 1013; x_wconf 89' lang='lat' dir='ltr'>barbara</span> <span class='ocrx_word' id='word_1_35' title='bbox 1969 961 2211 1035; x_wconf 89' lang='lat' dir='ltr'>regna</span> <span class='ocrx_word' id='word_1_36' title='bbox 2259 937 2564 1033; x_wconf 86' lang='lat' dir='ltr'>tuisque</span> 
     </span>
     <span class='ocr_line' id='line_1_9' title="bbox 566 1057 2496 1159; baseline 0.001 -27"><span class='ocrx_word' id='word_1_37' title='bbox 566 1057 953 1156; x_wconf 78' lang='lat' dir='ltr'>Auspiciis</span> <span class='ocrx_word' id='word_1_38' title='bbox 1006 1073 1247 1136; x_wconf 92' lang='lat' dir='ltr'>totum</span> <span class='ocrx_word' id='word_1_39' title='bbox 1305 1063 1656 1137; x_wconf 86' lang='lat' dir='ltr'>confecta</span> <span class='ocrx_word' id='word_1_40' title='bbox 1708 1062 1968 1138; x_wconf 88' lang='lat' dir='ltr'>duella</span> <span class='ocrx_word' id='word_1_41' title='bbox 2020 1087 2163 1159; x_wconf 90' lang='lat' dir='ltr'>per</span> <span class='ocrx_word' id='word_1_42' title='bbox 2207 1061 2496 1154; x_wconf 88' lang='lat' dir='ltr'>orbem,</span> 
     </span>
     <span class='ocr_line' id='line_1_10' title="bbox 460 1182 2626 1284; baseline 0.003 -32"><span class='ocrx_word' id='word_1_43' title='bbox 460 1214 537 1255; x_wconf 60' lang='grc' dir='ltr'>επις</span> <span class='ocrx_word' id='word_1_44' title='bbox 566 1182 1071 1284; x_wconf 84' lang='lat' dir='ltr'>Claustraque</span> <span class='ocrx_word' id='word_1_45' title='bbox 1124 1187 1519 1262; x_wconf 77' lang='lat' dir='ltr'>custodem</span> <span class='ocrx_word' id='word_1_46' title='bbox 1574 1189 1787 1284; x_wconf 81' lang='lat' dir='ltr'>pacis</span> <span class='ocrx_word' id='word_1_47' title='bbox 1841 1187 2281 1264; x_wconf 84' lang='lat' dir='ltr'>cohibentia</span> <span class='ocrx_word' id='word_1_48' title='bbox 2329 1186 2626 1280; x_wconf 84' lang='lat' dir='ltr'>Ianum,</span> 
     </span>
     <span class='ocr_line' id='line_1_11' title="bbox 560 1307 2504 1412; baseline 0.003 -31"><span class='ocrx_word' id='word_1_49' title='bbox 560 1307 658 1382; x_wconf 86' lang='lat' dir='ltr'>Et</span> <span class='ocrx_word' id='word_1_50' title='bbox 716 1311 1207 1386; x_wconf 83' lang='lat' dir='ltr'>formidatam</span> <span class='ocrx_word' id='word_1_51' title='bbox 1270 1312 1568 1388; x_wconf 88' lang='lat' dir='ltr'>Parthis</span> <span class='ocrx_word' id='word_1_52' title='bbox 1624 1327 1700 1388; x_wconf 93' lang='lat' dir='ltr'>te</span> <span class='ocrx_word' id='word_1_53' title='bbox 1752 1313 2102 1412; x_wconf 86' lang='lat' dir='ltr'>principe</span> <span class='ocrx_word' id='word_1_54' title='bbox 2155 1313 2504 1405; x_wconf 84' lang='lat' dir='ltr'>Romam,</span> 
     </span>
     <span class='ocr_line' id='line_1_12' title="bbox 560 1431 2974 1537; baseline -0.001 -28"><span class='ocrx_word' id='word_1_55' title='bbox 560 1431 663 1529; x_wconf 87' lang='lat' dir='ltr'>Si,</span> <span class='ocrx_word' id='word_1_56' title='bbox 702 1449 1070 1533; x_wconf 88' lang='lat' dir='ltr'>quantum</span> <span class='ocrx_word' id='word_1_57' title='bbox 1099 1461 1487 1537; x_wconf 88' lang='lat' dir='ltr'>cuperem,</span> <span class='ocrx_word' id='word_1_58' title='bbox 1509 1463 1814 1535; x_wconf 90' lang='lat' dir='ltr'>possem</span> <span class='ocrx_word' id='word_1_59' title='bbox 1841 1462 2185 1536; x_wconf 92' lang='lat' dir='ltr'>quoque:</span> <span class='ocrx_word' id='word_1_60' title='bbox 2212 1436 2348 1512; x_wconf 88' lang='lat' dir='ltr'>sed</span> <span class='ocrx_word' id='word_1_61' title='bbox 2365 1459 2608 1533; x_wconf 90' lang='lat' dir='ltr'>neque</span> <span class='ocrx_word' id='word_1_62' title='bbox 2637 1459 2974 1530; x_wconf 82' lang='lat' dir='ltr'>parvum</span> 
     </span>
     <span class='ocr_line' id='line_1_13' title="bbox 568 1557 2564 1660; baseline 0.001 -27"><span class='ocrx_word' id='word_1_63' title='bbox 568 1557 899 1635; x_wconf 86' lang='lat' dir='ltr'>Carmen</span> <span class='ocrx_word' id='word_1_64' title='bbox 958 1562 1315 1636; x_wconf 87' lang='lat' dir='ltr'>maiestas</span> <span class='ocrx_word' id='word_1_65' title='bbox 1367 1563 1646 1660; x_wconf 79' lang='lat' dir='ltr'>recipit</span> <span class='ocrx_word' id='word_1_66' title='bbox 1694 1577 1828 1638; x_wconf 86' lang='lat' dir='ltr'>tua</span> <span class='ocrx_word' id='word_1_67' title='bbox 1869 1587 2010 1636; x_wconf 89' lang='lat' dir='ltr'>nec</span> <span class='ocrx_word' id='word_1_68' title='bbox 2063 1587 2278 1636; x_wconf 90' lang='lat' dir='ltr'>meus</span> <span class='ocrx_word' id='word_1_69' title='bbox 2332 1561 2564 1636; x_wconf 91' lang='lat' dir='ltr'>audet</span> 
     </span>
     <span class='ocr_line' id='line_1_14' title="bbox 560 1683 2645 1785; baseline 0.001 -28"><span class='ocrx_word' id='word_1_70' title='bbox 560 1683 753 1758; x_wconf 88' lang='lat' dir='ltr'>Rem</span> <span class='ocrx_word' id='word_1_71' title='bbox 803 1699 1099 1761; x_wconf 87' lang='lat' dir='ltr'>tentare</span> <span class='ocrx_word' id='word_1_72' title='bbox 1150 1686 1425 1782; x_wconf 88' lang='lat' dir='ltr'>pudor,</span> <span class='ocrx_word' id='word_1_73' title='bbox 1480 1711 1716 1785; x_wconf 89' lang='lat' dir='ltr'>quam</span> <span class='ocrx_word' id='word_1_74' title='bbox 1739 1771 1746 1780; x_wconf 85' lang='lat'>.</span> <span class='ocrx_word' id='word_1_75' title='bbox 1768 1687 1966 1761; x_wconf 85' lang='lat' dir='ltr'>vires</span> <span class='ocrx_word' id='word_1_76' title='bbox 2011 1687 2218 1761; x_wconf 90' lang='lat' dir='ltr'>ferre</span> <span class='ocrx_word' id='word_1_77' title='bbox 2271 1701 2645 1760; x_wconf 84' lang='lat' dir='ltr'>recusent.</span> 
     </span>
     <span class='ocr_line' id='line_1_15' title="bbox 464 1808 2489 1911; baseline 0 -29"><span class='ocrx_word' id='word_1_78' title='bbox 464 1843 539 1882; x_wconf 61' lang='grc' dir='ltr'>πο</span> <span class='ocrx_word' id='word_1_79' title='bbox 564 1808 947 1886; x_wconf 84' lang='lat' dir='ltr'>Sedulitas</span> <span class='ocrx_word' id='word_1_80' title='bbox 1001 1823 1261 1887; x_wconf 85' lang='lat' dir='ltr'>autem</span> <span class='ocrx_word' id='word_1_81' title='bbox 1314 1810 1567 1907; x_wconf 88' lang='lat' dir='ltr'>stulte,</span> <span class='ocrx_word' id='word_1_82' title='bbox 1626 1838 1854 1911; x_wconf 87' lang='lat' dir='ltr'>quem</span> <span class='ocrx_word' id='word_1_83' title='bbox 1908 1810 2189 1908; x_wconf 84' lang='lat' dir='ltr'>diligit,</span> <span class='ocrx_word' id='word_1_84' title='bbox 2245 1821 2489 1908; x_wconf 86' lang='lat' dir='ltr'>urget,</span> 
     </span>
     <span class='ocr_line' id='line_1_16' title="bbox 564 1935 2660 2034; baseline 0 -25"><span class='ocrx_word' id='word_1_85' title='bbox 564 1935 985 2034; x_wconf 88' lang='lat' dir='ltr'>Praecipue</span> <span class='ocrx_word' id='word_1_86' title='bbox 1039 1964 1211 2013; x_wconf 90' lang='lat' dir='ltr'>cum</span> <span class='ocrx_word' id='word_1_87' title='bbox 1265 1964 1346 2013; x_wconf 89' lang='lat' dir='ltr'>se</span> <span class='ocrx_word' id='word_1_88' title='bbox 1396 1939 1736 2012; x_wconf 88' lang='lat' dir='ltr'>numeris</span> <span class='ocrx_word' id='word_1_89' title='bbox 1785 1935 2273 2012; x_wconf 81' lang='lat' dir='ltr'>commendat</span> <span class='ocrx_word' id='word_1_90' title='bbox 2323 1949 2400 2011; x_wconf 88' lang='lat' dir='ltr'>et</span> <span class='ocrx_word' id='word_1_91' title='bbox 2453 1949 2660 2010; x_wconf 89' lang='lat' dir='ltr'>arte:</span> 
     </span>
     <span class='ocr_line' id='line_1_17' title="bbox 560 2060 2530 2161; baseline 0.001 -27"><span class='ocrx_word' id='word_1_92' title='bbox 560 2061 800 2136; x_wconf 88' lang='lat' dir='ltr'>Discit</span> <span class='ocrx_word' id='word_1_93' title='bbox 851 2063 1051 2137; x_wconf 89' lang='lat' dir='ltr'>enim</span> <span class='ocrx_word' id='word_1_94' title='bbox 1102 2065 1319 2139; x_wconf 86' lang='lat' dir='ltr'>citius</span> <span class='ocrx_word' id='word_1_95' title='bbox 1374 2063 1874 2161; x_wconf 87' lang='lat' dir='ltr'>meminitque</span> <span class='ocrx_word' id='word_1_96' title='bbox 1922 2062 2286 2138; x_wconf 88' lang='lat' dir='ltr'>libentius</span> <span class='ocrx_word' id='word_1_97' title='bbox 2339 2060 2530 2136; x_wconf 87' lang='lat' dir='ltr'>illud</span> 
     </span>
     <span class='ocr_line' id='line_1_18' title="bbox 563 2186 2872 2288; baseline -0.001 -27"><span class='ocrx_word' id='word_1_98' title='bbox 563 2186 790 2278; x_wconf 85' lang='lat' dir='ltr'>Quod</span> <span class='ocrx_word' id='word_1_99' title='bbox 841 2189 1011 2286; x_wconf 90' lang='lat' dir='ltr'>quis</span> <span class='ocrx_word' id='word_1_100' title='bbox 1060 2188 1386 2285; x_wconf 87' lang='lat' dir='ltr'>deridet,</span> <span class='ocrx_word' id='word_1_101' title='bbox 1437 2215 1667 2288; x_wconf 89' lang='lat' dir='ltr'>quam</span> <span class='ocrx_word' id='word_1_102' title='bbox 1709 2189 1917 2287; x_wconf 90' lang='lat' dir='ltr'>quod</span> <span class='ocrx_word' id='word_1_103' title='bbox 1969 2189 2252 2288; x_wconf 87' lang='lat' dir='ltr'>probat</span> <span class='ocrx_word' id='word_1_104' title='bbox 2301 2201 2380 2262; x_wconf 88' lang='lat' dir='ltr'>et</span> <span class='ocrx_word' id='word_1_105' title='bbox 2430 2197 2872 2262; x_wconf 81' lang='lat' dir='ltr'>veneratur.</span> 
     </span>
     <span class='ocr_line' id='line_1_19' title="bbox 560 2309 2872 2412; baseline -0.001 -27"><span class='ocrx_word' id='word_1_106' title='bbox 560 2311 689 2385; x_wconf 92' lang='lat' dir='ltr'>Nil</span> <span class='ocrx_word' id='word_1_107' title='bbox 736 2337 1002 2386; x_wconf 93' lang='lat' dir='ltr'>moror</span> <span class='ocrx_word' id='word_1_108' title='bbox 1056 2312 1393 2388; x_wconf 81' lang='lat' dir='ltr'>officium</span> <span class='ocrx_word' id='word_1_109' title='bbox 1452 2314 1660 2412; x_wconf 90' lang='lat' dir='ltr'>quod</span> <span class='ocrx_word' id='word_1_110' title='bbox 1717 2340 1841 2391; x_wconf 92' lang='lat' dir='ltr'>me</span> <span class='ocrx_word' id='word_1_111' title='bbox 1891 2325 2184 2411; x_wconf 84' lang='lat' dir='ltr'>gravat,</span> <span class='ocrx_word' id='word_1_112' title='bbox 2239 2337 2328 2388; x_wconf 90' lang='lat' dir='ltr'>ac</span> <span class='ocrx_word' id='word_1_113' title='bbox 2379 2336 2634 2409; x_wconf 90' lang='lat' dir='ltr'>neque</span> <span class='ocrx_word' id='word_1_114' title='bbox 2683 2309 2872 2384; x_wconf 88' lang='lat' dir='ltr'>ficto</span> 
     </span>
     <span class='ocr_line' id='line_1_20' title="bbox 458 2434 2264 2536; baseline 0.004 -32"><span class='ocrx_word' id='word_1_115' title='bbox 458 2467 532 2505; x_wconf 60' lang='grc' dir='ltr'>ρει,</span> <span class='ocrx_word' id='word_1_116' title='bbox 559 2434 651 2509; x_wconf 92' lang='lat' dir='ltr'>In</span> <span class='ocrx_word' id='word_1_117' title='bbox 705 2436 921 2530; x_wconf 88' lang='lat' dir='ltr'>peius</span> <span class='ocrx_word' id='word_1_118' title='bbox 976 2438 1191 2514; x_wconf 89' lang='lat' dir='ltr'>vultu</span> <span class='ocrx_word' id='word_1_119' title='bbox 1242 2441 1577 2536; x_wconf 89' lang='lat' dir='ltr'>proponi</span> <span class='ocrx_word' id='word_1_120' title='bbox 1631 2463 1894 2513; x_wconf 87' lang='lat' dir='ltr'>cereus</span> <span class='ocrx_word' id='word_1_121' title='bbox 1944 2463 2264 2536; x_wconf 84' lang='lat' dir='ltr'>usquam</span> 
     </span>
     <span class='ocr_line' id='line_1_21' title="bbox 560 2561 2358 2658; baseline 0.001 -24"><span class='ocrx_word' id='word_1_122' title='bbox 560 2561 721 2635; x_wconf 90' lang='lat' dir='ltr'>Nec</span> <span class='ocrx_word' id='word_1_123' title='bbox 774 2588 1011 2658; x_wconf 88' lang='lat' dir='ltr'>prave</span> <span class='ocrx_word' id='word_1_124' title='bbox 1064 2563 1287 2638; x_wconf 89' lang='lat' dir='ltr'>factis</span> <span class='ocrx_word' id='word_1_125' title='bbox 1341 2563 1696 2639; x_wconf 89' lang='lat' dir='ltr'>decorari</span> <span class='ocrx_word' id='word_1_126' title='bbox 1749 2565 2094 2638; x_wconf 87' lang='lat' dir='ltr'>versibus</span> <span class='ocrx_word' id='word_1_127' title='bbox 2150 2576 2358 2658; x_wconf 88' lang='lat' dir='ltr'>opto,</span> 
     </span>
     <span class='ocr_line' id='line_1_22' title="bbox 559 2685 2444 2786; baseline 0 -26"><span class='ocrx_word' id='word_1_128' title='bbox 559 2685 675 2760; x_wconf 93' lang='lat' dir='ltr'>Ne</span> <span class='ocrx_word' id='word_1_129' title='bbox 730 2689 1043 2762; x_wconf 89' lang='lat' dir='ltr'>rubeam</span> <span class='ocrx_word' id='word_1_130' title='bbox 1098 2687 1373 2786; x_wconf 84' lang='lat' dir='ltr'>pingui</span> <span class='ocrx_word' id='word_1_131' title='bbox 1426 2688 1750 2764; x_wconf 88' lang='lat' dir='ltr'>donatus</span> <span class='ocrx_word' id='word_1_132' title='bbox 1793 2714 2108 2764; x_wconf 90' lang='lat' dir='ltr'>munere</span> <span class='ocrx_word' id='word_1_133' title='bbox 2161 2699 2239 2764; x_wconf 89' lang='lat' dir='ltr'>et</span> <span class='ocrx_word' id='word_1_134' title='bbox 2287 2709 2444 2760; x_wconf 84' lang='lat' dir='ltr'>una</span> 
     </span>
    </p>
   </div>
   <div class='ocr_carea' id='block_1_7' title="bbox 458 2942 1612 4652">
    <p class='ocr_par' dir='ltr' id='par_1_7' title="bbox 458 2942 1612 4652">
     <span class='ocr_line' id='line_1_23' title="bbox 458 2942 1605 3016; baseline 0.01 -22"><span class='ocrx_word' id='word_1_135' title='bbox 458 2942 780 3011; x_wconf 83' lang='lat' dir='ltr'>Augustum</span> <span class='ocrx_word' id='word_1_136' title='bbox 836 2943 1077 3014; x_wconf 85' lang='lat' dir='ltr'>scripsit.</span> <span class='ocrx_word' id='word_1_137' title='bbox 1138 2975 1203 2985; x_wconf 89' lang='lat'>—</span> <span class='ocrx_word' id='word_1_138' title='bbox 1256 2961 1354 3002; x_wconf 74' lang='lat' dir='ltr'>nec</span> <span class='ocrx_word' id='word_1_139' title='bbox 1408 2947 1605 3016; x_wconf 70' lang='lat' dir='ltr'>mayia]</span> 
     </span>
     <span class='ocr_line' id='line_1_24' title="bbox 460 3012 1608 3088; baseline 0.006 -23"><span class='ocrx_word' id='word_1_140' title='bbox 460 3013 529 3066; x_wconf 85' lang='lat' dir='ltr'>cf.</span> <span class='ocrx_word' id='word_1_141' title='bbox 582 3012 763 3067; x_wconf 87' lang='lat' dir='ltr'>Carm.</span> <span class='ocrx_word' id='word_1_142' title='bbox 810 3014 906 3084; x_wconf 88' lang='lat' dir='ltr'>IV,</span> <span class='ocrx_word' id='word_1_143' title='bbox 940 3019 994 3084; x_wconf 80' lang='lat'>8,</span> <span class='ocrx_word' id='word_1_144' title='bbox 1036 3019 1101 3070; x_wconf 85' lang='lat'>13</span> <span class='ocrx_word' id='word_1_145' title='bbox 1140 3034 1261 3086; x_wconf 87' lang='lat' dir='ltr'>sqq.</span> <span class='ocrx_word' id='word_1_146' title='bbox 1331 3017 1441 3072; x_wconf 86' lang='lat' dir='ltr'>Cic.</span> <span class='ocrx_word' id='word_1_147' title='bbox 1502 3035 1608 3088; x_wconf 87' lang='lat' dir='ltr'>pro</span> 
     </span>
     <span class='ocr_line' id='line_1_25' title="bbox 458 3083 1609 3152; baseline 0.004 -14"><span class='ocrx_word' id='word_1_148' title='bbox 458 3083 631 3138; x_wconf 82' lang='lat' dir='ltr'>Arch.</span> <span class='ocrx_word' id='word_1_149' title='bbox 672 3086 755 3152; x_wconf 84' lang='lat'>12,</span> <span class='ocrx_word' id='word_1_150' title='bbox 793 3087 879 3140; x_wconf 85' lang='lat'>30.</span> <span class='ocrx_word' id='word_1_151' title='bbox 918 3115 982 3126; x_wconf 90' lang='lat'>—-</span> <span class='ocrx_word' id='word_1_152' title='bbox 1030 3085 1317 3152; x_wconf 76' lang='lat' dir='ltr'>sernwms]</span> <span class='ocrx_word' id='word_1_153' title='bbox 1353 3089 1483 3143; x_wconf 84' lang='lat' dir='ltr'>vide</span> <span class='ocrx_word' id='word_1_154' title='bbox 1520 3107 1609 3142; x_wconf 88' lang='lat' dir='ltr'>su-</span> 
     </span>
     <span class='ocr_line' id='line_1_26' title="bbox 460 3157 1609 3228; baseline 0.006 -20"><span class='ocrx_word' id='word_1_155' title='bbox 460 3171 565 3222; x_wconf 87' lang='lat' dir='ltr'>pra</span> <span class='ocrx_word' id='word_1_156' title='bbox 606 3173 661 3224; x_wconf 90' lang='lat' dir='ltr'>p.</span> <span class='ocrx_word' id='word_1_157' title='bbox 699 3159 821 3210; x_wconf 82' lang='lat'>342.</span> <span class='ocrx_word' id='word_1_158' title='bbox 896 3157 1165 3228; x_wconf 77' lang='lat' dir='ltr'>Repentes</span> <span class='ocrx_word' id='word_1_159' title='bbox 1210 3159 1279 3214; x_wconf 86' lang='lat' dir='ltr'>cf.</span> <span class='ocrx_word' id='word_1_160' title='bbox 1317 3162 1387 3213; x_wconf 81' lang='lat' dir='ltr'>A.</span> <span class='ocrx_word' id='word_1_161' title='bbox 1425 3161 1486 3214; x_wconf 91' lang='lat' dir='ltr'>P.</span> <span class='ocrx_word' id='word_1_162' title='bbox 1522 3163 1609 3215; x_wconf 82' lang='grc'><strong>95.</strong></span> 
     </span>
     <span class='ocr_line' id='line_1_27' title="bbox 460 3225 1610 3300; baseline 0.004 -20"><span class='ocrx_word' id='word_1_163' title='bbox 460 3225 573 3280; x_wconf 85' lang='lat' dir='ltr'>Sat.</span> <span class='ocrx_word' id='word_1_164' title='bbox 612 3228 685 3294; x_wconf 87' lang='lat'>11,</span> <span class='ocrx_word' id='word_1_165' title='bbox 722 3232 773 3296; x_wconf 89' lang='lat'>6,</span> <span class='ocrx_word' id='word_1_166' title='bbox 817 3232 899 3281; x_wconf 93' lang='grc'><strong>17.</strong></span> <span class='ocrx_word' id='word_1_167' title='bbox 946 3229 1155 3284; x_wconf 88' lang='lat' dir='ltr'>Similis</span> <span class='ocrx_word' id='word_1_168' title='bbox 1193 3236 1277 3285; x_wconf 89' lang='lat' dir='ltr'>est</span> <span class='ocrx_word' id='word_1_169' title='bbox 1312 3232 1610 3300; x_wconf 84' lang='lat' dir='ltr'>excusati0‚</span> 
     </span>
     <span class='ocr_line' id='line_1_28' title="bbox 460 3300 1610 3373; baseline 0.002 -19"><span class='ocrx_word' id='word_1_170' title='bbox 460 3317 560 3354; x_wconf 83' lang='lat' dir='ltr'>cur</span> <span class='ocrx_word' id='word_1_171' title='bbox 626 3300 904 3355; x_wconf 84' lang='lat' dir='ltr'>abstineat</span> <span class='ocrx_word' id='word_1_172' title='bbox 958 3319 993 3356; x_wconf 85' lang='lat' dir='ltr'>a</span> <span class='ocrx_word' id='word_1_173' title='bbox 1045 3302 1338 3356; x_wconf 83' lang='lat' dir='ltr'>laudandis</span> <span class='ocrx_word' id='word_1_174' title='bbox 1392 3303 1610 3373; x_wconf 81' lang='lat' dir='ltr'>magnis</span> 
     </span>
     <span class='ocr_line' id='line_1_29' title="bbox 458 3371 1612 3443; baseline 0.002 -19"><span class='ocrx_word' id='word_1_175' title='bbox 458 3371 625 3426; x_wconf 87' lang='lat' dir='ltr'>rebus</span> <span class='ocrx_word' id='word_1_176' title='bbox 662 3374 837 3442; x_wconf 85' lang='lat' dir='ltr'>gestis</span> <span class='ocrx_word' id='word_1_177' title='bbox 860 3373 1122 3442; x_wconf 83' lang='lat' dir='ltr'>Augusti,</span> <span class='ocrx_word' id='word_1_178' title='bbox 1162 3373 1339 3428; x_wconf 82' lang='lat' dir='ltr'>Carm.</span> <span class='ocrx_word' id='word_1_179' title='bbox 1364 3374 1405 3440; x_wconf 92' lang='grc' dir='ltr'>Ι,</span> <span class='ocrx_word' id='word_1_180' title='bbox 1424 3375 1474 3426; x_wconf 85' lang='grc'><strong>6.</strong></span> <span class='ocrx_word' id='word_1_181' title='bbox 1512 3374 1612 3443; x_wconf 87' lang='lat' dir='ltr'>IV,</span> 
     </span>
     <span class='ocr_line' id='line_1_30' title="bbox 466 3443 1610 3513; baseline 0.004 -19"><span class='ocrx_word' id='word_1_182' title='bbox 466 3446 547 3495; x_wconf 86' lang='lat'>15.</span> <span class='ocrx_word' id='word_1_183' title='bbox 583 3471 651 3482; x_wconf 91' lang='lat'>—</span> <span class='ocrx_word' id='word_1_184' title='bbox 687 3443 961 3498; x_wconf 74' lang='lat' dir='ltr'>montibus</span> <span class='ocrx_word' id='word_1_185' title='bbox 996 3444 1302 3513; x_wconf 76' lang='lat' dir='ltr'>impositas]</span> <span class='ocrx_word' id='word_1_186' title='bbox 1340 3445 1409 3499; x_wconf 88' lang='lat' dir='ltr'>cf.</span> <span class='ocrx_word' id='word_1_187' title='bbox 1430 3445 1610 3500; x_wconf 83' lang='lat' dir='ltr'>Carm.</span> 
     </span>
     <span class='ocr_line' id='line_1_31' title="bbox 458 3513 1609 3584; baseline 0.003 -18"><span class='ocrx_word' id='word_1_188' title='bbox 458 3513 554 3580; x_wconf 87' lang='lat' dir='ltr'>lv,</span> <span class='ocrx_word' id='word_1_189' title='bbox 612 3516 694 3581; x_wconf 83' lang='lat'>14,</span> <span class='ocrx_word' id='word_1_190' title='bbox 756 3519 834 3568; x_wconf 89' lang='grc'>12.</span> <span class='ocrx_word' id='word_1_191' title='bbox 892 3543 959 3554; x_wconf 90' lang='grc'><strong>-</strong></span> <span class='ocrx_word' id='word_1_192' title='bbox 1018 3516 1131 3568; x_wconf 76' lang='lat' dir='ltr'>tuis</span> <span class='ocrx_word' id='word_1_193' title='bbox 1184 3515 1473 3584; x_wconf 52' lang='lat' dir='ltr'>auspiciis}</span> <span class='ocrx_word' id='word_1_194' title='bbox 1536 3517 1609 3572; x_wconf 82' lang='lat' dir='ltr'>cf.</span> 
     </span>
     <span class='ocr_line' id='line_1_32' title="bbox 461 3583 1610 3653; baseline 0.005 -16"><span class='ocrx_word' id='word_1_195' title='bbox 461 3583 643 3638; x_wconf 88' lang='lat' dir='ltr'>Carm.</span> <span class='ocrx_word' id='word_1_196' title='bbox 689 3584 785 3653; x_wconf 89' lang='lat' dir='ltr'>1v,</span> <span class='ocrx_word' id='word_1_197' title='bbox 836 3588 917 3646; x_wconf 87' lang='lat'>14.</span> <span class='ocrx_word' id='word_1_198' title='bbox 973 3589 1060 3640; x_wconf 82' lang='lat'>33.</span> <span class='ocrx_word' id='word_1_199' title='bbox 1134 3587 1357 3642; x_wconf 87' lang='lat' dir='ltr'>Sueten.</span> <span class='ocrx_word' id='word_1_200' title='bbox 1414 3586 1610 3643; x_wconf 82' lang='lat' dir='ltr'>Octav.</span> 
     </span>
     <span class='ocr_line' id='line_1_33' title="bbox 458 3655 1612 3728; baseline 0.005 -21"><span class='ocrx_word' id='word_1_201' title='bbox 458 3657 553 3708; x_wconf 84' lang='lat'>21:</span> <span class='ocrx_word' id='word_1_202' title='bbox 612 3655 881 3724; x_wconf 88' lang='lat' dir='ltr'>„Domuit</span> <span class='ocrx_word' id='word_1_203' title='bbox 924 3659 1133 3726; x_wconf 85' lang='lat' dir='ltr'>partim</span> <span class='ocrx_word' id='word_1_204' title='bbox 1180 3659 1351 3714; x_wconf 87' lang='lat' dir='ltr'>ductu</span> <span class='ocrx_word' id='word_1_205' title='bbox 1401 3661 1612 3728; x_wconf 87' lang='lat' dir='ltr'>partim</span> 
     </span>
     <span class='ocr_line' id='line_1_34' title="bbox 460 3727 1612 3800; baseline 0.003 -18"><span class='ocrx_word' id='word_1_206' title='bbox 460 3727 722 3795; x_wconf 82' lang='lat' dir='ltr'>auspiciis</span> <span class='ocrx_word' id='word_1_207' title='bbox 778 3729 892 3782; x_wconf 87' lang='lat' dir='ltr'>suis</span> <span class='ocrx_word' id='word_1_208' title='bbox 949 3730 1325 3798; x_wconf 83' lang='lat' dir='ltr'>Cantabriam,</span> <span class='ocrx_word' id='word_1_209' title='bbox 1374 3733 1612 3800; x_wconf 87' lang='lat' dir='ltr'>Aquita-</span> 
     </span>
     <span class='ocr_line' id='line_1_35' title="bbox 458 3799 1610 3868; baseline 0.004 -17"><span class='ocrx_word' id='word_1_210' title='bbox 458 3799 629 3858; x_wconf 78' lang='lat' dir='ltr'>niam.</span> <span class='ocrx_word' id='word_1_211' title='bbox 667 3799 1029 3868; x_wconf 82' lang='lat' dir='ltr'>Pannoniam,</span> <span class='ocrx_word' id='word_1_212' title='bbox 1087 3801 1427 3856; x_wconf 82' lang='lat' dir='ltr'>Dalmatiam</span> <span class='ocrx_word' id='word_1_213' title='bbox 1482 3821 1610 3857; x_wconf 88' lang='lat' dir='ltr'>cum</span> 
     </span>
     <span class='ocr_line' id='line_1_36' title="bbox 459 3868 1611 3938; baseline 0.005 -17"><span class='ocrx_word' id='word_1_214' title='bbox 459 3868 685 3936; x_wconf 81' lang='lat' dir='ltr'>Illyrico</span> <span class='ocrx_word' id='word_1_215' title='bbox 722 3872 893 3938; x_wconf 91' lang='lat' dir='ltr'>omni,</span> <span class='ocrx_word' id='word_1_216' title='bbox 932 3872 1071 3926; x_wconf 89' lang='lat' dir='ltr'>item</span> <span class='ocrx_word' id='word_1_217' title='bbox 1106 3872 1361 3926; x_wconf 87' lang='lat' dir='ltr'>Raetiam</span> <span class='ocrx_word' id='word_1_218' title='bbox 1400 3879 1458 3927; x_wconf 89' lang='lat' dir='ltr'>et</span> <span class='ocrx_word' id='word_1_219' title='bbox 1478 3873 1611 3927; x_wconf 86' lang='lat' dir='ltr'>Vin-</span> 
     </span>
     <span class='ocr_line' id='line_1_37' title="bbox 458 3941 1612 4014; baseline 0.005 -20"><span class='ocrx_word' id='word_1_220' title='bbox 458 3941 665 3994; x_wconf 87' lang='lat' dir='ltr'>delicos</span> <span class='ocrx_word' id='word_1_221' title='bbox 706 3948 761 3996; x_wconf 87' lang='lat' dir='ltr'>et</span> <span class='ocrx_word' id='word_1_222' title='bbox 782 3942 1079 3998; x_wconf 87' lang='lat' dir='ltr'>Salassos.“</span> <span class='ocrx_word' id='word_1_223' title='bbox 1118 3973 1183 3984; x_wconf 90' lang='lat'>--</span> <span class='ocrx_word' id='word_1_224' title='bbox 1218 3944 1443 4014; x_wconf 74' lang='lat' dir='ltr'>Ianum]</span> <span class='ocrx_word' id='word_1_225' title='bbox 1480 3946 1612 4000; x_wconf 81' lang='lat' dir='ltr'>vide</span> 
     </span>
     <span class='ocr_line' id='line_1_38' title="bbox 459 4011 1610 4086; baseline 0.005 -22"><span class='ocrx_word' id='word_1_226' title='bbox 459 4011 533 4065; x_wconf 88' lang='lat' dir='ltr'>ad</span> <span class='ocrx_word' id='word_1_227' title='bbox 571 4011 753 4067; x_wconf 86' lang='lat' dir='ltr'>Carm.</span> <span class='ocrx_word' id='word_1_228' title='bbox 782 4013 877 4082; x_wconf 90' lang='lat' dir='ltr'>IV,</span> <span class='ocrx_word' id='word_1_229' title='bbox 904 4017 987 4068; x_wconf 90' lang='grc'><strong>15.</strong></span> <span class='ocrx_word' id='word_1_230' title='bbox 1022 4032 1076 4082; x_wconf 89' lang='lat' dir='ltr'>p.</span> <span class='ocrx_word' id='word_1_231' title='bbox 1106 4017 1229 4068; x_wconf 79' lang='lat'>284.</span> <span class='ocrx_word' id='word_1_232' title='bbox 1260 4045 1323 4056; x_wconf 93' lang='lat'><strong>—</strong></span> <span class='ocrx_word' id='word_1_233' title='bbox 1354 4016 1610 4086; x_wconf 71' lang='lat' dir='ltr'>Parthis]</span> 
     </span>
     <span class='ocr_line' id='line_1_39' title="bbox 458 4081 1610 4154; baseline 0.004 -18"><span class='ocrx_word' id='word_1_234' title='bbox 458 4082 531 4137; x_wconf 86' lang='lat' dir='ltr'>cf.</span> <span class='ocrx_word' id='word_1_235' title='bbox 554 4081 733 4137; x_wconf 85' lang='lat' dir='ltr'>Carm.</span> <span class='ocrx_word' id='word_1_236' title='bbox 753 4084 855 4152; x_wconf 90' lang='lat'>111,</span> <span class='ocrx_word' id='word_1_237' title='bbox 875 4089 927 4152; x_wconf 91' lang='grc'>5,</span> <span class='ocrx_word' id='word_1_238' title='bbox 946 4088 981 4137; x_wconf 90' lang='grc'><strong>2</strong></span> <span class='ocrx_word' id='word_1_239' title='bbox 1000 4103 1119 4154; x_wconf 89' lang='lat' dir='ltr'>sqq.</span> <span class='ocrx_word' id='word_1_240' title='bbox 1142 4085 1323 4142; x_wconf 79' lang='lat' dir='ltr'>Carm-</span> <span class='ocrx_word' id='word_1_241' title='bbox 1348 4085 1499 4141; x_wconf 86' lang='lat' dir='ltr'>Saec.</span> <span class='ocrx_word' id='word_1_242' title='bbox 1522 4091 1610 4141; x_wconf 82' lang='lat'>54.</span> 
     </span>
     <span class='ocr_line' id='line_1_40' title="bbox 459 4152 1612 4226; baseline 0.005 -19"><span class='ocrx_word' id='word_1_243' title='bbox 459 4153 575 4208; x_wconf 84' lang='lat' dir='ltr'>Sat.</span> <span class='ocrx_word' id='word_1_244' title='bbox 609 4152 679 4218; x_wconf 91' lang='lat'>11,</span> <span class='ocrx_word' id='word_1_245' title='bbox 710 4157 759 4222; x_wconf 88' lang='grc'>5,</span> <span class='ocrx_word' id='word_1_246' title='bbox 790 4158 875 4210; x_wconf 89' lang='grc'>62.</span> <span class='ocrx_word' id='word_1_247' title='bbox 912 4157 1091 4226; x_wconf 88' lang='lat' dir='ltr'>Epist.</span> <span class='ocrx_word' id='word_1_248' title='bbox 1120 4158 1170 4224; x_wconf 91' lang='grc' dir='ltr'>Ι,</span> <span class='ocrx_word' id='word_1_249' title='bbox 1193 4158 1278 4225; x_wconf 89' lang='grc'><strong>12,</strong></span> <span class='ocrx_word' id='word_1_250' title='bbox 1306 4159 1391 4211; x_wconf 87' lang='grc'><strong>27.</strong></span> <span class='ocrx_word' id='word_1_251' title='bbox 1420 4187 1485 4196; x_wconf 91' lang='grc'><strong>-</strong></span> <span class='ocrx_word' id='word_1_252' title='bbox 1520 4175 1612 4214; x_wconf 76' lang='lat' dir='ltr'>ne·</span> 
     </span>
     <span class='ocr_line' id='line_1_41' title="bbox 478 4225 1610 4300; baseline 0.006 -23"><span class='ocrx_word' id='word_1_253' title='bbox 478 4297 480 4300; x_wconf 10' lang='grc' dir='ltr'><em>Α</em></span> <span class='ocrx_word' id='word_1_254' title='bbox 534 4240 561 4278; x_wconf 83' lang='lat' dir='ltr'>e</span> <span class='ocrx_word' id='word_1_255' title='bbox 588 4225 843 4296; x_wconf 81' lang='lat' dir='ltr'>parvum]</span> <span class='ocrx_word' id='word_1_256' title='bbox 882 4226 953 4282; x_wconf 82' lang='lat' dir='ltr'>cf.</span> <span class='ocrx_word' id='word_1_257' title='bbox 978 4227 1092 4283; x_wconf 87' lang='lat' dir='ltr'>Sat.</span> <span class='ocrx_word' id='word_1_258' title='bbox 1122 4229 1194 4294; x_wconf 92' lang='grc' dir='ltr'>ΙΙ,</span> <span class='ocrx_word' id='word_1_259' title='bbox 1224 4230 1271 4296; x_wconf 91' lang='grc'>1,</span> <span class='ocrx_word' id='word_1_260' title='bbox 1306 4231 1384 4283; x_wconf 90' lang='grc'>12.</span> <span class='ocrx_word' id='word_1_261' title='bbox 1424 4230 1610 4284; x_wconf 78' lang='lat' dir='ltr'>Carm-</span> 
     </span>
     <span class='ocr_line' id='line_1_42' title="bbox 485 4293 1610 4370; baseline 0.008 -24"><span class='ocrx_word' id='word_1_262' title='bbox 485 4293 559 4361; x_wconf 92' lang='lat'>11,</span> <span class='ocrx_word' id='word_1_263' title='bbox 598 4297 647 4360; x_wconf 82' lang='lat'>3,</span> <span class='ocrx_word' id='word_1_264' title='bbox 686 4297 770 4349; x_wconf 87' lang='grc'>72.</span> <span class='ocrx_word' id='word_1_265' title='bbox 807 4299 894 4360; x_wconf 88' lang='grc'><strong>25,</strong></span> <span class='ocrx_word' id='word_1_266' title='bbox 938 4299 1019 4352; x_wconf 93' lang='grc'><strong>17.</strong></span> <span class='ocrx_word' id='word_1_267' title='bbox 1057 4299 1150 4367; x_wconf 85' lang='lat' dir='ltr'>IV,</span> <span class='ocrx_word' id='word_1_268' title='bbox 1191 4301 1243 4366; x_wconf 87' lang='grc'>2,</span> <span class='ocrx_word' id='word_1_269' title='bbox 1281 4301 1349 4352; x_wconf 89' lang='grc'><strong>27</strong></span> <span class='ocrx_word' id='word_1_270' title='bbox 1382 4317 1501 4370; x_wconf 85' lang='lat' dir='ltr'>sqq.</span> <span class='ocrx_word' id='word_1_271' title='bbox 1543 4330 1610 4340; x_wconf 95' lang='lat'>—</span> 
     </span>
     <span class='ocr_line' id='line_1_43' title="bbox 458 4367 1612 4440; baseline 0.009 -24"><span class='ocrx_word' id='word_1_272' title='bbox 458 4367 725 4435; x_wconf 74' lang='lat' dir='ltr'>recusent]</span> <span class='ocrx_word' id='word_1_273' title='bbox 764 4368 833 4422; x_wconf 82' lang='lat' dir='ltr'>cf.</span> <span class='ocrx_word' id='word_1_274' title='bbox 862 4371 931 4424; x_wconf 80' lang='lat' dir='ltr'>A.</span> <span class='ocrx_word' id='word_1_275' title='bbox 953 4369 1012 4422; x_wconf 93' lang='lat' dir='ltr'>P.</span> <span class='ocrx_word' id='word_1_276' title='bbox 1036 4371 1121 4424; x_wconf 87' lang='grc'><strong>39.</strong></span> <span class='ocrx_word' id='word_1_277' title='bbox 1152 4399 1217 4408; x_wconf 88' lang='grc'>-</span> <span class='ocrx_word' id='word_1_278' title='bbox 1241 4372 1421 4440; x_wconf 69' lang='lat' dir='ltr'>umet]</span> <span class='ocrx_word' id='word_1_279' title='bbox 1462 4372 1612 4426; x_wconf 87' lang='lat' dir='ltr'>idem</span> 
     </span>
     <span class='ocr_line' id='line_1_44' title="bbox 462 4433 1610 4513; baseline 0.01 -29"><span class='ocrx_word' id='word_1_280' title='bbox 462 4433 614 4500; x_wconf 86' lang='lat' dir='ltr'>quod</span> <span class='ocrx_word' id='word_1_281' title='bbox 648 4444 842 4503; x_wconf 73' lang='lat' dir='ltr'>qravat</span> <span class='ocrx_word' id='word_1_282' title='bbox 874 4457 927 4492; x_wconf 80' lang='lat' dir='ltr'>v.</span> <span class='ocrx_word' id='word_1_283' title='bbox 975 4441 1099 4494; x_wconf 82' lang='grc'><strong>264.</strong></span> <span class='ocrx_word' id='word_1_284' title='bbox 1139 4469 1204 4479; x_wconf 89' lang='grc'><strong>-</strong></span> <span class='ocrx_word' id='word_1_285' title='bbox 1244 4441 1410 4495; x_wconf 77' lang='lat' dir='ltr'>discit</span> <span class='ocrx_word' id='word_1_286' title='bbox 1444 4443 1610 4513; x_wconf 75' lang='lat' dir='ltr'>enim]</span> 
     </span>
     <span class='ocr_line' id='line_1_45' title="bbox 466 4503 1612 4584; baseline 0.014 -31"><span class='ocrx_word' id='word_1_287' title='bbox 466 4503 799 4584; x_wconf 81' lang='lat' dir='ltr'>„Imperitus</span> <span class='ocrx_word' id='word_1_288' title='bbox 856 4511 1131 4578; x_wconf 86' lang='lat' dir='ltr'>laudator,</span> <span class='ocrx_word' id='word_1_289' title='bbox 1186 4512 1317 4565; x_wconf 89' lang='lat' dir='ltr'>dum</span> <span class='ocrx_word' id='word_1_290' title='bbox 1375 4513 1612 4568; x_wconf 86' lang='lat' dir='ltr'>nimium</span> 
     </span>
     <span class='ocr_line' id='line_1_46' title="bbox 462 4573 1610 4652; baseline 0.014 -29"><span class='ocrx_word' id='word_1_291' title='bbox 462 4573 709 4628; x_wconf 73' lang='lat' dir='ltr'>studiose</span> <span class='ocrx_word' id='word_1_292' title='bbox 758 4579 967 4648; x_wconf 87' lang='lat' dir='ltr'>laudat,</span> <span class='ocrx_word' id='word_1_293' title='bbox 1016 4583 1195 4652; x_wconf 84' lang='lat' dir='ltr'>magis</span> <span class='ocrx_word' id='word_1_294' title='bbox 1247 4583 1507 4638; x_wconf 81' lang='lat' dir='ltr'>vulnerat</span> <span class='ocrx_word' id='word_1_295' title='bbox 1553 4591 1610 4639; x_wconf 85' lang='lat' dir='ltr'>et</span> 
     </span>
    </p>
   </div>
   <div class='ocr_carea' id='block_1_8' title="bbox 1704 2943 2876 4013">
    <p class='ocr_par' dir='ltr' id='par_1_8' title="bbox 1704 2943 2876 4013">
     <span class='ocr_line' id='line_1_47' title="bbox 1706 2943 2872 3016; baseline -0.002 -16"><span class='ocrx_word' id='word_1_296' title='bbox 1706 2947 1904 3000; x_wconf 86' lang='lat' dir='ltr'>atterit</span> <span class='ocrx_word' id='word_1_297' title='bbox 1938 2947 2104 3001; x_wconf 88' lang='lat' dir='ltr'>amici</span> <span class='ocrx_word' id='word_1_298' title='bbox 2139 2945 2400 3016; x_wconf 81' lang='lat' dir='ltr'>gloriam,</span> <span class='ocrx_word' id='word_1_299' title='bbox 2449 2944 2497 2998; x_wconf 91' lang='lat' dir='ltr'>si</span> <span class='ocrx_word' id='word_1_300' title='bbox 2542 2943 2710 2998; x_wconf 82' lang='lat' dir='ltr'>malis</span> <span class='ocrx_word' id='word_1_301' title='bbox 2751 2960 2872 2998; x_wconf 72' lang='lat' dir='ltr'>ver·</span> 
     </span>
     <span class='ocr_line' id='line_1_48' title="bbox 1704 3015 2872 3090; baseline -0.003 -18"><span class='ocrx_word' id='word_1_302' title='bbox 1704 3018 1858 3090; x_wconf 83' lang='lat' dir='ltr'>sibus</span> <span class='ocrx_word' id='word_1_303' title='bbox 1897 3018 1955 3071; x_wconf 90' lang='lat' dir='ltr'>id</span> <span class='ocrx_word' id='word_1_304' title='bbox 1989 3021 2140 3088; x_wconf 80' lang='lat' dir='ltr'>agat,</span> <span class='ocrx_word' id='word_1_305' title='bbox 2178 3034 2348 3085; x_wconf 88' lang='lat' dir='ltr'>quam</span> <span class='ocrx_word' id='word_1_306' title='bbox 2369 3015 2762 3082; x_wconf 81' lang='lat' dir='ltr'>commendat3</span> <span class='ocrx_word' id='word_1_307' title='bbox 2799 3015 2872 3069; x_wconf 81' lang='lat' dir='ltr'>ci-</span> 
     </span>
     <span class='ocr_line' id='line_1_49' title="bbox 1705 3087 2876 3157; baseline -0.003 -15"><span class='ocrx_word' id='word_1_308' title='bbox 1705 3090 1818 3142; x_wconf 88' lang='lat' dir='ltr'>tius</span> <span class='ocrx_word' id='word_1_309' title='bbox 1843 3089 1992 3143; x_wconf 88' lang='lat' dir='ltr'>enim</span> <span class='ocrx_word' id='word_1_310' title='bbox 2020 3089 2144 3157; x_wconf 87' lang='lat' dir='ltr'>quis</span> <span class='ocrx_word' id='word_1_311' title='bbox 2171 3087 2444 3142; x_wconf 87' lang='lat' dir='ltr'>memoria</span> <span class='ocrx_word' id='word_1_312' title='bbox 2471 3087 2876 3155; x_wconf 78' lang='lat' dir='ltr'>complectitur</span> 
     </span>
     <span class='ocr_line' id='line_1_50' title="bbox 1706 3157 2875 3229; baseline -0.003 -15"><span class='ocrx_word' id='word_1_313' title='bbox 1706 3161 1854 3229; x_wconf 92' lang='lat' dir='ltr'>quod</span> <span class='ocrx_word' id='word_1_314' title='bbox 1903 3160 2206 3214; x_wconf 86' lang='lat' dir='ltr'>ridiculum</span> <span class='ocrx_word' id='word_1_315' title='bbox 2253 3163 2338 3214; x_wconf 88' lang='lat' dir='ltr'>est</span> <span class='ocrx_word' id='word_1_316' title='bbox 2385 3175 2556 3226; x_wconf 85' lang='lat' dir='ltr'>quam</span> <span class='ocrx_word' id='word_1_317' title='bbox 2593 3157 2750 3226; x_wconf 87' lang='lat' dir='ltr'>quod</span> <span class='ocrx_word' id='word_1_318' title='bbox 2789 3164 2875 3212; x_wconf 83' lang='lat' dir='ltr'>est</span> 
     </span>
     <span class='ocr_line' id='line_1_51' title="bbox 1707 3229 2874 3301; baseline -0.003 -16"><span class='ocrx_word' id='word_1_319' title='bbox 1707 3231 2080 3286; x_wconf 84' lang='lat' dir='ltr'>admiratione</span> <span class='ocrx_word' id='word_1_320' title='bbox 2115 3230 2406 3301; x_wconf 73' lang='lat' dir='ltr'>dignum.“</span> <span class='ocrx_word' id='word_1_321' title='bbox 2449 3229 2663 3284; x_wconf 86' lang='lat' dir='ltr'>Comm.</span> <span class='ocrx_word' id='word_1_322' title='bbox 2700 3229 2874 3298; x_wconf 86' lang='lat' dir='ltr'>Cruq.</span> 
     </span>
     <span class='ocr_line' id='line_1_52' title="bbox 1708 3300 2874 3373; baseline -0.003 -17"><span class='ocrx_word' id='word_1_323' title='bbox 1708 3331 1772 3342; x_wconf 91' lang='lat'>-</span> <span class='ocrx_word' id='word_1_324' title='bbox 1809 3303 1894 3356; x_wconf 73' lang='lat' dir='ltr'>nil</span> <span class='ocrx_word' id='word_1_325' title='bbox 1916 3301 2121 3372; x_wconf 82' lang='lat' dir='ltr'>moror]</span> <span class='ocrx_word' id='word_1_326' title='bbox 2161 3301 2338 3373; x_wconf 82' lang='lat' dir='ltr'>„Ego‚</span> <span class='ocrx_word' id='word_1_327' title='bbox 2373 3301 2563 3369; x_wconf 85' lang='lat' dir='ltr'>inquit</span> <span class='ocrx_word' id='word_1_328' title='bbox 2579 3300 2874 3368; x_wconf 77' lang='lat' dir='ltr'>Horatius,</span> 
     </span>
     <span class='ocr_line' id='line_1_53' title="bbox 1705 3371 2874 3443; baseline -0.003 -15"><span class='ocrx_word' id='word_1_329' title='bbox 1705 3375 1882 3428; x_wconf 89' lang='lat' dir='ltr'>nolim</span> <span class='ocrx_word' id='word_1_330' title='bbox 1919 3374 2176 3428; x_wconf 84' lang='lat' dir='ltr'>decorari</span> <span class='ocrx_word' id='word_1_331' title='bbox 2199 3373 2465 3443; x_wconf 85' lang='lat' dir='ltr'>turpibus</span> <span class='ocrx_word' id='word_1_332' title='bbox 2497 3371 2782 3440; x_wconf 76' lang='lat' dir='ltr'>versibus,</span> <span class='ocrx_word' id='word_1_333' title='bbox 2805 3390 2874 3426; x_wconf 81' lang='lat' dir='ltr'>ue</span> 
     </span>
     <span class='ocr_line' id='line_1_54' title="bbox 1705 3444 2874 3516; baseline -0.001 -18"><span class='ocrx_word' id='word_1_334' title='bbox 1705 3445 1906 3516; x_wconf 82' lang='lat' dir='ltr'>pingui</span> <span class='ocrx_word' id='word_1_335' title='bbox 1954 3445 1992 3498; x_wconf 86' lang='lat' dir='ltr'>i.</span> <span class='ocrx_word' id='word_1_336' title='bbox 2031 3464 2076 3499; x_wconf 91' lang='lat' dir='ltr'>e.</span> <span class='ocrx_word' id='word_1_337' title='bbox 2129 3445 2334 3499; x_wconf 85' lang='lat' dir='ltr'>stolide</span> <span class='ocrx_word' id='word_1_338' title='bbox 2385 3444 2700 3512; x_wconf 83' lang='lat' dir='ltr'>composito</span> <span class='ocrx_word' id='word_1_339' title='bbox 2753 3461 2874 3497; x_wconf 86' lang='lat' dir='ltr'>mu-</span> 
     </span>
     <span class='ocr_line' id='line_1_55' title="bbox 1706 3516 2874 3571; baseline 0 -2"><span class='ocrx_word' id='word_1_340' title='bbox 1706 3534 1840 3570; x_wconf 86' lang='lat' dir='ltr'>nere</span> <span class='ocrx_word' id='word_1_341' title='bbox 1896 3516 2136 3571; x_wconf 86' lang='lat' dir='ltr'>donatus</span> <span class='ocrx_word' id='word_1_342' title='bbox 2181 3517 2418 3570; x_wconf 83' lang='lat' dir='ltr'>rubeam</span> <span class='ocrx_word' id='word_1_343' title='bbox 2461 3520 2520 3569; x_wconf 91' lang='lat' dir='ltr'>et</span> <span class='ocrx_word' id='word_1_344' title='bbox 2571 3531 2701 3569; x_wconf 86' lang='lat' dir='ltr'>cum</span> <span class='ocrx_word' id='word_1_345' title='bbox 2749 3533 2874 3569; x_wconf 82' lang='lat' dir='ltr'>meo</span> 
     </span>
     <span class='ocr_line' id='line_1_56' title="bbox 1707 3585 2876 3658; baseline -0.003 -16"><span class='ocrx_word' id='word_1_346' title='bbox 1707 3588 1983 3658; x_wconf 86' lang='lat' dir='ltr'>scriptore</span> <span class='ocrx_word' id='word_1_347' title='bbox 2029 3588 2085 3641; x_wconf 91' lang='lat' dir='ltr'>h.</span> <span class='ocrx_word' id='word_1_348' title='bbox 2122 3604 2172 3641; x_wconf 90' lang='lat' dir='ltr'>e.</span> <span class='ocrx_word' id='word_1_349' title='bbox 2208 3587 2508 3642; x_wconf 84' lang='lat' dir='ltr'>laudatore</span> <span class='ocrx_word' id='word_1_350' title='bbox 2543 3585 2782 3642; x_wconf 80' lang='lat' dir='ltr'>deferar</span> <span class='ocrx_word' id='word_1_351' title='bbox 2817 3587 2876 3638; x_wconf 88' lang='lat' dir='ltr'>in</span> 
     </span>
     <span class='ocr_line' id='line_1_57' title="bbox 1708 3659 2872 3726; baseline -0.002 -13"><span class='ocrx_word' id='word_1_352' title='bbox 1708 3660 1895 3714; x_wconf 87' lang='lat' dir='ltr'>vicum</span> <span class='ocrx_word' id='word_1_353' title='bbox 1945 3659 2282 3714; x_wconf 81' lang='lat' dir='ltr'>vendentem</span> <span class='ocrx_word' id='word_1_354' title='bbox 2343 3663 2436 3712; x_wconf 87' lang='lat' dir='ltr'>tus</span> <span class='ocrx_word' id='word_1_355' title='bbox 2493 3663 2627 3726; x_wconf 87' lang='lat' dir='ltr'>cet.;</span> <span class='ocrx_word' id='word_1_356' title='bbox 2691 3659 2872 3712; x_wconf 83' lang='lat' dir='ltr'>multo</span> 
     </span>
     <span class='ocr_line' id='line_1_58' title="bbox 1706 3728 2872 3800; baseline -0.001 -15"><span class='ocrx_word' id='word_1_357' title='bbox 1706 3747 1878 3800; x_wconf 85' lang='lat' dir='ltr'>porro</span> <span class='ocrx_word' id='word_1_358' title='bbox 1916 3731 2100 3785; x_wconf 84' lang='lat' dir='ltr'>minus</span> <span class='ocrx_word' id='word_1_359' title='bbox 2145 3735 2228 3798; x_wconf 84' lang='lat' dir='ltr'>tu,</span> <span class='ocrx_word' id='word_1_360' title='bbox 2278 3749 2312 3784; x_wconf 91' lang='lat' dir='ltr'>o</span> <span class='ocrx_word' id='word_1_361' title='bbox 2351 3735 2632 3800; x_wconf 80' lang='lat' dir='ltr'>Auguste,</span> <span class='ocrx_word' id='word_1_362' title='bbox 2679 3728 2742 3782; x_wconf 90' lang='lat' dir='ltr'>id</span> <span class='ocrx_word' id='word_1_363' title='bbox 2781 3747 2872 3784; x_wconf 80' lang='lat' dir='ltr'>vo-</span> 
     </span>
     <span class='ocr_line' id='line_1_59' title="bbox 1707 3799 2874 3870; baseline -0.003 -15"><span class='ocrx_word' id='word_1_364' title='bbox 1707 3803 1844 3855; x_wconf 88' lang='lat' dir='ltr'>les.“</span> <span class='ocrx_word' id='word_1_365' title='bbox 1920 3803 2242 3857; x_wconf 82' lang='lat' dir='ltr'>Glareanus.</span> <span class='ocrx_word' id='word_1_366' title='bbox 2279 3831 2353 3842; x_wconf 94' lang='lat'>—</span> <span class='ocrx_word' id='word_1_367' title='bbox 2386 3801 2450 3856; x_wconf 76' lang='lat' dir='ltr'>in</span> <span class='ocrx_word' id='word_1_368' title='bbox 2481 3801 2672 3870; x_wconf 71' lang='lat' dir='ltr'>peius]</span> <span class='ocrx_word' id='word_1_369' title='bbox 2725 3799 2874 3854; x_wconf 86' lang='lat' dir='ltr'>Plin.</span> 
     </span>
     <span class='ocr_line' id='line_1_60' title="bbox 1706 3871 2876 3942; baseline -0.002 -14"><span class='ocrx_word' id='word_1_370' title='bbox 1706 3873 1814 3942; x_wconf 84' lang='lat' dir='ltr'>Ep.</span> <span class='ocrx_word' id='word_1_371' title='bbox 1859 3872 1925 3938; x_wconf 88' lang='lat' dir='ltr'>V,</span> <span class='ocrx_word' id='word_1_372' title='bbox 1965 3876 2060 3927; x_wconf 80' lang='grc' dir='ltr'>1οε</span> <span class='ocrx_word' id='word_1_373' title='bbox 2135 3873 2250 3940; x_wconf 89' lang='lat' dir='ltr'>„Ut</span> <span class='ocrx_word' id='word_1_374' title='bbox 2288 3874 2537 3942; x_wconf 86' lang='lat' dir='ltr'>pictores</span> <span class='ocrx_word' id='word_1_375' title='bbox 2573 3871 2876 3941; x_wconf 83' lang='lat' dir='ltr'>pulchram</span> 
     </span>
     <span class='ocr_line' id='line_1_61' title="bbox 1707 3943 2874 4013; baseline -0.003 -14"><span class='ocrx_word' id='word_1_376' title='bbox 1707 3945 2138 4013; x_wconf 87' lang='lat' dir='ltr'>absolutamque</span> <span class='ocrx_word' id='word_1_377' title='bbox 2184 3943 2426 3998; x_wconf 85' lang='lat' dir='ltr'>formam</span> <span class='ocrx_word' id='word_1_378' title='bbox 2477 3961 2607 3998; x_wconf 83' lang='lat' dir='ltr'>raro</span> <span class='ocrx_word' id='word_1_379' title='bbox 2654 3943 2770 3997; x_wconf 85' lang='lat' dir='ltr'>nisi</span> <span class='ocrx_word' id='word_1_380' title='bbox 2815 3945 2874 3996; x_wconf 71' lang='lat' dir='ltr'>ia</span> 
     </span>
    </p>
   </div>
   <div class='ocr_carea' id='block_1_9' title="bbox 1701 4013 2874 4086">
    <p class='ocr_par' dir='ltr' id='par_1_9' title="bbox 1701 4013 2874 4086">
     <span class='ocr_line' id='line_1_62' title="bbox 1701 4013 2874 4086; baseline -0.002 -16"><span class='ocrx_word' id='word_1_381' title='bbox 1701 4015 1862 4086; x_wconf 78' lang='lat' dir='ltr'>peius</span> <span class='ocrx_word' id='word_1_382' title='bbox 1907 4016 2225 4086; x_wconf 62' lang='lat' dir='ltr'>effinguntf‘</span> <span class='ocrx_word' id='word_1_383' title='bbox 2277 4045 2344 4055; x_wconf 89' lang='lat'>—</span> <span class='ocrx_word' id='word_1_384' title='bbox 2391 4015 2598 4083; x_wconf 76' lang='lat' dir='ltr'>cereus]</span> <span class='ocrx_word' id='word_1_385' title='bbox 2647 4013 2720 4069; x_wconf 76' lang='lat' dir='ltr'>cf.</span> <span class='ocrx_word' id='word_1_386' title='bbox 2759 4013 2874 4068; x_wconf 82' lang='lat' dir='ltr'>Sat.</span> 
     </span>
    </p>
   </div>
   <div class='ocr_carea' id='block_1_10' title="bbox 1706 4085 2874 4642">
    <p class='ocr_par' dir='ltr' id='par_1_10' title="bbox 1706 4085 2874 4642">
     <span class='ocr_line' id='line_1_63' title="bbox 1707 4085 2872 4154; baseline -0.002 -13"><span class='ocrx_word' id='word_1_387' title='bbox 1707 4086 1780 4153; x_wconf 85' lang='lat'>11,</span> <span class='ocrx_word' id='word_1_388' title='bbox 1829 4087 1881 4154; x_wconf 78' lang='lat'>3,</span> <span class='ocrx_word' id='word_1_389' title='bbox 1930 4088 2051 4140; x_wconf 80' lang='lat'>183.</span> <span class='ocrx_word' id='word_1_390' title='bbox 2126 4086 2465 4154; x_wconf 85' lang='lat' dir='ltr'>„Probabile</span> <span class='ocrx_word' id='word_1_391' title='bbox 2513 4091 2600 4141; x_wconf 85' lang='lat' dir='ltr'>est</span> <span class='ocrx_word' id='word_1_392' title='bbox 2647 4085 2872 4140; x_wconf 79' lang='lat' dir='ltr'>Horatii</span> 
     </span>
     <span class='ocr_line' id='line_1_64' title="bbox 1706 4158 2874 4229; baseline 0.001 -18"><span class='ocrx_word' id='word_1_393' title='bbox 1706 4158 2057 4226; x_wconf 87' lang='lat' dir='ltr'>temporibus</span> <span class='ocrx_word' id='word_1_394' title='bbox 2091 4175 2278 4212; x_wconf 86' lang='lat' dir='ltr'>cereas</span> <span class='ocrx_word' id='word_1_395' title='bbox 2305 4158 2580 4229; x_wconf 77' lang='lat' dir='ltr'>imagines</span> <span class='ocrx_word' id='word_1_396' title='bbox 2617 4159 2874 4212; x_wconf 78' lang='lat' dir='ltr'>virorum</span> 
     </span>
     <span class='ocr_line' id='line_1_65' title="bbox 1707 4229 2874 4298; baseline 0.003 -17"><span class='ocrx_word' id='word_1_397' title='bbox 1707 4229 2049 4297; x_wconf 84' lang='lat' dir='ltr'>inlustrium,</span> <span class='ocrx_word' id='word_1_398' title='bbox 2079 4229 2303 4298; x_wconf 85' lang='lat' dir='ltr'>ducum,</span> <span class='ocrx_word' id='word_1_399' title='bbox 2336 4235 2650 4296; x_wconf 83' lang='lat' dir='ltr'>oratorum,</span> <span class='ocrx_word' id='word_1_400' title='bbox 2682 4236 2874 4298; x_wconf 81' lang='lat' dir='ltr'>poeta-</span> 
     </span>
     <span class='ocr_line' id='line_1_66' title="bbox 1707 4300 2874 4370; baseline 0 -16"><span class='ocrx_word' id='word_1_401' title='bbox 1707 4317 1850 4362; x_wconf 87' lang='lat' dir='ltr'>rum,</span> <span class='ocrx_word' id='word_1_402' title='bbox 1895 4301 2380 4370; x_wconf 85' lang='lat' dir='ltr'>philosophorum,</span> <span class='ocrx_word' id='word_1_403' title='bbox 2427 4301 2658 4356; x_wconf 78' lang='lat' dir='ltr'>venales</span> <span class='ocrx_word' id='word_1_404' title='bbox 2705 4300 2874 4354; x_wconf 72' lang='lat' dir='ltr'>fuisse</span> 
     </span>
     <span class='ocr_line' id='line_1_67' title="bbox 1707 4372 2874 4441; baseline 0.002 -17"><span class='ocrx_word' id='word_1_405' title='bbox 1707 4387 1809 4440; x_wconf 87' lang='lat' dir='ltr'>per</span> <span class='ocrx_word' id='word_1_406' title='bbox 1863 4372 2146 4439; x_wconf 83' lang='lat' dir='ltr'>tabernas,</span> <span class='ocrx_word' id='word_1_407' title='bbox 2194 4389 2342 4441; x_wconf 87' lang='lat' dir='ltr'>quae</span> <span class='ocrx_word' id='word_1_408' title='bbox 2389 4372 2463 4426; x_wconf 87' lang='lat' dir='ltr'>ab</span> <span class='ocrx_word' id='word_1_409' title='bbox 2519 4372 2874 4441; x_wconf 83' lang='lat' dir='ltr'>emptoribus</span> 
     </span>
     <span class='ocr_line' id='line_1_68' title="bbox 1710 4442 2872 4512; baseline 0.003 -17"><span class='ocrx_word' id='word_1_410' title='bbox 1710 4443 1770 4495; x_wconf 87' lang='lat' dir='ltr'>in</span> <span class='ocrx_word' id='word_1_411' title='bbox 1812 4442 2170 4498; x_wconf 88' lang='lat' dir='ltr'>bibliothecis</span> <span class='ocrx_word' id='word_1_412' title='bbox 2205 4444 2456 4498; x_wconf 86' lang='lat' dir='ltr'>maxime</span> <span class='ocrx_word' id='word_1_413' title='bbox 2491 4459 2600 4512; x_wconf 78' lang='lat' dir='ltr'>pro</span> <span class='ocrx_word' id='word_1_414' title='bbox 2681 4459 2872 4498; x_wconf 78' lang='lat' dir='ltr'>neren·</span> 
     </span>
     <span class='ocr_line' id='line_1_69' title="bbox 1707 4513 2870 4586; baseline 0.001 -18"><span class='ocrx_word' id='word_1_415' title='bbox 1707 4515 1853 4568; x_wconf 86' lang='lat' dir='ltr'>tur.“</span> <span class='ocrx_word' id='word_1_416' title='bbox 1913 4513 2168 4569; x_wconf 87' lang='lat' dir='ltr'>Orellius.</span> <span class='ocrx_word' id='word_1_417' title='bbox 2213 4545 2280 4555; x_wconf 93' lang='lat'>—</span> <span class='ocrx_word' id='word_1_418' title='bbox 2312 4519 2610 4586; x_wconf 67' lang='lat' dir='ltr'>porrectus</span> <span class='ocrx_word' id='word_1_419' title='bbox 2677 4515 2870 4584; x_wconf 78' lang='lat' dir='ltr'>„quasi</span> 
     </span>
     <span class='ocr_line' id='line_1_70' title="bbox 1709 4585 2870 4642; baseline 0.002 -4"><span class='ocrx_word' id='word_1_420' title='bbox 1709 4589 1964 4640; x_wconf 86' lang='lat' dir='ltr'>mortuus</span> <span class='ocrx_word' id='word_1_421' title='bbox 1999 4586 2061 4640; x_wconf 88' lang='lat' dir='ltr'>in</span> <span class='ocrx_word' id='word_1_422' title='bbox 2095 4585 2308 4641; x_wconf 85' lang='lat' dir='ltr'>feretro</span> <span class='ocrx_word' id='word_1_423' title='bbox 2345 4585 2576 4642; x_wconf 79' lang='lat' dir='ltr'>deferar</span> <span class='ocrx_word' id='word_1_424' title='bbox 2603 4587 2670 4640; x_wconf 85' lang='lat' dir='ltr'>in</span> <span class='ocrx_word' id='word_1_425' title='bbox 2687 4587 2870 4642; x_wconf 70' lang='lat' dir='ltr'>vicum</span> 
     </span>
    </p>
   </div>
  </div>
 </body>
</html>
