3092 5059
1115 264 1276 331 LIB.
1321 266 1374 331 Ι.
1419 264 1669 332 ΟΑΒΜ.
1714 266 1765 331 1.
1811 266 1891 331 11.
2618 271 2700 335 37

599 452 726 525 Me
778 448 1180 527 doctarum
1231 451 1567 529 hederae
1616 453 1961 550 praemia
2018 455 2385 531 frontium

511 610 565 651 ω
599 574 731 649 Dis
785 576 1106 651 miscent
1155 577 1474 676 superis,
1529 603 1653 653 me
1707 578 2052 676 gelidum
2104 607 2375 657 nemus

591 698 1281 800 Nympharumque
1331 702 1539 778 leves
1595 728 1767 778 cum
1820 703 2112 803 Satyris
2168 705 2385 781 chori

595 826 1020 902 Secernunt
1069 826 1384 923 popule,
1439 828 1504 903 si
1556 854 1809 929 neque
1858 830 2087 905 tibias

595 950 930 1048 Euterpe
984 950 1289 1029 cohibet
1337 978 1480 1029 nec
1533 954 2053 1054 Polyhymnia

599 1078 990 1153 Lesboum
1041 1078 1325 1175 refugit
1374 1079 1697 1155 tendere
1750 1081 2126 1158 barbiton.

509 1236 562 1277 ω
599 1201 895 1293 Quodsi
939 1228 1064 1277 me
1115 1202 1377 1299 lyricis
1429 1204 1733 1279 vatibus
1776 1207 2087 1301 inseres,

597 1326 928 1405 Sublimi
977 1328 1254 1405 feriam
1299 1328 1557 1413 sidera
1605 1332 1917 1408 vertice.

1230 1642 1611 1731 OARMEN
1674 1647 1777 1732 ΙΙ.

587 1804 756 1880 Iam
807 1803 990 1878 satis
1041 1804 1268 1879 terris
1320 1804 1522 1880 nivis
1578 1818 1807 1906 atque
1860 1806 2073 1882 dirae

285 1972 362 2039 ΙΙ,
397 1970 488 2035 20,
533 1973 616 2025 18.
655 1970 754 2039 111,
798 1971 882 2035 14,
919 1969 1004 2023 18.
1041 1968 1221 2039 Epod.
1258 1973 1309 2033 5,
1347 1972 1437 2024 76.

288 2045 375 2111 17,
419 2042 508 2096 29.
581 2042 674 2097 Sic
727 2040 1012 2111 Bithynus
1051 2036 1229 2095 Car'm.
1270 2042 1314 2111 I,
1351 2042 1438 2107 35,

284 2117 335 2169 7.
375 2114 558 2183 Epist.
597 2114 642 2182 1,
699 2114 750 2181 6,
809 2114 894 2167 33.
970 2112 1200 2167 Calaber
1257 2112 1436 2167 Carm.

287 2187 333 2251 1,
364 2188 453 2253 33,
484 2188 565 2240 16.
591 2184 692 2255 111,
721 2188 803 2246 16,
832 2186 919 2237 33.
945 2183 1040 2253 IV,
1065 2186 1116 2252 8,
1143 2186 1228 2239 20.
1265 2183 1444 2254 Epod.

290 2261 337 2318 1,
359 2257 449 2311 27.
477 2256 655 2327 Epist.
679 2256 753 2326 11,
779 2258 831 2325 2,
862 2257 979 2309 177.
1018 2254 1242 2311 Colchus
1265 2257 1445 2311 Carm.

287 2328 361 2391 Π,
406 2330 491 2397 13,
527 2330 578 2383 8.
655 2328 854 2383 Iberus
914 2326 1094 2381 Carm.
1151 2327 1196 2394 1,
1233 2329 1320 2391 29,
1365 2329 1446 2382 15.

288 2400 406 2454 Sat.
443 2398 518 2469 11,
556 2400 606 2469 8,
645 2400 730 2453 46.
769 2398 955 2453 Italus
981 2398 1160 2453 Carm.
1188 2398 1260 2469 Π,
1299 2402 1351 2463 7,
1394 2404 1445 2453 4.

291 2472 376 2531 13,
425 2472 488 2525 18
525 2476 627 2527 cet.
677 2470 919 2525 Maurus
959 2470 1140 2525 Garm.
1175 2472 1223 2540 Ι,
1264 2473 1351 2540 22,
1389 2470 1441 2527 2.

285 2542 360 2613 11,
399 2544 452 2612 6,
490 2544 540 2597 3.
601 2542 702 2610 ΙΠ,
744 2544 830 2609 10,
876 2541 956 2595 18.
1023 2540 1220 2597 Medus
1257 2542 1440 2597 Carm.

283 2615 332 2683 1,
369 2616 460 2683 27,
499 2616 549 2669 5.
587 2614 660 2682 Π,
698 2615 750 2675 9,
793 2614 878 2666 21.

355 2686 423 2741 V.
462 2686 550 2741 29.
588 2686 870 2741 doctarum
902 2684 1194 2755 frontium]
1236 2684 1440 2740 Omnes

281 2758 440 2812 docti
461 2757 743 2826 dicuntur,
770 2757 866 2827 qui
887 2757 1107 2813 litteras
1135 2757 1276 2813 bene
1298 2758 1439 2811 didi·

281 2834 485 2884 cerunt
522 2833 624 2883 aut
659 2832 879 2897 amant3
915 2830 1232 2899 saepissime
1264 2830 1436 2884 etiam

281 2906 512 2973 poetae;
552 2900 622 2955 cf.
663 2898 847 2955 Solon.
899 2894 1116 2969 „Hunc
1146 2896 1442 2973 Ὀλυμπιά-

285 2974 406 3027 δων
465 2977 748 3027 Μουσέων
807 2966 956 3041 πάρα
1029 2973 1210 3042 δῶρα.
1241 2972 1439 3043 διδαχ-

283 3049 422 3111 θεὶς,
479 3042 720 3117 ’Ῑμερτῆς
765 3049 1026 3115 σοφίης
1068 3048 1275 3115 μέτρον
1317 3046 1438 3099 ἐπι.-

283 3111 616 3187 στάμενοόῆ
667 3116 921 3171 Fuerunt
971 3116 1068 3185 qui
1115 3116 1203 3170 vel
1241 3121 1440 3171 contra

283 3189 504 3245 codices
539 3188 776 3243 mallent
815 3188 896 3241 Te.
935 3186 1110 3253 Male3
1148 3186 1438 3243 Maecenas

283 3261 436 3316 enim
473 3277 655 3328 neque
688 3260 968 3329 poeticam
1004 3258 1231 3313 laudem
1259 3278 1439 3329 neque

323 3332 760 3402 hilosophicam,
817 3347 985 3401 quam
1042 3347 1172 3400 pars
1229 3349 1438 3403 eorum,

309 3404 431 3459 alsa
456 3402 824 3473 oppositionis
849 3402 1030 3472 specie
1066 3402 1281 3459 seducti
1307 3403 1440 3459 huic

285 3481 345 3530 et
383 3476 507 3530 loco
546 3480 605 3529 et
639 3474 850 3529 homini
899 3474 1202 3530 obtrudere
1248 3477 1438 3531 conati

283 3552 436 3610 sunt,
461 3564 710 3617 unquam
735 3549 952 3601 secutus
979 3550 1079 3599 est.
1096 3576 1162 3585 —
1184 3546 1436 3617 hederae]

285 3618 469 3688 Epist.
506 3618 551 3682 Ι,
592 3621 642 3687 3,
681 3620 768 3672 25.
805 3616 1014 3688 Vergil.
1039 3616 1233 3675 Bucol.
1261 3621 1310 3687 7,
1350 3620 1436 3673 25.

285 3692 336 3753 8,
378 3692 462 3745 13.
505 3716 566 3728 --
609 3688 675 3743 V.
713 3690 798 3743 31.
838 3686 1167 3759 Comparari
1203 3693 1439 3761 possunt

287 3761 472 3816 Carm.
494 3758 567 3830 11,
608 3762 692 3825 19,
734 3762 888 3814 1—4.
915 3765 974 3816 et
994 3760 1174 3833 Epist.
1199 3762 1242 3828 1,
1276 3762 1360 3831 19,
1385 3762 1436 3815 4.

285 3864 352 3873 —
393 3848 512 3888 eum
549 3830 794 3902 Satyris]
855 3850 957 3901 pro
1013 3838 1064 3887 et
1099 3832 1436 3903 Satyrorum.

284 3904 378 3960 Sic
416 3904 737 3973 saepissime
790 3903 940 3973 apud
985 3904 1280 3959 Horatium
1318 3920 1438 3959 cum

281 3975 632 4047 praepositio
654 3978 976 4100 mmffitur'
999 3976 1178 4031 Carm.
1191 3977 1234 4046 1,
1251 3978 1336 4045 12,
1349 3977 1436 4030 44.

285 4050 373 4117 19,
417 4050 502 4103 15.
538 4048 628 4110 2⁴,
665 4050 714 4101 4.
867 4087 882 4115 ‚
923 4047 972 4114 1,
1011 4048 1094 4103 36.
1132 4049 1184 4118 s,
1221 4050 1308 4103 24.
1353 4052 1438 4118 ιτ,

286 4122 372 4175 16.
417 4121 500 4186 18,
542 4121 624 4173 12.
665 4120 750 4183 19,
789 4120 874 4172 20.
913 4119 1000 4187 29,
1037 4122 1087 4174 3.
1140 4150 1206 4159 -
1260 4120 1312 4175 si
1347 4138 1435 4175 ne·

284 4208 388 4263 que
421 4192 548 4261 tib]
596 4190 664 4245 In
704 4208 816 4260 quo
855 4188 978 4247 loco
1010 4190 1150 4247 bene
1185 4192 1436 4247 animad-

282 4262 560 4318 vertenda
644 4260 1042 4319 condicionalis
1126 4263 1433 4333 particula:

281 4336 424 4390 haec
481 4334 628 4390 enim
690 4332 1016 4389 dubitanter
1071 4339 1131 4388 et
1188 4336 1438 4391 modeste

283 4406 530 4477 proferri
566 4405 846 4461 debebant
901 4406 962 4459 in
1011 4407 1264 4477 prologo,
1324 4425 1434 4477 quo

283 4478 537 4535 carmina
573 4476 887 4532 Maecenati
921 4477 1129 4532 fautori
1168 4482 1228 4533 et
1263 4477 1438 4533 iudici

285 4550 602 4605 traditurus
641 4553 780 4603 erat.
805 4578 872 4589 -—
896 4548 1155 4619 Επιτενρε]
1195 4549 1332 4603 haec
1368 4550 1436 4604 ti-

285 4620 400 4689 bia,
427 4620 798 4690 Polyhymnia
824 4621 947 4689 lyra
974 4620 1155 4690 canit3
1197 4626 1437 4691 utraque

1543 1970 1706 2026 adest
1742 1970 1919 2041 lyrico
1959 1976 2175 2041 poetae.
2202 2000 2267 2009 -
2288 1970 2555 2027 Lesboum
2572 1974 2695 2027 baer-

1541 2042 1718 2114 biton]
1777 2042 2003 2097 Graecis
2041 2042 2333 2098 vocabulis
2381 2043 2507 2099 ideo
2546 2042 2698 2099 vide-

1549 2119 1646 2168 tur
1684 2132 1814 2169 usus
1853 2132 1988 2183 esse,
2045 2119 2110 2170 ut
2146 2114 2391 2184 primum
2424 2133 2481 2170 se
2523 2114 2696 2183 „Aeo-

1547 2186 1689 2240 lium
1750 2204 1975 2241 carmen
2035 2186 2108 2241 ad
2168 2186 2343 2241 Italos
2404 2186 2697 2242 deduxisse

1549 2258 1774 2312 modos“
1813 2258 1937 2327 (ΙΙΙ,
1960 2258 2050 2326 30,
2073 2257 2161 2327 13)
2182 2256 2517 2314 ostenderet.
2554 2256 2699 2313 Vide

1549 2328 1621 2383 ad
1660 2328 1841 2385 Carm.
1875 2330 1921 2398 Ι,
1960 2330 2049 2397 32,
2083 2330 2132 2383 4.
2167 2358 2238 2368 —-
2276 2326 2489 2399 quodsi]
2546 2328 2698 2385 haud

1547 2402 1633 2457 ita
1680 2418 1810 2456 raro
1867 2419 1900 2456 a
1958 2401 2139 2472 poetis
2199 2405 2506 2470 usurpatur
2560 2400 2698 2457 haec

1547 2473 1856 2541 particula;
1902 2472 2052 2543 apud
2087 2472 2389 2527 Horatium
2425 2472 2697 2528 sexiesde·

1547 2546 1657 2599 cies
1694 2545 1994 2613 reperitur.
2034 2573 2100 2582 —
2138 2542 2363 2613 inseres]
2415 2543 2694 2600 Futurum

1544 2634 1695 2671 nunc
1728 2617 1973 2685 praetuli
2012 2632 2137 2671 cum
2174 2615 2517 2684 Ecksteinio,
2566 2616 2695 2673 Kel-

1544 2686 1680 2757 lero,
1736 2688 1993 2753 Miillero‚
2060 2688 2189 2757 quia
2245 2688 2552 2742 modestius
2612 2692 2696 2743 est

1543 2777 1715 2901 322¹?
1739 2778 2017 2887 Ξὶἰῖῗέζί
2046 2758 2584 2904 ἱῗῖῗῗὲἶεῇἷίἶῗ
2614 2760 2695 2885 ,ῗέἶ

1544 2904 1695 2975 φαλῇ
1728 2898 1932 2971 ψαύειν
1965 2904 2060 2956 τοῦ
2093 2898 2338 2971 οὐρανοῦ.
2378 2902 2584 2973 Sapph.
2621 2902 2693 2957 fr.

1543 2976 1603 3029 9:
1649 2969 1855 3030 Ψαίειν
1890 2974 1953 3027 δὲ
1990 2968 2165 3029 πόλον
2189 2973 2347 3028 δοκεῖ
2372 2994 2469 3045 μοι
2501 2970 2697 3043 ὥρανῶ

1545 3040 1853 3117 deauvile«.
1894 3046 2055 3101 Ovid.
2099 3063 2168 3101 ex
2205 3045 2365 3100 Pont.
2406 3046 2482 3114 H,
2520 3047 2571 3113 5,
2598 3049 2692 3101 67:

1542 3118 1676 3173 huic
1698 3123 1763 3172 tu
1788 3136 1913 3173 cum
1939 3118 2159 3187 placeas
2198 3122 2255 3171 et
2288 3118 2483 3173 ver-tice
2506 3116 2693 3173 sidera

1540 3191 1791 3259 tanqas.“
1830 3189 2076 3245 Martial.
2098 3189 2249 3258 VIII,
2271 3190 2357 3257 36,
2382 3192 2476 3243 11:
2516 3206 2695 3257 „quae

1541 3262 1787 3331 (domus)
1813 3262 2010 3318 vertice
2032 3259 2215 3317 sidem
2225 3260 2473 3331 pulsatf‘
2504 3260 2695 3315 Senec.

1541 3334 1769 3403 Thyest.
1795 3336 1925 3390 889:
1966 3332 2181 3402 „altum
2219 3330 2459 3402 superbo
2495 3332 2695 3387 vertice

1540 3406 1816 3477 attinqens
1832 3406 2079 3476 polum.“
2122 3404 2409 3459 Summum
2435 3408 2521 3458 est
2540 3403 2691 3472 quod

1540 3478 1806 3533 mortales
1844 3477 2125 3549 attingere
2160 3478 2411 3545 possunt.

1900 3589 2229 3645 Carmen
2265 3588 2333 3642 11.

1612 3686 2021 3741 Describuntur
2040 3686 2112 3741 ab
2132 3686 2297 3739 initio
2323 3683 2583 3739 carminis
2604 3700 2692 3738 us-

1542 3776 1649 3829 que
1674 3758 1745 3812 ad
1768 3776 1821 3812 v.
1845 3758 1916 3811 24
1942 3762 2305 3827 portentosae
2330 3760 2693 3827 tempestates

1541 3836 1600 3885 et
1624 3830 1837 3884 insoliti
1868 3831 1926 3885 in
1951 3834 2155 3885 natura
2177 3846 2367 3883 rerum
2401 3827 2695 3895 tumultus,

1541 3902 1868 3973 deploratur
1920 3902 2117 3973 ingens
2156 3900 2362 3955 civium
2402 3916 2523 3981 per·
2541 3898 2693 3953 bella

1541 3974 1731 4030 civilia
1754 3974 1954 4042 clades,
1982 3973 2301 4028 ostenditur
2326 3971 2563 4039 imperio
2582 3970 2691 4025 Ro·

1538 4064 1709 4101 mano
1744 4046 1987 4131 ruinam·
2006 4044 2344 4115 impendere.
2382 4042 2469 4097 Ea
2505 4046 2693 4095 autem

1537 4118 2095 4245 {usstassai}-
2133 4114 2691 4257 grumam

1540 4263 1627 4317 ira
1650 4261 1959 4315 ulciscitur:
1980 4260 2133 4315 bella
2152 4258 2341 4313 civilia
2364 4260 2422 4311 et
2440 4257 2691 4310 omnium

1539 4350 1729 4388 rerum
1787 4332 2101 4386 turbulenti
2160 4333 2345 4385 motus
2418 4328 2687 4387 divinitus

1539 4405 1710 4459 missa
1748 4408 1878 4458 sunt
1916 4402 1987 4457 ad
2026 4401 2410 4473 castigandam
2443 4399 2692 4453 civitatis

1539 4476 1984 4547 perversitatem.
2056 4476 2109 4528 A
2147 4472 2319 4527 tantis
2364 4472 2527 4526 malis
2565 4470 2693 4540 quis

1540 4552 1627 4603 est
1648 4546 1745 4617 qui
1780 4546 2047 4600 miserum
2082 4560 2257 4616 genus
2294 4542 2601 4598 humanum
2622 4541 2689 4594 li-

1539 4618 1799 4675 berabit?
1872 4616 2164 4671 Humanae
2208 4616 2356 4669 vires
2403 4631 2531 4668 cum
2577 4629 2692 4667 non
