3092 5059
399 172 526 241 200

1374 167 1833 237 CARMINUM

1265 386 1645 472 GARMEN
1706 385 1929 469 XIII.

802 550 871 630 Ο
923 554 1098 628 fons
1149 553 1609 647 Bandusiae,
1663 548 2146 647 splendidior
2196 548 2416 643 vitro,

800 675 1023 751 Dulci
1077 678 1313 776 digne
1365 702 1601 771 mero,
1652 702 1807 750 non
1859 673 2023 749 sine
2072 672 2389 748 floribus

905 801 1093 878 Cras
1158 800 1567 877 donaberis
1618 799 1893 894 haed0‚

1003 926 1146 1004 Cui
1197 928 1414 1003 frons
1464 924 1778 1022 turgida
1828 924 2189 1000 cornibus

749 1108 776 1151 ε
811 1075 1090 1153 Primis
1142 1089 1217 1153 et
1268 1100 1633 1152 venerem
1688 1087 1765 1149 et
1812 1073 2113 1171 proelia
2167 1073 2527 1169 destinat3

807 1191 1164 1277 Frustra:
1215 1229 1398 1277 nam
1451 1200 1753 1299 gelidos
1794 1198 2082 1275 inficiet
2132 1198 2275 1275 tibi

904 1328 1168 1402 Rubro
1223 1326 1597 1425 sanguine
1650 1326 1856 1400 rivos

996 1452 1303 1529 Lascivi
1357 1450 1665 1527 suboles
1717 1450 1998 1547 gregis.
2050 1532 2069 1539 ,

808 1602 917 1679 Te
970 1602 1366 1701 flagrantis
1416 1612 1638 1677 atrox
1689 1600 1879 1676 hora
1930 1597 2347 1675 Caniculae

725 1764 777 1801 ιο
806 1728 1070 1805 Nescit
1119 1740 1458 1826 tangere,
1513 1740 1597 1801 tu
1646 1726 1893 1823 frigus
1949 1721 2284 1799 amabile

750 1992 1034 2047 Carmen
1069 1991 1223 2047 xm.

479 2089 866 2147 Bandusinum
920 2088 1132 2144 fontem
1187 2090 1432 2160 aliquem
1481 2088 1560 2144 VI

409 2162 566 2217 milia
583 2178 848 2232 passuum
870 2180 903 2215 a
929 2159 1171 2215 Venusia
1190 2162 1363 2216 situm
1389 2162 1562 2217 fuisse

409 2253 536 2289 cum
571 2238 764 2304 pateat
802 2252 869 2287 ex
909 2231 1126 2287 mediae
1161 2233 1360 2288 aetatis
1402 2234 1561 2303 (anni

416 2305 576 2373 1103)
634 2305 966 2359 documento
979 2345 993 2371 ,
1060 2305 1400 2359 exstiterunt
1463 2306 1562 2374 qui

410 2377 519 2431 hoc
574 2394 797 2431 carmen
854 2375 925 2430 ab
985 2375 1222 2432 Horatio
1276 2377 1385 2430 iter
1435 2394 1563 2431 cum

407 2449 730 2503 Maecenate
764 2449 822 2501 in
859 2446 1182 2502 inferiorem
1216 2446 1442 2503 Italiam
1479 2448 1561 2503 fa·

411 2522 592 2576 ciente
638 2520 994 2588 natalemque
1039 2536 1239 2589 agrum
1282 2521 1562 2575 revisente

413 2592 686 2661 scriptum
729 2608 846 2646 esse
881 2595 1165 2660 putarent.
1229 2590 1294 2644 In
1332 2610 1441 2661 qua
1475 2598 1560 2646 ta-

411 2680 540 2717 men
575 2680 637 2717 re
683 2662 822 2717 haec
874 2663 1057 2716 oritur
1105 2661 1375 2731 quaestio,
1424 2681 1563 2717 num

411 2734 704 2804 probabile
749 2734 1028 2801 videatur,
1075 2732 1374 2788 Horatium
1426 2752 1561 2805 pue-

412 2823 537 2860 rum
575 2806 788 2861 fontem
830 2823 863 2860 a
899 2804 1143 2859 Venusia
1181 2809 1339 2860 tanto
1379 2807 1561 2876 spatio

412 2882 690 2933 remotum
714 2881 1010 2946 tantopere
1031 2876 1332 2945 adamasse,
1352 2883 1416 2931 ut
1437 2895 1563 2932 cum

411 2950 603 3003 multis
649 2947 810 3004 annis
857 2953 986 3017 post
1031 2948 1308 3003 Venusiae
1356 2967 1564 3018 paucos

415 3026 565 3076 certe
600 3020 717 3075 dies
755 3023 1090 3081 moraretur,
1117 3037 1244 3075 eum
1279 3025 1401 3074 tum
1427 3039 1561 3090 quo-

414 3110 520 3161 que
579 3096 873 3161 quaereret
927 3092 1272 3161 proprioque
1317 3093 1563 3147 carmine

413 3164 736 3218 celebraret.
810 3161 970 3230 Quod
1023 3162 1247 3232 quidem
1295 3181 1399 3233 ego
1450 3182 1564 3218 non

412 3234 611 3289 dubito
657 3252 878 3304 negare.
962 3234 1178 3289 Deinde
1229 3234 1562 3290 sacrificium

415 3306 564 3377 quod
593 3306 949 3376 promittitur
973 3310 1039 3359 ut
1067 3306 1310 3360 alienum
1338 3306 1563 3362 videtur

416 3379 486 3433 ab
521 3378 746 3432 homine
771 3378 881 3431 iter
905 3376 1165 3445 faciente,
1202 3378 1284 3432 ita
1307 3394 1434 3432 cum
1462 3378 1561 3433 fri-

411 3467 566 3521 gore,
606 3466 730 3503 cum
755 3464 973 3518 pecore,
1007 3466 1133 3503 cum
1165 3449 1309 3504 bove
1345 3454 1404 3504 et
1439 3468 1561 3505 ara-

414 3526 505 3575 tro
542 3520 789 3576 ostendit
823 3519 1125 3575 Horatium
1165 3538 1277 3575 non
1313 3522 1561 3593 peregri-

413 3595 642 3647 nantem
678 3592 776 3647 sed
815 3592 968 3647 domi
1017 3609 1149 3645 suae
1193 3592 1561 3661 habitantem,

413 3679 526 3717 non
570 3664 630 3717 in
657 3663 864 3718 *alieno
913 3662 1011 3718 sed
1059 3662 1120 3717 in
1156 3680 1254 3719 suo
1306 3683 1338 3718 a
1409 3683 1442 3720 o
1480 3666 1561 3719 vi-

414 3741 635 3790 ventem
688 3736 914 3803 suisque
979 3733 1144 3789 rebus
1206 3754 1318 3806 gau
1359 3742 1560 3791 entem.

415 3806 598 3874 Quare
636 3806 716 3861 sic
751 3805 950 3873 senti0,
987 3805 1047 3859 in
1081 3806 1286 3862 Sabino
1324 3826 1422 3862 suo
1450 3807 1562 3862 Ho-

415 3878 622 3933 ratium
651 3877 865 3933 fontem
891 3877 1274 3933 Bandusinum
1299 3880 1562 3935 cecinisse

414 3950 604 4019 ibique
641 3950 732 4004 vel
767 3949 1014 4004 eiusdem
1061 3951 1301 4004 nominis
1347 3950 1562 4007 fontem

415 4021 690 4076 invenisse
725 4021 816 4074 vel
851 4038 1055 4075 nomen
1101 4039 1135 4075 a
1168 4021 1364 4091 primis
1402 4022 1562 4077 aunis

415 4094 474 4146 in
511 4093 724 4147 deliciis
748 4091 1006 4146 habitum
1027 4090 1299 4147 fonticulo
1321 4093 1562 4163 cuidam,

415 4164 655 4219 fortasse
695 4164 769 4218 Di
810 4163 1010 4231 entiae,
1046 4164 1349 4219 memoriae
1397 4182 1565 4220 causa

419 4236 700 4290 indidisse.
814 4235 904 4289 uic
939 4236 954 4287 i
999 4234 1115 4289 itur
1156 4234 1361 4288 Sabino
1399 4234 1563 4306 fonti,

420 4307 574 4360 cuius
629 4252 1062 4361 amoenitatibus
1111 4322 1274 4375 saepe
1324 4305 1562 4363 delecta-

418 4376 606 4445 batur,
651 4375 919 4431 Horatius
963 4375 1206 4432 hostiam
1251 4376 1566 4447 insequenti

421 4448 514 4503 die
547 4448 902 4503 mactandam
935 4451 1106 4517 atque
1149 4452 1434 4504 aeternam
1467 4469 1565 4506 no-

423 4520 589 4574 minis
625 4519 979 4574 nobilitatem
1015 4520 1315 4590 promittit.
1365 4520 1568 4579 Viden-

1660 1955 1755 2005 tur
1791 1950 1971 2021 igitur
1995 1948 2134 2003 haec
2156 1946 2365 2016 scripta
2402 1962 2522 2001 esse
2553 1944 2646 1999 die
2680 1949 2821 1999 ante

1660 2020 2013 2088 Fontanalia,
2051 2036 2193 2088 quae
2228 2022 2393 2073 erant
2418 2016 2695 2071 Fontibus
2734 2016 2820 2071 di-

1662 2098 1787 2148 cata
1822 2092 1924 2147 ΙΙΙ.
1957 2092 2042 2147 Id.
2080 2090 2328 2159 Octobr„
2367 2106 2478 2158 quo
2516 2087 2609 2143 die
2634 2090 2691 2141 et
2730 2104 2822 2143 eo-

1660 2182 1833 2219 ronae
1880 2164 1939 2217 in
1988 2162 2173 2217 fontes
2224 2161 2366 2217 coici
2416 2164 2475 2215 et
2520 2159 2682 2229 putei
2726 2176 2821 2215 eo-

1661 2236 1854 2291 ronari
1903 2235 2175 2290 solebant.
2247 2233 2393 2289 Nam
2442 2231 2597 2300 quod
2642 2230 2821 2286 tertia

1664 2308 1895 2377 stropha
1940 2312 2123 2361 aestas
2169 2304 2452 2359 indicatur
2498 2320 2567 2357 ac
2609 2302 2821 2357 descri-

1660 2380 1842 2442 bitur,
1888 2378 1949 2433 id
2003 2377 2151 2431 nihil
2204 2376 2468 2446 impedit,
2516 2375 2823 2443 quominus

1663 2456 1934 2505 autumno
2008 2466 2231 2503 carmen
2306 2449 2583 2517 scriptum
2655 2450 2821 2515 pute-

1662 2540 1799 2577 mus.
1828 2524 2061 2576 Aestate
2086 2520 2330 2575 maxime
2364 2520 2627 2585 sentitur,
2646 2534 2825 2586 quam

1662 2598 1857 2663 gratus
1917 2593 1991 2647 sit
2045 2592 2169 2646 fons
2224 2591 2321 2645 ille
2366 2589 2640 2660 frigidus3
2684 2588 2823 2644 inde

1662 2666 1682 2720 i
1725 2666 1841 2719 itur
1852 2665 1969 2719 eius
1992 2664 2151 2732 quasi
2175 2664 2357 2717 virtus
2374 2662 2635 2715 sumitur.
2662 2660 2820 2714 Bem-

1782 2738 1829 2791 'a
1864 2753 2066 2791 nomen
2099 2753 2133 2789 a
2169 2751 2371 2805 graeco
2398 2732 2698 2787 Πανδοσία
2722 2730 2819 2787 de-

1664 2812 1895 2863 tortum.

1736 2879 1801 2935 V.
1846 2881 1891 2931 1.
1933 2876 2094 2947 vitro]
2153 2876 2223 2932 cf.
2286 2874 2466 2931 Carm.
2524 2873 2621 2943 IV,
2668 2874 2721 2941 2,
2768 2876 2820 2927 3.

1666 2952 1829 3022 Verg.
1852 2951 1991 3004 Aen.
2016 2948 2137 3016 Vll,
2157 2948 2281 3002 769.
2308 2947 2634 3016 Insequenti
2652 2962 2821 2999 versu

1665 3023 1809 3076 duae
1834 3040 1922 3077 res
1946 3018 2352 3090 significantur,
2380 3019 2499 3073 vini
2523 3018 2727 3072 libatio
2762 3022 2823 3071 et

1666 3094 1870 3148 florum
1894 3092 2136 3161 sparsi03
2172 3108 2353 3159 neque
2379 3090 2523 3145 dicit
2544 3088 2823 3143 Horatius

1666 3165 1840 3220 fontis
1888 3182 2092 3233 aquam
2141 3162 2373 3233 dignam
2422 3178 2541 3216 esse
2580 3178 2725 3229 quae
2759 3160 2821 3213 in

1666 3237 1879 3306 poculis
1928 3252 2082 3289 mero
2130 3234 2505 3289 admisceatur
2560 3231 2819 3287 floribus-

1667 3326 1774 3378 que
1812 3311 2125 3363 coronetur.
2171 3334 2235 3343 —
2272 3306 2427 3371 frons
2464 3309 2611 3374 tura.
2648 3300 2818 3372 com]

1667 3380 1727 3434 in
1764 3397 1875 3450 qua
1910 3378 2094 3448 prima
2132 3394 2343 3431 cornua
2376 3381 2701 3446 turgescere
2736 3374 2816 3428 in-

1667 3452 1897 3520 cipiunt.
1992 3449 2249 3504 Ceterum
2294 3448 2411 3501 noli
2456 3448 2677 3515 mirari,
2722 3462 2818 3501 cur

1667 3523 1889 3593 longius
1936 3522 2267 3575 immoratus
2302 3520 2377 3574 sit
2420 3522 2593 3588 poeta
2629 3518 2690 3572 in
2728 3516 2817 3571 de-

1667 3594 1961 3649 scribenda
2001 3592 2166 3647 haedi
2228 3596 2458 3659 natura3
2514 3594 2681 3661 grata
2737 3592 2819 3643 est

1666 3667 1817 3721 enim
1854 3666 1913 3719 in
1954 3662 2349 3733 componendis
2376 3662 2653 3717 eiusmodi
2686 3661 2818 3715 ima-

1665 3738 1890 3808 ginibus
1953 3735 2177 3790 Horatii
2238 3732 2511 3803 quaedam
2570 3734 2816 3799 ubertas,

1666 3809 1821 3863 cuius
1873 3807 1985 3863 alia
2030 3812 2089 3862 et
2136 3806 2423 3861 simillima
2466 3808 2601 3859 sunt
2636 3821 2814 3859 axem·

1664 3881 1760 3949 pla
1800 3878 1980 3935 Carm.
2004 3879 2104 3939 111,
2144 3878 2231 3944 22,
2268 3876 2319 3931 7.
2373 3874 2468 3945 IV,
2505 3878 2557 3940 2,
2591 3878 2665 3930 65
2701 3892 2818 3945 sqq.

1665 3982 1736 3992 —
1770 3948 2010 4019 frustra]
2052 3948 2181 4003 Noli
2207 3948 2547 4019 coniungere
2582 3946 2693 4003 hoc
2726 3944 2815 4001 ad-

1666 4024 1923 4077 verbium
1962 4039 2087 4076 cum
2112 4020 2483 4089 praecedente
2520 4019 2700 4074 verbo
2734 4016 2815 4071 dc-

1665 4095 1867 4161 stinat3
1914 4111 2136 4147 omnem
2184 4092 2318 4146 huic
2372 4090 2485 4144 vim
2542 4108 2671 4145 cum
2721 4105 2817 4143 sua

1666 4165 1909 4248 quadam
1960 4162 2265 4219 solitudine
2298 4162 2561 4230 eriperes.
2639 4160 2813 4217 Simil-

1664 4238 1829 4290 hmus
1888 4236 2040 4291 locus
2095 4238 2181 4289 est
2236 4234 2415 4288 Carm.
2466 4232 2569 4297 ΙΙΙ,
2622 4234 2676 4301 7,
2722 4233 2813 4299 21;

1666 4306 1781 4362 Sat.
1806 4308 1879 4377 ΙΙ,
1904 4310 1955 4375 7,
1986 4310 2106 4368 115.
2134 4334 2201 4345 -
2218 4304 2437 4431 ¹gelidos
2459 4302 2631 4373 rivos]
2660 4300 2815 4371 Quod

1665 4380 1852 4450 gelida
1898 4383 1982 4433 est
2016 4396 2181 4447 aqua,
2244 4376 2365 4431 onti
2392 4374 2546 4430 laudi
2574 4379 2689 4443 est3
2726 4373 2810 4428 de-

1667 4450 1797 4505 inde
1830 4450 1993 4505 ruber
2028 4448 2257 4519 sanquis
2302 4447 2435 4517 quia
2482 4445 2699 4503 calidus
2736 4448 2815 4501 est

1667 4526 1865 4577 contra
1899 4521 2145 4592 gelidam
2178 4537 2383 4590 aquam
2419 4517 2677 4574 consulto
2720 4533 2811 4587 po-
