3092 5059
411 224 493 294 52
1386 214 1843 291 CARMINUM

1304 437 1689 525 CARMEN
1757 438 1929 524 VH.

515 608 975 684 Laudabunt
1026 604 1158 682 alii
1211 604 1498 681 claram
1549 602 1881 680 Rhodon
1936 592 2068 678 aut
2117 600 2538 703 Mytilenen

715 734 874 808 Aut
923 730 1284 832 Epheson
1343 728 1757 805 bimarisve
1810 726 2166 805 Corinthi

512 859 825 935 Moenia
871 858 999 935 vel
1050 856 1350 933 Baccho
1403 854 1706 931 Thebas
1754 854 1876 929 vel
1930 852 2301 954 Apolline
2352 852 2695 951 Delphos

719 984 1070 1082 Insignes
1124 995 1252 1057 aut
1303 979 1672 1057 Thessala
1716 981 2027 1077 Tempe.

449 1143 474 1183 5
514 1110 708 1188 Sunt
753 1109 1025 1208 quibus
1082 1132 1318 1182 unum
1372 1132 1565 1206 opus
1628 1118 1739 1180 est
1788 1106 2119 1181 intactae
2160 1104 2501 1180 Palladis
2544 1105 2820 1180 urbem

721 1232 1079 1311 Carmine
1130 1248 1506 1331 perpetuo
1564 1232 1959 1308 celebrare
2010 1245 2087 1307 et

752 1452 794 1507 C
816 1470 850 1506 a
868 1469 899 1505 r
919 1470 973 1505 m
996 1468 1028 1505 e
1045 1471 1084 1505 n
1125 1452 1241 1506 VII.

486 1522 774 1579 Dividitur
817 1540 1042 1579 carmen
1087 1523 1147 1576 in
1197 1528 1312 1577 tres
1360 1526 1567 1592 partes,

415 1613 653 1666 quarum
675 1596 860 1665 prima
885 1594 1107 1664 (1-14)
1133 1594 1467 1661 ostenditur,
1493 1593 1567 1647 ab

415 1667 541 1723 aliis
578 1668 716 1722 alias
753 1667 844 1721 vel
882 1667 1136 1737 regiones
1164 1666 1252 1719 vel
1286 1664 1468 1731 urbes,
1507 1666 1568 1718 in

417 1740 618 1808 quibus
655 1738 938 1808 placidam
976 1756 1042 1792 ac
1097 1754 1349 1793 securam
1386 1736 1566 1791 vitam

417 1817 638 1866 acturos
678 1827 738 1865 se
773 1814 1013 1880 sperent,
1050 1808 1342 1879 praeferri.
1417 1806 1566 1861 Dein

417 1884 594 1938 altera
629 1886 792 1951 parte
832 1880 1087 1950 (15-18)
1115 1882 1361 1947 docetur,
1402 1896 1564 1934 curas

415 1960 473 2009 et
498 1954 794 2009 tristitiam
819 1970 932 2007 non
953 1953 1204 2006 locorum
1227 1952 1568 2006 amoenitate

413 2026 566 2095 pelli,
619 2025 718 2079 sed
755 2025 994 2094 sapienti
1031 2024 1186 2078 vitae
1223 2028 1567 2091 naturaeque

416 2116 536 2152 usu.
609 2098 725 2151 Iam
765 2113 892 2151 cum
935 2096 1073 2150 haec
1129 2096 1407 2149 sententia
1443 2100 1569 2149 tota

417 2170 675 2224 videatur
715 2184 974 2237 expressa
1011 2184 1148 2236 esse,
1185 2167 1372 2221 subito
1397 2172 1569 2235 poeta

417 2242 498 2295 sie
537 2258 660 2295 eam
696 2239 960 2309 producit
995 2238 1110 2307 (vv.
1136 2238 1302 2306 molli,
1345 2238 1567 2305 Plance,

417 2314 579 2380 mero)
615 2316 681 2365 ut
713 2312 775 2364 in
799 2312 972 2365 tertia
995 2316 1159 2379 parte
1183 2310 1568 2379 inexspectata

416 2400 594 2453 prope
631 2400 892 2437 curarum
947 2382 1164 2435 medela
1200 2382 1368 2435 hilari
1404 2381 1567 2435 vultu

418 2454 738 2522 ridentique
763 2470 860 2507 ore
896 2458 1246 2522 proponatur
1283 2458 1338 2507 et
1363 2452 1566 2507 Teucri

420 2525 671 2595 exemplo
709 2525 995 2594 probetur.
1036 2525 1188 2578 Haec
1225 2541 1462 2594 quoque,
1499 2528 1567 2578 ut

417 2598 600 2667 prima
662 2613 810 2666 pars,
882 2595 1053 2650 habet
1115 2596 1566 2663 quattuordecim

415 2686 624 2723 versus.
665 2668 935 2735 Fuerunt,
962 2668 1057 2735 qui
1087 2666 1217 2721 inde
1243 2684 1276 2721 a
1302 2684 1464 2721 versu
1496 2668 1561 2720 15

417 2758 624 2795 novum
695 2739 1024 2794 incoharent
1092 2755 1343 2806 carmem
1415 2738 1567 2807 quod

417 2830 530 2867 non
567 2812 751 2865 minus
787 2828 1113 2879 perversum
1149 2816 1250 2878 est,
1312 2827 1478 2879 quam
1517 2810 1565 2862 si

420 2884 543 2953 quis
579 2881 837 2951 strophas
875 2887 1274 2950 quaternorum
1302 2899 1567 2936 versuum

417 2955 629 3025 fingere
665 2962 723 3008 et
759 2954 1158 3010 sententiarum
1211 2971 1416 3009 nexum
1452 2953 1568 3006 vio-

419 3026 598 3081 lenter
633 3042 998 3095 perrumpere
1033 3030 1281 3080 eonatur.
1353 3024 1434 3078 Et
1484 3025 1567 3077 in-

419 3097 724 3169 tellegitur,
780 3114 880 3152 cur
937 3098 996 3151 in
1034 3114 1198 3151 versu
1239 3098 1304 3150 19
1343 3096 1569 3151 demum

419 3175 586 3238 poeta
622 3169 890 3223 Plancum
927 3170 1202 3224 allocutus
1239 3169 1328 3223 sit.
1387 3171 1567 3221 Aeute

420 3241 821 3295 animadvertit
857 3240 1355 3308 Reifferscheidius,
1396 3239 1567 3293 etiam

418 3314 477 3366 in
515 3314 744 3383 reliquis
781 3312 1122 3366 carminibus
1159 3311 1353 3365 eodem
1385 3315 1567 3364 metro

418 3385 712 3439 Alcmanio
763 3383 1091 3451 conscriptis
1149 3382 1355 3445 (Carm.
1395 3382 1437 3448 1,
1477 3383 1565 3436 28.

419 3456 598 3525 Epod.
630 3456 718 3523 12)
757 3455 904 3509 circa
942 3454 1186 3508 medium
1223 3470 1444 3507 versum
1483 3452 1565 3506 di·

419 3528 581 3582 cendi
632 3526 789 3579 filum
827 3526 1012 3580 subito
1051 3524 1309 3594 abrumpi
1371 3524 1439 3593 (1,
1479 3526 1566 3583 28,

423 3600 490 3651 16
527 3599 614 3653 vel
653 3599 726 3650 20
769 3598 856 3650 vel
895 3599 964 3649 22
1019 3602 1076 3651 et
1130 3596 1312 3665 Epod.
1353 3597 1436 3663 12,
1481 3598 1569 3659 13)

419 3676 588 3737 atque
624 3688 748 3724 eam
778 3668 1296 3736 inaequabilitatem
1329 3666 1567 3720 Horatio

419 3758 588 3796 curae
622 3741 811 3795 fuisse.
847 3769 916 3779 —
975 3740 1038 3794 L.
1078 3739 1364 3793 Munatius
1403 3738 1566 3791 Plan·

419 3830 514 3867 cus
542 3813 790 3879 Caesare,
828 3811 977 3881 apud
1017 3829 1180 3880 quem
1219 3815 1569 3879 pugnaverat

421 3884 480 3937 in
519 3884 702 3939 Gallia
739 3891 796 3937 et
832 3882 1045 3951 Africa,
1101 3888 1323 3937 mortuo
1372 3881 1565 3934 varius

420 3961 478 4010 et
536 3957 856 4011 inconstans
917 3954 1164 4023 primum
1227 3952 1569 4016 Ciceronem,

419 4027 620 4082 deinde
657 4027 986 4093 Antonium,
1043 4030 1164 4079 tum
1202 4022 1570 4079 Octavianum

420 4105 640 4154 secutus
702 4103 800 4153 est.
881 4097 1140 4151 Ceterum
1199 4095 1568 4161 Hieronymus

421 4171 677 4226 Chronic.
713 4188 771 4239 p.
796 4172 926 4222 155:
970 4167 1288 4235 „Munatius
1311 4165 1568 4232 Plancus,

420 4242 701 4296 Ciceronis
737 4240 1064 4308 discipulus,
1101 4242 1293 4291 orator
1329 4236 1571 4290 habetur

419 4313 704 4384 insignis.“
765 4312 1000 4365 Carmen
1036 4310 1261 4363 videtur
1297 4308 1571 4376 scriptum

1736 1450 1801 1503 V.
1867 1453 1914 1503 1.
1990 1451 2197 1505 claram
2260 1450 2507 1519 Rhodon]
2580 1449 2817 1505 Reiffer-

1664 1521 1962 1576 scheidius:
2024 1521 2297 1590 „Graecas
2334 1521 2501 1576 urbes
2539 1528 2639 1576 aut
2674 1522 2817 1577 caeli

1664 1594 1875 1647 situsve
1911 1593 2249 1647 amoenitate
2287 1599 2386 1648 aut
2424 1594 2575 1648 fama
2612 1610 2712 1648 sua
2749 1610 2819 1648 ac

1664 1665 2039 1719 monumentis
2076 1665 2320 1737 insignes
2346 1682 2677 1719 enumerans
2702 1664 2817 1719 Ho-

1666 1738 1843 1791 ratius
1880 1736 2134 1791 defertur
2171 1737 2243 1791 ad
2272 1736 2531 1805 Mycenas
2560 1736 2817 1791 Homeri-

1667 1825 1775 1873 cas,
1836 1808 1990 1862 euius
2028 1808 2183 1862 urbis
2222 1809 2395 1863 etiam
2430 1814 2553 1862 tum
2588 1812 2823 1877 praeter

1666 1879 1871 1941 rudera
1906 1879 2051 1933 nihil
2086 1884 2395 1949 supererat.
2448 1880 2569 1934 Iam
2606 1880 2679 1934 ab
2713 1879 2825 1934 hae

1665 1952 2057 2021 antiquissima
2110 1952 2381 2006 memoria
2436 1952 2685 2005 animum
2732 1969 2821 2005 re·

1665 2039 1868 2077 vocans
1902 2022 2117 2076 duobus
2157 2024 2317 2077 novis
2344 2023 2612 2091 exemplis
2636 2028 2819 2077 trans-

1662 2094 1807 2147 itum
1864 2094 1971 2148 sibi
2015 2099 2183 2163 parat
2228 2094 2301 2148 ad
2357 2094 2577 2149 Tiberis
2625 2094 2823 2149 laudes

1663 2165 2077 2220 illustrandasf‘
2114 2164 2267 2232 Quae
2290 2166 2546 2236 exempla
2572 2166 2823 2221 ostendit

1664 2237 1736 2290 ob
1774 2237 1833 2290 id
1874 2237 2057 2307 ipsum
2094 2236 2273 2291 electa
2300 2255 2433 2299 esse,
2470 2238 2621 2306 quod
2646 2237 2821 2293 Laee-

1664 2307 1901 2362 daemon
1932 2314 1989 2362 et
2010 2308 2211 2363 Larisa
2246 2310 2305 2363 in
2330 2327 2429 2363 suo
2456 2326 2661 2381 genere
2696 2327 2817 2363 ma-

1664 2378 1813 2433 xime
1853 2380 2151 2447 emineant,
2192 2381 2433 2435 alterum
2466 2380 2823 2435 Athenarum

1664 2451 1944 2505 aemulam
1970 2456 2028 2505 et
2050 2450 2381 2521 disciplinae
2400 2454 2705 2508 severitate
2732 2470 2819 2507 ce-

1666 2522 1958 2591 lebratam,
1982 2522 2237 2590 alteram,
2252 2524 2347 2577 cui
2361 2522 2568 2593 Tempe
2586 2525 2817 2594 propin-

1663 2610 1774 2663 qua
1800 2599 1999 2653 essent.
2034 2593 2335 2649 fertilitate
2362 2596 2487 2665 agri
2525 2596 2820 2667 insignem.

1665 2664 1829 2719 Clara
1852 2671 1937 2719 est
1955 2665 2181 2719 Rhodos
2207 2673 2539 2735 mercatura,
2584 2668 2823 2736 artibus,

1662 2736 2013 2807 eloquentiae
2034 2737 2248 2791 studiis.
2276 2736 2427 2793 Suet.
2444 2738 2633 2793 Tiber.
2656 2757 2701 2793 c.
2718 2743 2745 2792 1
2760 2742 2817 2793 1:

1662 2807 1959 2876 „Rhodum
1974 2809 2295 2879 enavigavit
2308 2811 2647 2865 amoenitate
2660 2816 2719 2865 et
2730 2828 2817 2865 sa-

1662 2879 1931 2935 lubritate
1952 2881 2168 2935 insulae
2186 2884 2434 2950 captus.“
2466 2882 2683 2936 Memor
2708 2882 2825 2937 fuit

1661 2951 1826 3005 huius
1854 2950 1962 3006 loci
1982 2952 2279 3020 Martialis,
2307 2970 2433 3007 cum
2454 2954 2725 3009 scriberet
2749 2954 2819 3023 X,

1666 3022 1758 3090 68,
1787 3026 1836 3077 l:
1876 3023 2051 3091 „Cum
2073 3023 2180 3077 tibi
2213 3042 2324 3078 non
2350 3025 2600 3093 Ephesos
2624 3042 2726 3080 nec
2747 3026 2827 3079 sit

1662 3093 1890 3149 Rhodos
1928 3100 2027 3149 aut
2062 3094 2350 3163 Mytilene,
2388 3096 2485 3151 sed
2523 3096 2720 3150 domus
2760 3098 2823 3151 in

1660 3166 1805 3233 ricc,
1829 3164 2039 3234 Laelia,
2068 3167 2367 3235 patrici0.“
2392 3196 2459 3206 -—
2486 3168 2817 3237 Mytilenen]

1663 3254 1830 3305 quam
1857 3236 2027 3291 Lesbi
2064 3238 2280 3294 insulae
2316 3240 2515 3293 urbem
2546 3238 2720 3295 Cicer.
2747 3239 2819 3293 de

1662 3309 1769 3378 leg.
1797 3325 1916 3379 agr.
1939 3309 2012 3376 11,
2040 3310 2107 3362 16
2144 3316 2239 3377 „et
2263 3316 2470 3365 natura
2496 3316 2554 3365 et
2577 3311 2821 3380 descrip-

1660 3380 1815 3433 tione
1875 3378 2261 3435 aedificiorum
2298 3386 2355 3435 et
2397 3382 2823 3451 pulchritudine

1662 3451 2541 3579 ³¹?1'51¹¹³{⁸¹ffi¹'{¹⁰t“‘235⁰²ss·-·
2568 3453 2820 3579 ‘’‘2'12‘0'4‘31

1665 3539 2113 3577 c.v1.e.
2339 3542 2823 3579 .ur1.ro.

1668 3594 1827 3648 1097:
1889 3596 2162 3664 „d'lnopov
2196 3564 2466 3667 ’κορυφὰν
2504 3542 2823 3669 ''foemam“

1666 3694 1731 3704 —
1788 3667 2025 3721 carmine
2077 3668 2359 3738 perpetuo]
2421 3667 2559 3723 Olea
2615 3668 2824 3723 Miner-

1664 3754 1766 3790 vae
1826 3756 1988 3793 saera
2044 3738 2183 3806 fuit;
2244 3756 2309 3793 ea
2356 3741 2505 3793 enim
2550 3740 2655 3795 dea
2710 3740 2824 3794 cul-

1664 3812 1851 3862 turam
1890 3814 1946 3863 et
1983 3810 2395 3879 plantationem
2432 3813 2551 3865 eius
2600 3812 2821 3867 arboris

1664 3878 1941 3935 invenisse
1996 3882 2312 3936 dicebatur:
2374 3883 2610 3938 Athenis
2670 3888 2825 3939 certe

1666 3968 1733 4005 ea
1788 3952 2008 4006 cultura
2066 3957 2123 4007 et
2177 3954 2560 4009 vetustissima
2599 3960 2658 4010 et
2714 3954 2827 4010 fre·

1667 4024 2031 4090 quentissima
2070 4024 2212 4090 fuit;
2251 4025 2363 4079 vid.
2394 4025 2603 4081 Herod.
2631 4026 2698 4095 V,
2726 4028 2821 4080 822

1668 4098 1937 4163 „As‘yeme
1983 4096 2047 4147 δὲ
2086 4100 2177 4147 καὶ
2214 4094 2288 4154 ὥς
2340 4098 2517 4150 ἐλαῖαι
2554 4098 2693 4152 ἔσαν
2729 4092 2821 4151 ἅλ-

1667 4168 1793 4217 λοθι
1827 4166 1927 4234 γῆς
1972 4162 2223 4237 οὐδαμοῦ
2277 4168 2392 4220 κατ’
2456 4170 2671 4224 ἐκεῖνον
2722 4166 2827 4223 τὸν

1662 4231 1875 4306 χρόνον
1937 4230 1969 4305 ἢ
2012 4234 2323 4311 Ἀθήνῃσε.“
2401 4240 2610 4295 Fronte·
2656 4257 2825 4311 prae·

1662 4324 1865 4376 ponere
1926 4314 2009 4363 est
2074 4314 2241 4379 caput
2300 4310 2573 4367 redimire.
2662 4312 2825 4381 Quod

419 4401 552 4453 esse,
612 4401 738 4437 cum
773 4381 1054 4436 Munatius
1092 4379 1404 4433 Antonium
1460 4380 1575 4433 iam
1672 4380 1825 4433 aliud
1851 4385 2021 4448 caput
2042 4385 2231 4450 potest
2256 4382 2511 4454 intellegi
2537 4383 2647 4438 nisi
2676 4386 2823 4455 ipso·

418 4455 765 4525 reliquisset;
821 4453 879 4507 id
934 4452 1084 4520 quod
1135 4450 1348 4505 facturn
1396 4455 1480 4504 est
1526 4468 1574 4504 a.

419 4546 474 4580 u.
511 4544 558 4581 c.
596 4528 720 4579 722.

1669 4468 1794 4503 rum
1832 4452 2162 4520 poetarum?
2234 4452 2389 4507 Dicit
2424 4455 2603 4525 igitur
2640 4456 2821 4512 Hora-

1668 4522 1809 4575 tius:
1851 4522 2039 4589 „Nihil
2079 4524 2364 4592 antiquius
2402 4524 2613 4581 habent
2652 4546 2823 4595 quam
