3092 5059
1162 219 1320 285 LIB.
1366 219 1415 284 I.
1460 219 1728 287 EPIST.
1771 220 1820 286 1.

2579 222 2700 287 501

399 411 580 486 Esto
634 411 805 487 aliis
860 411 1053 486 alios
1104 413 1334 487 rebus
1387 413 1813 512 studiisque
1864 414 2145 490 teneri:

400 535 619 612 Idem
674 536 943 613 eadem
997 551 1315 637 possunt
1365 537 1638 614 horam
1699 537 1979 614 durare
2024 539 2490 678 probantes?

404 659 723 757 „Nullus
774 663 854 736 in
910 662 1097 736 orbe
1148 663 1355 738 sinus
1407 663 1586 738 Bais
1639 661 2036 764 praelucet
2087 662 2450 758 amoenis,

2458 659 2500 698 ί(

403 783 487 861 Si
538 785 731 860 dixit
781 785 1019 883 dives,
1078 787 1289 862 lacus
1342 800 1417 863 et
1468 814 1680 863 mare
1733 788 1962 863 sentit
2012 813 2356 862 amorem

308 942 363 984 ss
401 910 858 987 Festinantis
912 913 1061 1008 eri;
1110 913 1230 988 cui
1282 913 1346 988 si
1397 913 1672 989 vitiosa
1715 913 1959 989 libido

400 1035 704 1113 Fecerit
754 1036 1202 1136 auspicium,
1260 1062 1474 1134 „cras
1527 1038 2002 1114 ferramenta
2053 1038 2398 1114 Teanum

400 1160 723 1238 Tolletis
774 1158 1052 1238 fabri.“
1154 1161 1429 1238 Lectus
1484 1162 1813 1262 genialis
1866 1163 1941 1239 in
2000 1162 2179 1239 aula
2227 1176 2372 1237 est:

398 1286 526 1362 Nil
578 1287 689 1362 ait
738 1311 903 1363 esse
956 1288 1191 1385 prius,
1242 1287 1515 1362 melius
1569 1287 1680 1362 nil
1733 1287 2023 1364 caelibe
2073 1289 2272 1384 vita3

401 1410 486 1488 Si
528 1439 683 1486 non
736 1425 871 1508 est,
925 1411 1127 1488 iurat
1176 1412 1376 1488 bene
1426 1411 1609 1487 solis
1665 1439 1829 1488 esse
1881 1414 2198 1489 maritis.

315 1569 369 1609 m
406 1536 577 1628 Quo
628 1550 931 1612 teneam
978 1537 1231 1613 vultus
1282 1551 1703 1613 mutantem
1757 1539 2037 1615 Protea
2088 1537 2346 1614 nodo?

403 1660 615 1753 Quid
665 1663 1008 1762 pauper?
1108 1663 1347 1740 Ridet
1400 1677 1648 1740 mutat
1695 1663 2076 1760 cenacula,
2125 1663 2390 1761 lectos,

400 1786 711 1884 Balnea,
762 1800 1132 1885 tonsores,
1190 1789 1565 1864 conducto
1620 1788 1928 1886 navigio
1984 1814 2231 1888 aeque

398 1912 735 1988 Nauseat
768 1939 856 1988 ac
903 1912 1271 2014 locuples,
1328 1940 1556 2013 quem
1611 1913 1821 1988 ducit
1869 1914 2092 2014 priva
2144 1914 2499 1988 triremis.

402 2037 483 2113 Si
539 2051 841 2114 curatus
885 2038 1276 2138 inaequali
1326 2053 1634 2116 tonsore
1689 2038 2012 2136 capillos

295 2289 462 2327 versa
496 2275 627 2327 sunt
654 2271 855 2325 -studia
877 2270 1184 2339 hominum,
1221 2275 1285 2326 ut
1309 2272 1451 2328 alius

298 2344 455 2399 aliud
490 2348 774 2412 sequatur,
812 2343 909 2398 sed
945 2360 1016 2398 ne
1051 2343 1201 2398 idem
1224 2344 1451 2412 quidem

298 2417 359 2471 in
396 2415 590 2471 eadem
626 2432 691 2470 re
714 2415 823 2469 sibi
860 2419 1135 2475 constant,
1167 2432 1317 2470 nunc
1345 2415 1453 2471 hoc

297 2504 449 2543 nunc
484 2486 625 2542 illud
658 2487 965 2556 p.“etentes
998 2515 1061 2525 —
1090 2485 1299 2556 horam]
1335 2487 1449 2542 Sat.

298 2559 452 2629 11,7,
487 2561 605 2612 112.
660 2559 739 2612 Et
774 2557 845 2614 ef.
881 2558 1103 2612 Terent.
1135 2557 1242 2612 Ad.
1270 2559 1366 2627 IV,
1396 2560 1448 2624 2,

304 2634 399 2685 15.
440 2631 600 2698 ,,Νοιι
636 2630 821 2686 hercle
858 2628 951 2684 hie
987 2629 1213 2698 quidem
1250 2629 1453 2687 durare

300 2703 615 2772 quisquam,
660 2702 706 2756 si
750 2703 831 2756 sic
874 2701 957 2770 fit,
1008 2705 1211 2770 potest.
1220 2701 1245 2730 “
1316 2702 1451 2756 Pro-

296 2776 515 2844 pert.1‚
552 2775 603 2840 6,
637 2776 726 2828 11.
779 2773 915 2843 „His
952 2791 1073 2844 eg0,
1109 2790 1223 2827 non
1263 2774 1451 2828 horam

298 2863 527 2916 possum
572 2814 795 2900 durare
822 2845 1115 2914 querelisf‘
1163 2873 1231 2884 —
1281 2845 1449 2916 Bais]

300 2917 479 2973 Tacit.
503 2920 648 2972 Anu.
668 2917 764 2986 IV,
784 2921 878 2972 67·
908 2915 1451 3002 „prospectabatque

300 2989 507 3057 (insula
560 2989 826 3059 Capreae)
884 2989 1323 3058 pulcherrimum
1380 2989 1451 3044 si-

298 3079 451 3129 num,
500 3065 802 3130 antequam
840 3059 1108 3114 Vesuvius
1159 3078 1319 3114 mons
1364 3078 1450 3115 ar-

298 3133 527 3188 descens
592 3133 796 3188 faciem
864 3133 973 3186 loci
1028 3133 1328 3186 verteretf‘
1384 3163 1449 3172 -

298 3205 475 3276 laeum]
529 3205 805 3259 Lucrinus
869 3221 1045 3273 prope
1104 3203 1285 3258 Baias.
1380 3204 1451 3258 cf.

301 3275 1451 3345 carm.„.‚,.„.11118311151111820

298 3377 367 3389 -
393 3347 618 3418 vitiosa]
658 3348 770 3402 Cio.
808 3345 968 3402 Tusc-
1006 3316 1103 3414 IV,
1142 3315 1227 3414 13’,
1265 3349 1350 3400 29.
1382 3378 1449 3386 -

296 3420 493 3487 fecerit
532 3417 864 3489 auspicium]
901 3422 1170 3488 tanquam
1216 3419 1333 3474 avis
1380 3419 1451 3472 si-

299 3509 473 3562 gnum
518 3491 738 3546 dederit
780 3491 1083 3545 mutandae
1126 3489 1449 3544 voluntatis.

299 3509 371 3618 cf.
397 3562 702 3630 Liv.1,34.
750 3561 1045 3646 Compara
1064 3560 1273 3633 Vergil.
1312 3565 1449 3617 Aen.

298 3635 397 3701 IX,
439 3637 565 3689 185:
642 3637 769 3704 „An
812 3653 912 3691 sua
959 3633 1157 3704 cuique
1206 3634 1342 3687 deus
1384 3633 1452 3688 fit

298 3675 426 3760 dir’a
452 3705 671 3776 cupido.
676 3707 709 3736 “
729 3705 1093 3774 —Teammfl
1122 3704 1451 3774 Sidicinum,

299 3795 449 3832 nuno
510 3778 725 3842 Teano,
777 3779 937 3833 XXX
980 3777 1058 3832 M.
1104 3775 1165 3830 Ρ.
1212 3794 1247 3831 a
1294 3776 1449 3848 Bais3

298 3867 414 3904 non
450 3850 701 3919 Apulum
736 3849 999 3904 Teanum.

372 3921 436 3974 V.
476 3922 564 3975 67.
614 3922 677 3976 in
714 3921 867 3990 aula]
906 3922 965 3975 in
1004 3923 1163 3978 atri0.
1237 3921 1321 3976 De
1360 3939 1449 3976 eo·

302 3995 431 4049 dem
465 3993 691 4048 homine
724 3993 863 4048 haec
898 3993 1051 4048 dicta
1085 3997 1232 4054 sunt,
1268 3994 1365 4064 qui
1402 3993 1451 4046 si

300 4082 529 4122 uxorem
569 4064 738 4120 habet
775 4065 1046 4120 caelibum
1078 4066 1254 4120 vitam
1289 4082 1449 4134 prae-

299 4139 477 4206 dicat3
548 4138 595 4192 si
658 4153 771 4191 non
835 4137 1029 4198 habet,
1094 4137 1449 4192 maritorum.

298 4210 469 4265 Nam:
510 4207 777 4278 ,fflenialis
800 4208 967 4262 lectus
989 4208 1191 4277 cuique
1222 4208 1449 4264 domum

298 4279 539 4336 intranti
578 4280 803 4350 signum
849 4283 969 4334 erat
1017 4281 1318 4351 coniugum
1346 4298 1453 4350 par

296 4355 361 4408 in
398 4369 467 4406 ea
490 4351 775 4419 habitur-03
810 4367 942 4404 nam
967 4353 1201 4408 muliere
1229 4357 1453 4407 mortua

296 4424 388 4480 vel
430 4427 559 4494 post
601 4421 911 4477 divortium
959 4440 1082 4477 cum
1129 4441 1194 4478 ea
1238 4425 1453 4480 factum

299 4495 661 4552 tollebatur.“
736 4493 993 4548 Orellius.
1041 4525 1106 4534 —
1152 4497 1279 4550 bene
1318 4495 1449 4564 esse]

299 4567 431 4624 vide
468 4565 541 4621 ad
578 4565 759 4621 Garm.
788 4565 889 4633 ΠΙ,
921 4566 1006 4636 16,
1032 4567 1119 4621 43.
1138 4595 1208 4606 -
1230 4567 1449 4638 Protea]

1544 2271 1658 2326 Sat.
1705 2271 1778 2336 Π,
1827 2274 1878 2338 8,
1929 2274 2014 2326 71.
2089 2272 2234 2326 Plat.
2279 2271 2600 2360 Euthyphr.
2640 2290 2698 2361 p.

1551 2346 1632 2398 15.
1686 2343 1780 2398 D.:
1868 2363 2004 2413 „ome
2029 2337 2292 2430 ἂφετέος
2337 2343 2388 2397 εἶ
2432 2339 2621 2413 ὥσπερ
2667 2343 2698 2396 ὃ

1546 2411 1819 2484 Πρωτεὺς,
1855 2420 1988 2486 πρὶν
2021 2410 2092 2468 ἂν
2137 2415 2344 2488 εἴπῃς“
2374 2444 2439 2453 -
2459 2415 2701 2486 pauper]

1546 2486 1630 2542 Ne
1665 2505 1936 2557 pauperes
1975 2487 2203 2570 quidem
2243 2487 2350 2541 sibi
2380 2491 2700 2542 constantes

1546 2577 1664 2613 esse
1712 2561 1814 2625 ait,
1868 2560 1965 2629 qui
2010 2576 2135 2614 cum
2181 2560 2240 2612 in
2277 2559 2494 2630 magnis
2532 2559 2699 2642 rebus

1545 2631 1892 2685 voluntatem
1936 2649 2048 2685 non
2099 2631 2315 2700 possint
2360 2635 2596 2696 mutare,
2642 2630 2700 2683 in

1544 2703 1736 2773 parvis
1782 2702 1839 2758 id
1885 2703 2070 2758 facere
2117 2702 2353 2757 ridicule
2408 2707 2696 2772 quaerant.

1544 2804 1617 2814 —
1661 2775 1940 2844 cenacula]
1991 2773 2178 2858 Varro
2227 2773 2293 2827 L.
2341 2773 2404 2829 L.
2452 2773 2518 2835 V,
2573 2774 2698 2827 162:

1545 2851 1745 2972 1:33ss?
1747 2849 2702 2988 “3321335125013332‘2‘12..¹35¹33m03g

1545 2991 1808 3044 universa
1855 2990 2110 3045 cenacula
2153 2989 2358 3044 dicta.“
2435 2988 2577 3043 Sunt
2615 3007 2699 3043 oe-

1544 3063 1748 3116 nacula
1782 3061 2089 3127 meritoria,
2125 3060 2184 3114 in
2220 3060 2422 3130 quibus
2461 3077 2698 3130 pauper·

1544 3151 1633 3188 res
1653 3133 1910 3188 habitare
1939 3134 2209 3188 solebant.
2235 3162 2299 3172 -
2322 3133 2578 3202 nauseat]
2601 3132 2698 3186 Di-

1545 3205 1687 3259 vites
1743 3222 1871 3259 cum
1917 3203 2219 3259 fastidiunt
2263 3209 2491 3266 terram,
2544 3222 2700 3258 mare

1544 3281 1748 3346 petunt
1802 3293 1902 3330 sua
1944 3277 2106 3346 navi;
2156 3293 2248 3331 eos
2299 3282 2364 3331 ut
2407 3276 2702 3330 imitentur

1543 3365 1835 3418 pauperes,
1857 3349 2175 3402 conducunt
2195 3365 2415 3410 navem,
2427 3347 2576 3402 idem
2592 3346 2699 3401 sibi

1544 3421 1800 3488 paraturi
1837 3419 1987 3490 quod
2022 3420 2134 3473 illis
2181 3419 2460 3490 contingit
2505 3435 2700 3472 nause-
2713 3429 2716 3432 ’

1546 3510 1653 3546 am.
1690 3491 1756 3544 In
1784 3509 1894 3561 qua
1923 3509 2059 3546 voce
2087 3509 2200 3546 non
2229 3491 2445 3562 negabo
2469 3491 2700 3562 languo-

1543 3565 1624 3617 ris
1663 3562 2124 3647 significationem
2161 3563 2326 3617 simul
2365 3563 2563 3630 inesse,
2601 3562 2699 3617 sed

1542 3652 1808 3689 nauseam
1880 3635 2112 3705 proprie
2189 3635 2398 3689 dictam
2473 3633 2698 3688 omnino

1545 3707 1799 3778 relegare
1861 3724 1964 3776 per
2028 3711 2210 3760 totam
2267 3707 2376 3760 loci
2438 3710 2699 3760 naturam

1543 3795 1657 3832 non
1706 3778 1916 3833 licebit.
1991 3778 2100 3833 Cic.
2149 3777 2216 3832 Ν.
2271 3777 2338 3832 D.
2386 3778 2430 3846 1,
2477 3779 2566 3844 30,
2604 3777 2697 3831 84:

1547 3849 1848 3918 „Confiteri
1902 3850 2091 3920 potius
2142 3850 2355 3904 nescire
2413 3817 2566 3919 quod,
2607 3866 2700 3903 ne·

1546 3922 1712 3976 scires
1769 3939 1936 3992 quam
1995 3923 2104 3976 ista
2161 3921 2506 3976 effutientem
2563 3938 2700 3974 nau·

1544 4011 1702 4048 seare
1759 3999 1926 4063 atque
1975 3993 2154 4063 ipsum
2210 3993 2318 4047 sibi
2362 3992 2662 4062 displicere.
2668 3990 2701 4020 “

1547 4095 1614 4104 —
1665 4065 1895 4135 tonsore]
1941 4065 2067 4119 vide
2115 4065 2188 4119 ad
2239 4064 2419 4119 Carm.
2470 4064 2512 4128 Ι,
2559 4066 2610 4130 6,
2650 4065 2698 4116 2.

1546 4164 1614 4176 —-
1672 4137 1977 4207 inaequali]
2029 4137 2217 4192 Iocose
2263 4141 2457 4192 tonsor
2510 4135 2700 4218 appel·

1542 4210 1698 4264 latur
1750 4209 2086 4278 inaequalis,
2148 4208 2242 4277 qui
2298 4206 2495 4261 tondet
2550 4207 2698 4260 inae-

1545 4281 1808 4350 qualiter,
1861 4297 1992 4334 suae
2050 4280 2188 4334 artis
2236 4279 2420 4332 minus
2465 4278 2700 4346 peritus.

1544 4353 1637 4406 Ad
1689 4353 1872 4422 ipsum
1917 4351 2298 4406 Maecenatem
2345 4349 2698 4404 convertitur

1549 4425 1620 4478 ad
1656 4424 1822 4479 finem
1873 4439 2112 4493 pergens
2149 4426 2330 4491 poeta.
2410 4421 2696 4476 Delicatus

1546 4495 1657 4549 fuit
1699 4496 1759 4549 iu
1805 4493 1891 4548 his
1935 4493 2101 4550 rebus
2149 4511 2212 4548 ae
2253 4493 2438 4548 mollis
2483 4492 2694 4547 Maeee-

1546 4585 1647 4622 nas
1687 4567 1826 4636 „vir,
1865 4565 1962 4620 ubi
2015 4583 2103 4620 res
2137 4565 2393 4636 vigiliam
2429 4564 2697 4636 exigeret,
