3092 5059
1043 260 1203 330 LIB.
1247 260 1366 329 ΙΙΙ.
1411 260 1664 330 ΟΑΒΜ.
1710 262 1827 332 ΙΧ.

2520 269 2641 334 193

539 444 850 524 Cervici
899 450 1200 527 iuvenis
1253 450 1523 526 dabat:

734 572 1141 651 Persarum
1194 576 1410 673 vigui
1459 600 1648 674 rege
1698 577 2018 653 beatior.

469 752 497 795 s
536 722 806 799 Donec
856 750 1012 799 non
1063 723 1220 801 alia
1269 725 1516 824 magis

735 846 1017 924 Arsisti
1069 874 1320 949 neque
1374 864 1540 926 erat
1590 850 1840 951 Lydia
1890 866 2067 950 post
2122 851 2441 949 Chloen,

523 971 758 1049 Multi
805 973 1058 1071 Lydia
1101 976 1470 1051 nominis:

728 1098 1073 1175 Romana
1123 1100 1342 1198 vigui
1397 1098 1679 1175 clarior
1728 1100 1898 1176 Ilia.

525 1245 661 1322 Me
711 1273 915 1322 nunc
969 1246 1301 1324 Thressa
1355 1247 1602 1328 Chloe
1653 1250 1851 1347 regit

434 1403 492 1443 ιο
731 1372 1012 1449 Dulces
1068 1372 1297 1449 docta
1349 1374 1621 1449 modos
1678 1378 1783 1475 et?²
1808 1374 2145 1452 citharae
2195 1376 2462 1470 sciens,

522 1496 680 1571 Pro
733 1521 886 1596 qua
935 1523 1088 1573 non
1142 1500 1748 1596 metuammori,
1832 1496 1839 1503 ’

731 1622 813 1699 Si
865 1634 1185 1719 parcent
1228 1624 1533 1700 animae
1584 1625 1743 1699 fata
1794 1624 2202 1721 superstiti.

523 1771 660 1847 Me
708 1784 953 1848 torret
1005 1772 1175 1851 face
1231 1787 1495 1850 mutua

727 1896 1050 1974 Thurini
1103 1898 1358 1978 Calais
1403 1898 1606 1976 filius
1653 1899 1955 2000 Ornyti,

435 2055 488 2096 ιε
529 2022 686 2098 Pro
745 2048 898 2121 quo
953 2024 1069 2099 bis
1121 2025 1372 2121 patiar
1423 2026 1643 2122 mori,

731 2148 812 2225 Si
859 2145 1179 2246 parcent
1229 2175 1474 2251 puero
1531 2152 1693 2227 fata
1746 2152 2159 2252 superstiti.

523 2297 759 2394 Quid,
812 2299 878 2373 si
927 2300 1181 2399 prisca
1231 2300 1432 2376 redit
1482 2300 1742 2378 Venus

723 2422 1251 2523 Diductosque
1301 2424 1482 2523 iugo
1539 2426 1747 2523 cogit
1796 2439 2062 2523 aeneO,

517 2546 606 2623 Si
657 2545 860 2621 flava
912 2550 1295 2624 excutitur
1345 2548 1595 2625 Chloe

427 2704 484 2743 ω
720 2672 1226 2774 Reiectaeque
1277 2688 1490 2773 patet
1539 2678 1773 2752 ianua
1816 2675 2167 2776 Lydiae?

519 2824 979 2923 Quanquam
1030 2824 1282 2900 sidere
1333 2825 1729 2925 pulchrior

720 2946 866 3023 Ille
915 2961 1050 3045 est,
1105 2962 1186 3025 tu
1237 2948 1486 3026 levior
1539 2952 1826 3027 cortice
1876 2964 1951 3028 et
2001 2952 2357 3053 improbo

222 3180 508 3244 augeatur,
545 3196 660 3233 non
698 3183 784 3233 est
817 3180 968 3249 quod
1015 3180 1239 3235 uberius
1280 3198 1370 3235 ex-

219 3252 476 3310 ponatur.
561 3250 704 3334 Quo·
749 3268 894 3305 anno
965 3252 1236 3321 seriptum
1297 3252 1368 3307 sit

223 3330 440 3473 Ὓῗ
459 3322 932 3476 ffifgffiglex
958 3394 1193 3449 verbum
1223 3412 1369 3449 com·

222 3464 385 3523 positi
418 3464 761 3520 amandare
797 3466 920 3520 loco
965 3466 1214 3536 positum
1251 3484 1370 3521 esse

221 3544 286 3581 ex
308 3530 500 3590 dativo
537 3537 891 3607 intellegitur
913 3537 1126 3605 cervici3
1161 3538 1230 3592 de
1256 3555 1366 3606 quo

221 3604 438 3659 nomine
459 3606 838 3674 Quintilianus
869 3609 1010 3663 dicit
1029 3608 1178 3677 VIII,
1197 3612 1248 3678 3,
1272 3613 1366 3665 35:

225 3670 516 3737 „Ger-vicem
587 3680 814 3735 videtur
864 3680 1196 3735 Hortensius
1251 3681 1364 3750 pri-

223 3756 338 3798 mus
375 3748 608 3806 dixisse:
648 3769 780 3806 nam
817 3759 1035 3807 veteres
1067 3753 1370 3822 pluraliter

228 3818 540 3883 appellant“
553 3862 568 3891 ,
624 3823 716 3877 cui
771 3824 1090 3878 addendum
1152 3829 1368 3891 tamen,

225 3890 433 3963 yeteres
465 3898 660 3962 poetas
690 3895 1034 3965 singularem
1057 3896 1138 3950 sic
1158 3912 1366 3965 ponere

223 3970 330 4011 lam
374 3979 536 4019 ausos
586 3982 718 4021 esse.
761 3996 824 4007 -—-
865 3967 980 4021 alia
1025 3967 1244 4037 arsisti]
1295 3967 1366 4022 cf.

229 4023 399 4110 Garm.
435 4034 532 4106 IV,
568 4037 620 4101 9,
660 4040 744 4091 13.
781 4038 962 4107 Epod.
1009 4042 1090 4102 14,
1130 4042 1182 4108 9,
1218 4040 1367 4093 unde

227 4100 358 4164 qmd
392 4103 462 4160 de
508 4108 686 4163 altera
729 4110 968 4165 lectione
1017 4111 1188 4166 aliam
1221 4111 1364 4165 iudi-

225 4172 456 4230 candum
491 4180 568 4233 sit
613 4179 782 4235 facile
817 4181 1046 4237 videbis.
1120 4181 1258 4236 Orta
1300 4200 1366 4236 ea

227 4244 309 4295 θη
351 4242 417 4299 82
463 4251 842 4320 geminatione
885 4254 1168 4322 sequentis
1212 4253 1362 4308 litte-

228 4324 337 4397 rae..
364 4346 428 4357 -
460 4324 618 4379 multi
646 4324 840 4393 Lydia
865 4325 1126 4395 nominis]
1154 4324 1240 4379 De
1268 4342 1361 4395 ge·-

229 4387 410 4441 neuvo
445 4393 572 4449 vide
607 4395 680 4449 ad
719 4394 899 4450 Carm.
938 4396 982 4457 1,
1020 4398 1107 4463 36,
1151 4400 1232 4450 13.
1291 4396 1362 4451 cf.

235 4448 342 4507 Sat.
375 4458 418 4527 Ι,
458 4468 504 4532 1,
541 4468 626 4521 33.
681 4466 1008 4522 Artificiosa
1047 4467 1266 4537 primae
1305 4472 1364 4522 et

232 4530 492 4589 secundae
526 4538 789 4607 strophae
831 4539 1146 4594 similitudo
1193 4540 1364 4611 cogit,

239 4600 298 4648 ¹¹¹2
347 4606 636 4672 septimum
691 4628 916 4666 versum
967 4626 1098 4665 cum
1148 4612 1362 4680 protasi

329 4716 542 4769 Hortum
571 4730 644 4772 ed.
671 4730 1008 4782 muenburger
1032 4730 1105 4773 ed.
1131 4730 1229 4772 vn.

1473 3182 1904 3253 coniungamus3
1940 3181 2217 3237 sententia
2254 3186 2360 3235 est:
2413 3181 2625 3250 „donec

1473 3270 1589 3307 non
1612 3254 1779 3308 aliam
1805 3254 1983 3324 magis
2010 3254 2232 3307 amabas
2256 3269 2360 3307 nec
2383 3252 2620 3321 Lydiam

1475 3324 1685 3379 Chloae
1740 3325 2131 3394 posthabebas,
2184 3324 2367 3392 Lydia
2424 3328 2621 3379 eontra

1471 3397 1640 3449 multi
1676 3396 1827 3467 apud
1866 3400 1925 3450 te
1962 3401 2085 3451 erat
2118 3396 2377 3463 nominis,
2402 3395 2619 3450 tamdiu

1473 3468 1681 3521 clarior
1716 3468 1753 3521 i.
1790 3485 1836 3522 e.
1874 3468 2119 3521 nobilior
2154 3467 2295 3521 mihi
2340 3468 2462 3521 visa
2498 3484 2621 3520 sum

1470 3538 1595 3608 Ilia,
1632 3539 1981 3594 nobilissima
2019 3539 2167 3593 inter
2197 3556 2387 3593 omnes
2418 3538 2621 3593 Roma-

1469 3628 1571 3664 nas
1628 3611 1942 3665 mulieres.“
2016 3610 2143 3665 Non
2195 3615 2347 3665 recte
2396 3610 2619 3664 Miiller.

1471 3681 1693 3737 Schiitz.
1746 3682 2027 3737 Eckstein.
2087 3700 2138 3736 v.
2201 3684 2233 3735 7
2290 3699 2416 3737 cum
2478 3682 2619 3735 inse-

1472 3754 1668 3822 quenti
1691 3754 2127 3821 coniunxerunt3
2155 3754 2239 3807 ita
2262 3754 2412 3807 enim
2434 3754 2613 3807 omnis

1469 3842 1647 3895 prope
1682 3830 1944 3880 venustas
1984 3824 2342 3894 stropharum
2373 3824 2618 3879 demitur

1469 3912 1535 3951 ac
1570 3898 1849 3951 sententia
1892 3896 2081 3951 evadit
2132 3897 2309 3949 multo
2360 3895 2617 3949 debilior.

1467 3968 1607 4021 Fuit
1642 3974 1829 4023 autem
1865 3967 2047 4037 Lydia
2096 3967 2317 4021 liberta.
2393 3965 2477 4020 De
2511 3965 2619 4020 Ilia

1468 4039 1538 4093 cf.
1574 4039 1743 4111 Verg.
1781 4042 1920 4094 Aen.
1958 4040 2003 4109 1,
2044 4038 2166 4093 273.

1538 4111 1607 4166 V.
1652 4114 1731 4165 12.
1768 4110 2010 4180 animae]
2062 4110 2224 4164 dulce
2271 4108 2378 4165 hoc
2428 4109 2615 4165 amici-

1467 4182 1583 4237 tiae
1618 4183 1710 4238 vel
1760 4183 1967 4237 amoris
2012 4198 2243 4249 nomen;
2287 4182 2464 4236 veluti
2502 4181 2612 4236 Cic.

1467 4253 1623 4308 Fam.
1660 4254 1809 4316 XIV,
1852 4256 1935 4307 14.
1995 4252 2159 4321 ‚‚Vos,
2204 4269 2361 4308 meae
2398 4253 2613 4307 carissi-

1465 4343 1591 4379 mae
1610 4326 1847 4387 animae,
1879 4341 2049 4393 quam
2074 4324 2395 4393 saepissime
2433 4324 2505 4379 ad
2524 4342 2613 4378 me

1467 4395 1731 4451 scribite“
1767 4414 1947 4465 neque
1992 4412 2091 4449 nos
2138 4394 2303 4450 aliter
2348 4396 2613 4450 Germani

1465 4468 1653 4536 „mein
1706 4466 1948 4523 Leben“.
2006 4496 2075 4507 —-
2126 4467 2255 4535 iuyo
2303 4467 2493 4536 aeneo]
2546 4468 2613 4522 In

1466 4539 1741 4594 adiectivo
1786 4540 1974 4609 posita
2008 4540 2093 4592 vis
2140 4542 2227 4592 est
2269 4542 2327 4593 et
2373 4537 2612 4593 firmitas

1463 4610 1837 4681 redintegrati
1864 4609 2083 4664 amoris.
2156 4608 2225 4663 cf.
2256 4610 2437 4666 Carm.
2461 4611 2506 4680 I,
2526 4613 2611 4677 33,

2148 4709 2215 4763 13
