3092 5059
1057 264 1221 331 LIB.
1265 265 1316 331 Ι.
1363 263 1613 331 ΟΑΒΜ.
1658 265 1833 334 XIV.
2558 268 2640 333 67

537 451 902 529 Fluctus?
977 452 1046 530 O
1105 452 1297 552 quid
1348 454 1518 551 agis
1541 457 1579 530 ⁴?
1655 453 1993 531 Fortiter
2044 479 2333 551 occupa

637 578 976 655 Portum.
1078 578 1354 655 Nonne
1401 578 1649 674 vides,
1704 591 1785 653 ut

731 703 1047 780 Nudum
1096 704 1426 801 remigio
1476 704 1677 779 latus

480 884 507 925 ι
539 853 635 926 Et
665 853 929 929 malus
983 852 1219 928 celeri
1270 852 1571 927 saucius
1625 850 1901 928 Africo

537 977 1122 1075 Antemnaeque
1172 988 1486 1072 gemant
1537 1003 1627 1053 ac
1676 978 1840 1054 sine
1892 976 2205 1055 funibus

629 1102 782 1179 Vix
833 1102 1113 1179 durare
1167 1102 1472 1178 carinae

735 1226 1043 1302 Possint
1090 1226 1579 1323 imperiosius

529 1376 906 1477 Aequor?
957 1376 1134 1452 Non
1183 1377 1332 1453 tibi
1381 1390 1559 1453 sunt
1607 1378 1913 1477 integra
1958 1377 2217 1474 lintea,

451 1534 501 1572 ιο
533 1502 710 1577 Νοιι
763 1502 866 1598 di,
923 1526 1114 1600 quos
1168 1502 1450 1577 iterum
1499 1527 1767 1599 pressa
1819 1528 2049 1577 voces
2101 1503 2331 1579 malo,

637 1624 1002 1719 Quamvis
1053 1626 1374 1703 Pontica
1420 1626 1668 1725 pinus,

733 1749 994 1826 Silvae
1041 1749 1202 1823 filia.
1251 1749 1557 1844 nobilis,

259 1979 428 2016 versus
465 1960 797 2031 intellegere
855 1964 1119 2045 coeperat
1171 1960 1386 2015 nullam

255 2032 426 2089 salutis
462 2051 624 2117 spem
659 2048 778 2087 esse
814 2032 924 2086 nisi
960 2034 1022 2086 in
1059 2030 1385 2085 Octaviano.

255 2103 392 2159 Tunc
435 2106 620 2189 igitur
668 2103 836 2158 desiit
881 2103 1196 2173 desperare,
1261 2120 1388 2157 cum

255 2192 339 2244 spe
369 2177 538 2232 rediit
559 2176 922 2242 desiderium,
960 2193 1086 2229 cum
1110 2143 1388 2229 de’siderio

254 2252 414 2302 metus
467 2265 540 2303 ne
598 2246 882 2302 renovatis
918 2246 1080 2301 bellis
1117 2264 1260 2315 quae
1303 2264 1388 2300 re-

253 2320 435 2374 stituta
468 2323 660 2375 essent
696 2318 878 2373 denuo
913 2318 1316 2372 dilaberentur.

311 2390 372 2444 V.
404 2394 449 2445 1.
483 2390 723 2457 reserent
754 2389 974 2458 fluctus]
1011 2389 1266 2443 Fuerunt
1291 2388 1390 2458 qui

253 2461 576 2545 interrogari
603 2462 742 2515 haec
771 2466 1068 2530 negarent·
1109 2461 1206 2515 sed
1228 2478 1388 2530 prae-

255 2536 353 2587 stat
385 2533 780 2603 interrogatio,
841 2549 982 2600 quae
1039 2531 1210 2587 habet
1245 2532 1388 2586 indi-

345 2605 556 2660 tionem
593 2621 664 2659 ac
701 2607 932 2658 metum.
970 2602 1389 2658 Obversabatur

269 2682 466 2731 orttsse
481 2676 724 2731 Horatio
747 2675 944 2729 Alcaei
961 2692 1204 2742 carmen,
1231 2676 1388 2730 cuius

253 2744 618 2833 fragmentum
652 2752 737 2801 est
773 2745 1135 2833 (Schneidew.
1159 2764 1214 2816 p.
1234 2746 1386 2816 266).

253 2816 440 2904 [Ὁρᾷς]
512 2816 785 2883 ἀσυνέιην
858 2814 1180 2883 (ἀσυνέτους
1251 2818 1386 2872 εἶναι

227 2888 357 2951 ,τοὺς
388 2890 644 2975 πολίτας)
697 2892 789 2942 καὶ
834 2888 944 2943 τῶν
987 2885 1212 2959 ἀνέμων
1264 2882 1389 2943 σιά-

253 2977 344 3048 σιν,
360 2962 436 3015 Τὸ
449 2962 562 3033 μὲν
577 2958 709 3045 γὰο
707 2961 874 3015 ἔνθεν
893 2979 1041 3047 aet-,mx
1061 2963 1387 3029 κυλίνθεται,

257 3031 324 3085 Τὸ
358 3035 408 3086 ‹5‘
445 3036 634 3088 ἔνθεν·
672 3048 860 3117 αμμες
895 3032 947 3085 δ’
972 3026 1044 3086 ἂν
1077 3030 1139 3085 τὸ
1164 3038 1388 3103 μέσσον

251 3106 358 3157 Nat·
383 3102 687 3176 φορήμεθα
726 3100 831 3158 σὺν
863 3106 1098 3187 μελαίνᾳ
1136 3104 1386 3171 Χειμῶνι

249 3178 571 3264 μοχθεῦνιες
607 3169 830 3245 μεγάλῳ
867 3170 1064 3230 καλων.
1121 3176 1242 3245 Πὲρ
1276 3175 1390 3246 μὲν

249 3244 344 3317 γὰρ
359 3244 550 3307 ἄντλος
568 3248 932 3301 ἱστοπέδαν”
903 3264 1036 3317 εχει.
1075 3252 1300 3319 Λαῖφος
1321 3247 1386 3301 δὲ

251 3319 350 3371 πᾶν
385 3316 621 3407 ζιὲδηλον
658 3313 782 3383 ἤδη,
829 3322 938 3371 Καὶ
973 3319 1190 3378 λακίδες
1213 3312 1385 3389 μεγά-

252 3391 328 3443 λαι
357 3391 472 3445 κατ’
515 3386 672 3445 αὐτὸ·
731 3383 965 3444 Χόλαισι
1013 3390 1064 3441 δ’
1103 3385 1384 3459 αγκυραιμ

253 3490 310 3500 -
331 3462 550 3533 occupa]
577 3462 696 3517 noli
721 3461 874 3516 exire
910 3479 978 3515 ex
1003 3466 1190 3531 portu,
1220 3479 1386 3532 quem

251 3536 415 3601 tenes3
457 3535 612 3589 idem
645 3532 984 3603 exprimitur
1018 3534 1386 3603 praecedente

251 3605 408 3659 verbo
461 3605 728 3672 νείενεπίς
781 3604 1001 3669 fortiter
1049 3603 1199 3659 idem
1237 3604 1388 3674 quod

250 3677 453 3745 writer,
500 3678 846 3732 constanter.
905 3704 970 3745 --‚-
1025 3692 1202 3731 ποππε
1235 3675 1388 3731 vides

249 3746 318 3815 nt]
368 3716 498 3803 vide
547 3747 622 3802 ad
661 3748 843 3801 Cam.
883 3746 927 3815 1,
962 3748 1104 3811 9,1.
1193 3746 1387 3803 Videre

251 3819 468 3875 verbnm
505 3819 564 3873 h.
588 3819 626 3873 l.
665 3818 986 3889 generalem
1019 3818 1386 3888 ἰπίεῑῑερεπᾱί,

247 3890 573 3975 perspicuae·
597 3890 884 3944 notionem
908 3891 1180 3959 accepisse
1203 3895 1384 3945 osten·

250 3958 362 4013 dit
343 3978 636 4031 insequens
655 3961 896 4015 verbum
922 3963 1202 4032 gemendi:
1232 3962 1386 4017 cuius

251 4032 324 4085 rei
355 4034 600 4089 alterum
635 4032 952 4102 exemplum
987 4032 1094 4089 hoc
1131 4038 1214 4087 est
1251 4032 1384 4087 Ver·

249 4103 362 4185 gilii
379 4104 780 4173 semum-190.
806 4134 871 4143 —
892 4104 1128 4175 yemoent]
1149 4103 1385 4159 Coniun-

253 4174 420 4232 otim
481 4181 540 4231 et
603 4176 943 4232 auctoritate
1001 4176 1253 4231 codicum
1329 4181 1388 4230 et

251 4248 575 4303 necessitate
608 4248 720 4303 loci
753 4246 1151 4316 praeferendus
1188 4252 1273 4302 est
1309 4248 1387 4301 al-

251 4318 354 4373 teri
387 4318 556 4374 modo
593 4324 814 4389 yemunt
849 4326 908 4373 et
939 4324 1184 4387 possunt,
1222 4336 1388 4388 quem

255 4388 310 4441 in
341 4390 467 4444 aliis
515 4390 674 4445 libris
709 4388 866 4444 MSS.
905 4390 1084 4445 inesse
1119 4390 1388 4445 audimus.

253 4486 316 4499 —-
337 4462 454 4518 sine
482 4460 734 4530 funibus]
772 4461 958 4533 Vulgo
981 4462 1389 4533 intelleguntur

253 4529 422 4601 funes,
455 4532 558 4603 qui
591 4536 882 4588 antemnas
883 4480 990 4588 gad
1025 4533 1204 4589 malos
1221 4534 1390 4588 desti-

253 4602 456 4658 nebant
490 4602 662 4674 (Caes.
703 4603 757 4660 b.
789 4623 844 4675 g.
882 4604 980 4673 III,
1021 4606 1127 4675 14),
1165 4604 1262 4660 sed
1295 4606 1388 4659 be-

1491 1960 1691 2014 nevole
1729 1958 1867 2015 Otto
1888 1962 2129 2017 Heinius
2170 1980 2260 2017 me
2296 1962 2532 2021 monuit.
2570 1961 2639 2016 iis

1492 2030 1719 2084 funibus
1754 2050 1824 2087 ne
1850 2050 2009 2087 sanas
2036 2032 2261 2103 quidem
2288 2052 2455 2087 naves
2480 2052 2640 2102 posse

1493 2118 1701 2170 carere,
1759 2103 1919 2159 funes
1954 2106 2162 2174 potius,
2219 2105 2421 2173 quibus
2458 2104 2641 2159 lacera

1491 2174 1649 2227 navis
1670 2192 1741 2229 ne
1759 2176 2045 2231 dilabatur
2064 2176 2372 2231 cavendum
2394 2176 2486 2244 sit,
2522 2192 2639 2231 esse

1491 2249 1791 2315 tormenta,
1848 2246 1919 2301 de
1971 2248 2174 2317 quibus
2225 2248 2423 2301 Isidor.
2483 2246 2639 2317 Orig.

1497 2318 1579 2384 19,
1620 2320 1671 2383 4,
1708 2317 1769 2371 4·
1824 2324 2144 2373 tormentum
2182 2319 2217 2373 i.
2264 2336 2313 2373 e.
2372 2318 2522 2373 funis
2580 2319 2640 2373 ιιι

1489 2388 1729 2443 navibus
1766 2389 1981 2461 longus,
2020 2392 2119 2459 qui
2156 2408 2191 2443 a
2212 2408 2383 2475 prora
2404 2390 2474 2445 ad
2498 2406 2638 2459 pup-

1491 2459 1611 2527 pim
1657 2462 1997 2531 extenditur,
2036 2479 2145 2531 quo
2182 2462 2363 2533 magis
2399 2461 2638 2516 adstrin-

1490 2534 1711 2617 gaturJ‘
1752 2532 1963 2588 Graece
1998 2534 2057 2587 hi
2094 2533 2254 2588 funes
2280 2534 2639 2603 appellantur

1493 2597 1825 2673 υποζώμαια
1860 2610 1925 2658 ut
1964 2605 2115 2674 apud
2150 2604 2295 2659 Plat.
2336 2606 2510 2677 Legg.
2532 2604 2639 2658 XII

1489 2692 1551 2756 p.
1585 2674 1709 2743 945,
1748 2693 1791 2729 c.
1866 2679 2095 2744 ,,πολλοὶ
2149 2680 2328 2762 καιροὶζ
2372 2680 2643 2735 πολιτείας

1489 2714 1709 2805 λύσεώς
1732 2750 1837 2798 εἰσι
1876 2788 1887 2801 .
1924 2742 2180 2830 καθάπερ
2236 2745 2375 2807 νεὼς
2422 2742 2455 2814 ἢ
2503 2743 2641 2810 Caice

1489 2812 1653 2881 τινός,
1692 2814 1786 2877 ους
1822 2813 2069 2878 ἐντόνους
2101 2836 2159 2872 τε
2190 2824 2282 2871 καὶ
2308 2814 2639 2919 ἰποζώματα

1490 2893 1583 2941 καὶ
1594 2880 1799 2957 νεύρων
1818 2884 2095 2948 ἐπιτόνους
2112 2886 2642 2960 προσαγορεύομενμ

1490 3032 1807 3154 gdtnpvpoc)
1857 3032 2183 3104 ὑποζωμαια
2168 2962 2506 3103 νέλεξμβανε
2538 3028 2643 3086 δώ-

1528 3111 1661 3157 εκα.“
1666 3106 1679 3132 ‘

1492 3173 1722 3230 Orellio.

1490 2960 1696 3015 Athen.
1742 2960 2121 3048 Deipnosoph.

1763 3103 1918 3158 Idem
1994 3106 2107 3159 iam
2180 3105 2435 3159 Ritterus
2509 3120 2638 3158 cum

1774 3204 1843 3215 —
1886 3176 2129 3245 carinae]
2181 3177 2251 3231 de
2308 3194 2419 3230 una
2468 3176 2640 3230 etiam

1491 3263 1658 3316 nave;
1692 3245 1753 3300 id
1777 3248 1928 3316 quod
1955 3266 2069 3303 non
2093 3249 2275 3318 magis
2313 3252 2398 3303 est
2430 3248 2637 3301 miran-

1489 3317 1626 3372 dum
1664 3335 1832 3386 quam
1870 3336 2011 3387 quae
2060 3324 2192 3373 sunt
2227 3319 2435 3373 similia
2470 3318 2638 3388 Verg.

1487 3390 1629 3444 Aen.
1656 3388 1776 3453 VII,
1816 3390 1922 3444 364
1963 3391 2232 3445 Zroianas
2267 3390 2441 3458 urbes,
2477 3388 2637 3444 Ovid.

1489 3460 1625 3515 Met.
1646 3432 1798 3529 xni,
1840 3462 1940 3515 196
1978 3462 2195 3517 Iliacas
2232 3478 2383 3517 arces
2418 3430 2487 3517 de
2524 3478 2638 3515 una

1489 3532 1628 3586 urbe
1666 3536 1723 3586 et
1760 3550 1900 3587 arce.
1938 3532 2241 3588 Horatium
2279 3533 2532 3587 imitatus
2552 3537 2639 3587 est

1490 3604 1779 3657 Claudian.
1838 3604 1909 3659 de
1966 3604 2061 3657 VI.
2117 3622 2263 3659 cons.
2323 3605 2533 3660 Honor.
2585 3622 2639 3659 v.

1492 3676 1594 3729 132
1644 3691 1791 3744 sqq..
1852 3716 1887 3757 .”
1873 3673 2083 3744 ,Qualis
2136 3677 2379 3745 piratica
2434 3676 2639 3747 puppis

1490 3783 1503 3797 .
1543 3786 1559 3799 .
1596 3746 1798 3801 incidit
1844 3748 1905 3801 in
1950 3765 2211 3817 magnam
2264 3748 2636 3803 bellatricem-

1489 3835 1597 3887 que
1654 3818 1961 3883 triremem,
2022 3818 2171 3873 Dum
2235 3819 2505 3888 praedam
2570 3820 2639 3873 de

1487 3906 1645 3944 more
1699 3894 1881 3959 putat,
1918 3890 2258 3959 viduataque
2313 3892 2487 3946 caesis
2531 3890 2637 3945 Re-

1487 3961 1752 4087 ιόιιξιδιιε,
1767 3962 2249 4089 bscissislyelorupg
2280 3963 2477 4046 debilis
2515 3962 2639 4044 alis,

1538 4051 1570 4085 r
1612 4050 1644 4087 a
1808 4050 1972 4088 ernac
1997 4050 2059 4097 ιε,
2118 4052 2189 4088 an
2248 4051 2393 4088 mnis
2448 4050 2639 4087 saucia

1488 4051 1767 4173 fractis,gu
1754 4104 2093 4159 Ludibrium
2130 4105 2317 4175 pelagi
2350 4108 2517 4159 vento
2558 4104 2635 4157 ia-

1490 4180 1679 4231 ctatur
1714 4180 1773 4230 et
1810 4177 2013 4231 unda-‘⁴

1560 4247 1627 4301 V.
1664 4248 1747 4303 10
1786 4247 1871 4318 ἀι]
1944 4249 2231 4317 tutelares,
2291 4264 2529 4316 quorum
2566 4247 2635 4300 si·

1489 4319 1739 4374 mulacra
1774 4336 1901 4375 cum
1936 4336 2037 4375 ara
2081 4321 2139 4373 in
2178 4319 2355 4389 puppi
2398 4318 2636 4373 colloca-

1491 4390 1713 4445 bantur.
1770 4420 1836 4430 -—
1898 4392 2125 4445 Pontica
2167 4390 2359 4459 pinus]
2423 4390 2636 4444 Pontus

1491 4463 1649 4532 regio
1702 4462 1815 4516 fuit
1864 4462 2209 4517 feracissima
2244 4478 2437 4517 earum
2474 4462 2635 4516 arbo-

1490 4550 1637 4602 rum,
1662 4550 1805 4602 quae
1830 4534 2109 4587 resinosae
2138 4533 2461 4603 aptissimae
2483 4535 2637 4587 visae

1492 4610 1625 4659 sunt
1680 4610 1741 4659 at
1790 4604 2160 4659 aedificandas
2218 4623 2403 4659 naves·
2476 4603 2636 4659 Unde
