3092 5059
476 230 597 297 124
1442 228 1902 297 CARMINUM

976 418 1081 496 Ut
1132 444 1327 518 pura
1378 429 1754 493 nocturno
1807 413 2112 491 renidet

786 572 838 613 ω
1074 542 1295 619 Luna
1346 543 1560 635 mari,
1619 539 2042 619 Cnidiusve
2093 540 2378 637 Gyges,

874 693 1123 786 Quem
1176 689 1728 792 si-puellarum
1777 690 2157 765 insereres
2213 688 2472 785 choro,
2513 784 2520 789 ι

870 819 1072 894 Mire
1123 842 1435 915 sagaces
1486 815 1798 892 falleret
1852 815 2191 913 hospites

973 944 1403 1021 Discrimen
1426 929 1433 942 ’
1454 942 1862 1017 obscurum
1917 941 2185 1017 solutis

1072 1067 1434 1144 Crinibus
1488 1066 2014 1165 ambiguoque
2059 1064 2297 1142 vultu.

1383 1390 1766 1477 ommim
1829 1390 1964 1475 VI.

876 1558 1223 1658 Septimi,
1276 1556 1539 1637 Gades
1587 1556 1890 1633 aditure
1940 1581 2238 1632 mecum
2293 1570 2369 1631 et

880 1684 1355 1761 Cantabrum
1406 1684 1810 1759 indoctum
1847 1684 2030 1779 iuga
2084 1683 2289 1757 ferre
2338 1693 2598 1756 nostra
2651 1694 2730 1757 et

880 1809 1259 1885 Barbarus
1319 1807 1602 1908 Syrtes,
1657 1807 1794 1883 ubi
1839 1806 2111 1882 Maura
2157 1830 2462 1902 semper

1080 1935 1403 2011 Aestuat
1453 1932 1692 2009 unda:

474 2186 545 2199 -
600 2156 913 2229 Cnidiusve]
982 2160 1057 2214 Vs
1108 2160 1390 2229 particula
1442 2158 1626 2229 Gyges

478 2247 701 2299 quoque
720 2248 847 2284 oum
860 2230 1072 2301 Lalage
1092 2238 1477 2301 comparatur3
1494 2248 1628 2285 nam

478 2302 559 2355 sic
609 2301 760 2356 inter
812 2318 869 2357 se
934 2302 1299 2373 respondent:

477 2388 589 2427 non
630 2402 692 2412 —-
732 2388 842 2428 non
880 2402 943 2414 —
982 2391 1058 2429 ve.
1107 2403 1175 2413 —
1222 2373 1355 2428 mire
1411 2374 1628 2428 Adver-

477 2442 635 2498 bium
683 2444 958 2515 coniunge
1002 2462 1131 2501 cum
1172 2446 1401 2513 falleret.
1438 2474 1511 2485 —-
1545 2462 1628 2500 so-

476 2515 612 2569 lutis
630 2514 899 2587 crinibus]
920 2517 1169 2573 Alebant
1180 2516 1444 2587 capillum
1466 2517 1630 2587 pueri

480 2586 728 2712 {nes
766 2587 1052 2730 ew,
1066 2588 1629 2730 um...

476 2698 591 2783 no⁷n
608 2729 977 2801 intellegitur,
996 2732 1143 2786 sitne
1166 2748 1309 2801 puer
1325 2750 1399 2786 an
1420 2733 1627 2803 puella.

478 2800 643 2855 Ovid.
670 2800 805 2856 Met.
824 2802 921 2865 IX,
944 2806 1050 2858 712
1066 2820 1146 2873 sq.
1185 2803 1397 2857 Statius
1424 2803 1628 2859 Achill.

479 2871 525 2939 I,
543 2874 649 2927 336
678 2872 981 2928 Horatium
1014 2875 1269 2929 imitatus
1306 2874 1378 2930 de
1406 2875 1630 2932 Achille

478 2944 628 2998 inter
651 2944 1003 3001 Deidamiam
1040 2951 1099 3000 et
1138 2963 1353 3001 sorores
1392 2947 1625 3003 latente:

480 3014 773 3085 „fallitque
822 3022 1042 3073 tuentes
1084 3018 1399 3089 Ambiguus
1446 3018 1628 3075 tenui-

478 3104 589 3156 que
627 3087 807 3143 lateus
843 3088 1169 3144 discrimine
1203 3090 1417 3144 sexus.“

1398 2308 1628 2357 uantum

829 3202 1147 3260 Carmen
1184 3204 1279 3260 VI.

548 3294 797 3365 Septimii
830 3316 1051 3369 nomen,
1089 3302 1239 3371 quod
1276 3301 1336 3355 in
1373 3300 1479 3355 hoo
1506 3316 1628 3355 car-

478 3368 631 3423 mine
662 3370 890 3439 legitur.
928 3377 1015 3427 est
1051 3374 1221 3428 etiam
1248 3374 1307 3427 in
1326 3372 1509 3441 Epist.
1530 3372 1575 3435 1,
1595 3372 1629 3425 9

478 3444 539 3495 et
582 3440 641 3493 in
878 3450 1009 3499 ento
1062 3446 1337 3515 epistulae
1385 3443 1630 3513 Augusti

476 3511 551 3567 ad
592 3511 891 3568 Horatium
932 3514 1111 3571 datae.
1159 3516 1301 3571 Vide
1337 3514 1449 3569 Vit.
1490 3514 1628 3568 Hor.

477 3600 531 3652 p.
574 3584 654 3635 12.
729 3584 881 3639 Viris
926 3587 1107 3642 doctis
1154 3586 1457 3642 admodum
1500 3604 1628 3655 pro-

475 3653 667 3709 babile
718 3656 901 3712 visum
954 3664 1041 3713 est
1084 3660 1267 3714 tribus
1316 3659 1453 3713 locis
1498 3674 1629 3712 eun·

478 3726 607 3780 dem
644 3726 925 3785 hominem
966 3731 1204 3786 indicari
1218 3771 1233 3798 ,
1278 3730 1375 3785 sed
1411 3731 1630 3783 incerta

476 3814 567 3852 res
627 3802 727 3853 est.
810 3800 1131 3871 Septimius,
1194 3803 1240 3856 si
1301 3802 1630 3857 scholiastes

478 3870 743 3938 sequeris.
794 3888 961 3941 eques
999 3872 1159 3927 Rom.
1211 3872 1323 3927 fuit
1370 3878 1427 3927 et
1482 3890 1626 3927 oom-

478 3942 661 3996 milito
734 3941 984 4012 Horatii3
1056 3946 1168 3999 fuit
1238 3946 1417 4015 igitur
1486 3944 1631 3998 eius·

477 4013 605 4067 dem
646 4030 823 4083 prope
865 4016 1084 4071 aetatis.
1156 4016 1331 4071 Recte
1379 4014 1630 4070 animad-

474 4085 653 4139 vertit
686 4084 901 4141 lanius:
953 4089 1221 4157 „utinam,
1258 4088 1338 4143 mi
1375 4086 1630 4157 Septimi,

475 4156 769 4226 contingat
812 4159 972 4228 mihi,
1016 4163 1097 4226 ut,
1146 4160 1297 4229 quod
1346 4159 1628 4227 reliquum

478 4232 563 4281 est
598 4228 768 4295 vitae,
818 4235 1003 4284 tecum
1050 4232 1111 4285 in
1156 4246 1371 4285 secessu
1412 4230 1628 4284 rustico

477 4298 695 4369 degam.
734 4300 843 4355 Hie
876 4301 1081 4356 fundus
1121 4302 1435 4356 carminis.“
1482 4300 1624 4356 Mol·

476 4370 675 4424 lissimi
712 4376 899 4427 autem
934 4390 1124 4429 sensus
1160 4390 1263 4443 per
1300 4378 1481 4428 totum
1508 4390 1628 4428 car·

478 4458 607 4495 meu
656 4444 817 4510 quasi
868 4452 1125 4515 regnant,
1172 4444 1323 4514 quod
1358 4446 1630 4514 seriptum

478 4518 565 4567 est
612 4530 647 4565 a
690 4520 876 4583 poeta,
912 4532 1041 4571 cum
1074 4518 1261 4571 nescio
1302 4533 1413 4585 qua
1452 4518 1629 4570 tristi-

478 4584 563 4639 tia
614 4600 682 4639 ao
737 4584 925 4641 taedio
978 4604 1173 4642 earum
1228 4604 1435 4651 rerum,
1490 4604 1630 4657 quas

1728 2160 1862 2211 ante
1899 2160 2161 2226 expertus
2207 2158 2347 2224 erat,
2389 2155 2745 2223 obrueretur,
2785 2172 2900 2211 nec

1729 2228 2024 2283 dissimiles
2081 2244 2271 2281 sensus
2330 2230 2461 2280 sunt
2477 2264 2490 2287 ,
2545 2226 2646 2295 qui
2697 2229 2896 2297 expri-

1731 2304 1963 2354 muntur
2004 2299 2184 2353 Carm.
2222 2299 2267 2368 1,
2303 2298 2391 2351 31.
2429 2298 2580 2353 Suet.
2619 2296 2721 2351 vit.
2744 2298 2894 2353 Hor.

1731 2370 2897 2497 333¹3lbi111⁰ffi⁰i¹1b122nm32³⁸1⁸1201ffl

1731 2519 2014 2569 servatum
2052 2518 2153 2581 est,
2191 2512 2432 2569 secundo
2457 2530 2624 2568 versu
2661 2512 2725 2566 id
2758 2530 2894 2583 spa-

1731 2587 1878 2641 tium
1925 2584 2250 2656 significari,
2307 2584 2459 2655 quod
2503 2588 2588 2639 est
2636 2583 2790 2638 inter
2845 2604 2896 2639 a.

1732 2660 1840 2712 ⁷28
1895 2662 1952 2711 et
2007 2675 2056 2711 a.
2107 2659 2232 2711 734.
2305 2656 2448 2712 Nam
2497 2673 2626 2710 cum
2675 2673 2727 2710 a.
2775 2656 2896 2711 ¹725

1733 2728 1974 2785 Romani
1995 2728 2239 2797 primum
2265 2726 2576 2783 Cantabros
2601 2726 2898 2794 vicissent,

1732 2801 1793 2854 hi
1818 2818 1867 2855 a.
1893 2802 1998 2854 728
2027 2800 2222 2871 iugum
2249 2804 2510 2855 excutere
2537 2798 2898 2854 studuissent

1733 2875 1792 2927 et
1833 2889 1980 2927 anuo
2025 2871 2252 2926 demum
2289 2872 2396 2925 734
2433 2871 2536 2926 dev
2544 2871 2896 2933 inoerentur.

1733 2943 2002 2998 Horatius
2071 2947 2224 2997 certe
2283 2942 2584 2998 Cantabros
2641 2942 2898 2996 indoctos

1733 3015 1870 3084 iuqa
1903 3015 2048 3081 ferre
2082 3014 2334 3069 Romana
2369 3018 2502 3068 ante
2541 3031 2592 3066 a.
2627 3014 2739 3067 ⁷28
2775 3030 2894 3083 quo

1733 3087 1978 3156 primum
2017 3086 2366 3140 rebellarunt
2411 3102 2524 3139 non
2561 3085 2756 3154 potuit
2790 3103 2892 3155 ap·

1732 3158 1960 3227 pellare.
2025 3158 2408 3227 Compositum
2443 3157 2624 3227 igitur
2660 3156 2895 3211 videtur

1733 3247 1784 3283 a.
1842 3230 1950 3282 '729
1999 3247 2053 3281 v.
2105 3231 2236 3297 7303
2291 3245 2422 3283 nam
2479 3228 2595 3282 noli
2659 3228 2894 3283 credere

1733 3300 2034 3354 Horatium
2081 3300 2345 3355 Sabinam
2389 3299 2585 3354 villam
2635 3300 2892 3354 nondum

1733 3372 2024 3440 accepisse,
2063 3372 2124 3426 id
2163 3371 2312 3439 quod
2348 3371 2476 3425 aliis
2512 3371 2748 3440 placuit.
2797 3370 2893 3425 Ti-

1733 3444 1890 3498 buris
1943 3449 2003 3497 et
2046 3442 2277 3498 Tarenti
2327 3442 2669 3497 desiderium
2713 3444 2892 3497 etiam

1733 3516 2070 3584 exprimitur
2113 3514 2210 3569 diu
2261 3518 2560 3585 postquam
2612 3513 2894 3567 Sabinum

1731 3586 1949 3657 accepit
1985 3586 2169 3641 Carm.
2207 3586 2307 3654 111,
2333 3588 2384 3654 4,
2411 3588 2476 3638 21
2519 3602 2641 3654 sqq.
2700 3584 2887 3654 Epist.

1733 3658 1779 3726 I,
1808 3660 1861 3715 7.
1887 3660 1974 3712 44.
2011 3658 2076 3711 In
2113 3658 2360 3713 carmine
2399 3658 2486 3711 bis
2521 3661 2720 3711 ternae
2745 3664 2890 3711 stro-

1733 3729 1879 3800 phae
1934 3730 2338 3784 sententiarum
2375 3727 2601 3783 vinculo
2654 3728 2886 3783 coniun-

1810 3806 1961 3855 ntur.

1733 3818 1871 3926 gmv.
1914 3875 1960 3926 1.
2019 3872 2256 3942 aditure]
2309 3872 2406 3939 qui
2452 3870 2612 3926 adire
2653 3876 2890 3940 paratus

1735 3960 1811 4001 es.
1849 3944 1948 4012 qui
1992 3960 2230 4012 mecum,
2281 3945 2328 3997 si
2363 3960 2504 4013 opus
2537 3943 2629 4007 sit,
2683 3942 2886 3997 libenti

1737 4015 1922 4069 animo
1961 4016 2140 4070 adeas.
2215 4014 2420 4069 Tribus
2457 4014 2730 4082 exemplis
2781 4016 2890 4069 uti·

1735 4091 1830 4141 tur
1853 4092 2050 4156 poeta;
2078 4087 2343 4153 Gadibus,
2367 4087 2465 4155 qui
2488 4090 2778 4140 extremus
2807 4096 2891 4140 est

1735 4158 1996 4227 Europae
2021 4158 2200 4227 locus3
2239 4158 2537 4221 cantabro,
2559 4172 2706 4225 quae
2725 4160 2888 4212 natio

1736 4238 1822 4284 est
1841 4229 2186 4284 ferocissima
2209 4229 2411 4289 (Carm.
2429 4229 2501 4297 Π,
2527 4232 2608 4295 11,
2637 4230 2684 4280 1.
2711 4228 2815 4293 111,
2837 4230 2888 4295 8,

1735 4302 1821 4354 22.
1858 4301 1952 4363 IV,
1985 4302 2068 4367 14,
2092 4303 2176 4354 41.
2213 4300 2395 4371 Epist.
2420 4301 2466 4364 Ι,
2496 4302 2578 4360 12,
2603 4300 2720 4369 26);
2759 4300 2888 4367 Syr·

1729 4372 1884 4427 tibus
1901 4378 2136 4442 propter
2163 4377 2527 4441 tempestates
2547 4374 2606 4425 et
2623 4372 2884 4439 scopulos

1731 4444 1975 4499 maxime
2012 4444 2342 4513 periculosis
2379 4444 2584 4509 (Germ.
2629 4442 2674 4510 1,
2711 4444 2802 4507 22,
2837 4446 2885 4495 5.

1730 4514 1912 4584 Epod.
1932 4518 1984 4581 9,
2009 4515 2120 4584 31).
2141 4542 2210 4555 -·
2239 4516 2454 4570 Maura
2467 4514 2645 4582 unda]
2661 4514 2796 4569 vide
2817 4513 2888 4568 ad

1743 4586 1924 4641 Carm.
1946 4587 1992 4655 1,
2019 4590 2064 4655 1,
2091 4588 2180 4641 28.
2205 4616 2278 4628 —
2311 4587 2518 4657 Arqeo]
2551 4602 2760 4659 graeca
2797 4585 2888 4639 ad-
