3092 5059
1185 242 1346 308 LIB.
1389 243 1438 308 Ι.
1481 241 1665 308 SAT.
1712 242 1787 308 V.
2558 242 2683 307 379

321 464 350 505 5
385 432 560 507 Hoc
607 434 754 507 iter
798 432 1061 529 ignavi
1112 430 1529 525 divisimuS,
1586 429 1808 505 altius
1852 456 1942 505 ae.
1982 456 2125 505 nos

387 556 852 633 Praecinctis
905 580 1186 630 unum:
1239 554 1488 631 minus
1543 566 1657 631 est
1708 556 1965 651 gravis
2016 554 2269 654 Appia
2317 553 2579 630 tardi&

387 682 538 759 Hie
589 706 736 778 ego
789 694 1110 781 propter
1159 706 1464 779 aquam,
1520 678 1751 777 quod·
1767 694 1932 755 erat
1967 679 2403 776 deterrima,
2434 680 2684 755 ventri

388 806 658 882 Indico
710 806 1024 901 bellum,
1081 815 1432 881 cenantes
1483 803 1693 879 haud
1745 805 2005 879 animo
2056 830 2303 904 aequo

386 932 854 1027 Exspectans
909 931 1252 1006 comites.
1353 930 1515 1005 Iam
1576 955 1730 1003 nox
1786 930 2150 1006 inducere
2201 930 2422 1006 terris

307 1092 356 1129 ιο
390 1056 724 1134 Umbras
778 1069 852 1131 et
901 1055 1115 1131 eaelo
1169 1054 1603 1131 diffundere
1655 1054 1879 1151 signa
1927 1057 2283 1154 parabat3

389 1180 581 1256 Tum
639 1183 862 1279 pueri
915 1180 1187 1277 nautis,
1247 1180 1502 1279 pueris
1559 1180 1901 1255 convicia
1946 1193 2219 1257 nautae

389 1306 790 1405 Ingerere:
840 1306 1068 1403 „Huc
1124 1304 1468 1405 appelle!
1574 1305 1989 1382 Trecentos
2042 1306 2351 1383 inseris!
2456 1307 2627 1385 Ohe

415 1591 550 1646 Dies

365 1663 600 1717 itineris.

1455 1590 1619 1644 Milia

1397 1679 1677 1732 passuum.

2422 1590 2626 1647 Versus

1801 1629 2065 1683 Mensura
2097 1634 2304 1685 nostra.
2420 1664 2642 1719 satirae·

740 1626 982 1683 Nomina
1014 1628 1283 1682 Iocorum.
1325 1557 1332 1757 ῐ

491 1802 542 1855 9.
721 1800 1020 1855 Canusium
1041 1801 1313 1873 (Canosa).
1525 1801 1555 1855 ⁴?
2035 1800 2063 1855 ⁶?
2494 1804 2580 1856 91.

461 1874 542 1927 10.
717 1870 870 1926 Rubi
906 1871 1126 1943 (Ruvo).
1441 1870 1615 1925 XXX.
1754 1876 1823 1926 44
1844 1872 2052 1926 Kilom.
2090 1872 2197 1925 443
2216 1870 2350 1925 Met.
2492 1874 2577 1927 94.

459 1947 541 1998 11.
719 1943 964 2001 Barium.
1013 1945 1168 1999 Inter
1203 1945 1316 1999 Ru·
1391 1942 1547 1997 XXX
1588 1944 1679 1997 vel
1754 1946 1822 1996 44
1844 1942 2051 1999 Kilom.
2087 1944 2196 1997 448
2214 1942 2348 1997 Met.
2492 1946 2580 1999 97.

666 2068 668 2071 ,
753 2015 854 2069 bos
895 2020 952 2071 et
976 2016 1210 2070 Barium
1243 2018 1315 2071 si·
1407 2014 1668 2069 XXXIII.
2004 2016 2093 2069 vel

753 2090 876 2140 tum
924 2093 1048 2142 erat
1103 2088 1316 2142 Butun-
1752 2088 1823 2140 48
1844 2086 2049 2141 Kilom.
2088 2088 2193 2140 873
2214 2087 2349 2141 Met.

753 2161 877 2212 tum
913 2158 1228 2229 (Butunto).

459 2232 542 2285 12.
721 2229 941 2285 Gnatia.
1021 2230 1220 2298 (Torre
1261 2228 1601 2332 ᾱἹΧΧΧἮΙ
1644 2229 1736 2283 vel
1754 2231 1825 2283 54
1846 2229 2053 2284 Kilom.
2092 2229 2195 2282 797
2214 2229 2350 2285 Met.
2494 2230 2581 2285 97.

753 2301 1002 2443 {gnum
1061 2304 1190 2372 pres
1248 2304 1333 2435 dei
1408 2300 1665 2355 XXVIII.
1754 2303 1825 2355 86
1844 2301 2052 2355 Kilom.
2090 2302 2197 2355 275
2217 2300 2351 2356 Met.

347 2412 372 2433 .·
805 2390 973 2427 asano
999 2413 1012 2427 .

460 2444 542 2498 13.
1553 2443 1703 2499 idem
1738 2442 1857 2497 fere
1892 2442 2151 2513 spatium.
2462 2445 2581 2498 104.

719 2443 1098 2501 Brundisium.
1327 2443 1334 2570 Ι

1003 2612 1098 2708 .Μ.
1136 2612 1199 2666 P.
1240 2634 1309 2659 -·=-
1350 2613 1377 2666 1
1415 2612 1623 2667 Kilom.
1658 2612 1761 2665 481
1800 2610 1936 2666 Met.

361 2732 430 2788 V.
453 2732 496 2786 1.
535 2732 766 2801 excepit]
808 2733 900 2788 Sio
935 2734 995 2787 in
1031 2734 1243 2789 maiore
1279 2737 1442 2803 parte

289 2804 808 2873 antiquissimorum
849 2805 1030 2874 codd„
1074 2810 1134 2860 et
1183 2806 1334 2875 quod
1380 2806 1440 2860 in

289 2892 404 2929 non
447 2876 638 2945 paucis
676 2877 963 2945 reperitur
1008 2877 1166 2945 cepit,
1203 2877 1262 2933 id
1298 2877 1444 2933 hane

290 2948 627 3017 scripturam
655 2946 964 3014 confirmat,
985 2965 1098 3003 non
1123 2966 1246 3004 eam
1273 2967 1443 3018 quam

287 3019 612 3085 Lambinus,
647 3020 954 3088 Bentleius,
978 3020 1262 3087 Lehrsius,
1291 3020 1336 3075 F
1340 3021 1440 3075 rit-

285 3090 472 3146 sehius
508 3092 900 3160 praetulerunt
935 3092 1156 3163 aceepit.
1195 3120 1261 3131 --
1308 3092 1440 3146 Ari·

285 3160 400 3231 oia]
441 3162 513 3217 ad
549 3163 702 3217 viam
720 3164 964 3233 Appiam
1001 3163 1175 3217 distat
1211 3182 1244 3218 a
1263 3163 1442 3217 Roma

288 3234 418 3289 XVI
448 3234 524 3287 M.
554 3234 615 3288 P.
661 3252 810 3289 nuno
847 3234 1072 3289 Ariooia
1104 3235 1196 3290 vel
1231 3234 1439 3289 Rioeia.

289 3336 357 3345 —
414 3305 776 3376 Heliodorus]
833 3307 1027 3361 rhetor
1075 3324 1326 3377 graecus.

289 3376 500 3433 Forum
534 3376 708 3447 Appi]
747 3378 962 3432 distans
999 3378 1069 3433 ab
1113 3378 1308 3433 Aricia
1337 3378 1444 3432 XX

289 3449 366 3503 M.
404 3449 484 3513 P„
531 3449 602 3503 ab
642 3450 829 3519 Appio
866 3449 1096 3504 Claudio
1137 3449 1309 3504 Caeco
1347 3450 1443 3518 qui

289 3520 538 3589 Appiam
585 3520 734 3574 viam
781 3520 918 3577 feeit
961 3522 1326 3575 nominatum.
1371 3550 1444 3561 -

292 3592 478 3661 atque]
518 3592 648 3647 vide
683 3592 756 3647 ad
791 3592 973 3662 Epod.
1015 3594 1100 3661 17,
1133 3598 1188 3645 4.
1213 3622 1280 3633 --
1317 3608 1441 3647 cau·

286 3662 547 3733 portibus]
588 3662 700 3719 Sat.
739 3663 784 3729 I,
827 3668 874 3731 1,
913 3666 999 3718 29.
1034 3664 1276 3733 Maligni
1313 3668 1444 3718 sunt

1536 2734 1787 2788 euntium
1811 2732 2049 2803 pedibus
2076 2734 2311 2788 molesta
2325 2737 2469 2788 erat.
2505 2730 2692 2798 Quare

1536 2806 1744 2860 rectius
1771 2823 1841 2860 ex
1866 2806 2095 2875 optimis
2113 2805 2274 2860 libris
2300 2805 2498 2871 minus,
2520 2820 2691 2872 quam

1535 2878 1780 2932 alterum
1813 2877 1998 2931 nimis.
2072 2876 2209 2931 Fori
2248 2877 2295 2930 A
2335 2876 2419 2946 pii
2462 2874 2691 2929 initium

1535 2954 1661 3003 erat
1728 2949 2157 3018 Pomptinamm
2226 2894 2517 3018 paIudum,
2588 2962 2691 3016 per

1537 3037 1673 3088 quas
1746 3022 1857 3075 iter
1928 3020 2364 3075 continuabatur
2422 3019 2595 3073 lintre
2656 3035 2691 3072 a

1534 3093 1701 3146 mulis
1738 3097 1922 3147 tracta
1957 3108 2133 3159 usque
2170 3091 2243 3145 ad
2276 3091 2551 3216 templum
2586 3090 2691 3145 Fe-

1535 3164 1732 3218 roniae
1784 3163 1859 3232 (v.
1900 3164 1994 3231 24)
2042 3163 2254 3217 distans
2304 3179 2339 3216 a
2432 3162 2692 3217 arraoina

1536 3235 1619 3288 III
1664 3234 1739 3288 M.
1785 3235 1848 3289 P.
1940 3234 2067 3289 Non
2120 3234 2439 3288 mirandum
2496 3233 2689 3304 igitur,

1538 3306 1690 3375 quod
1736 3306 1947 3361 Forum
1998 3306 2172 3375 Appii
2234 3304 2507 3360 refertum
2568 3308 2693 3359 erat

1537 3378 1726 3432 nautis
1782 3383 1839 3433 et
1896 3378 2256 3447 oauponibus.
2320 3406 2387 3418 -·-
2444 3374 2689 3445 comites]

1539 3449 1745 3504 Omnes
1818 3450 2011 3504 intelle
2052 3449 2183 3504 endi
2240 3451 2374 3502 sunt
2431 3448 2528 3517 qui
2589 3464 2693 3517 per

1537 3522 1771 3590 paludes
1836 3522 1947 3575 iter
2006 3467 2216 3575 facturi
2272 3524 2434 3574 erant
2496 3518 2690 3574 eadem

1537 3593 1817 3660 navicula,
1870 3609 2012 3661 quae
2064 3608 2295 3661 vespere
2354 3592 2497 3648 solvi
2551 3590 2688 3645 sole-

1537 3664 1655 3732 bat,
1708 3668 1774 3719 ut
1822 3663 2003 3717 altero
2048 3663 2143 3718 die
2186 3680 2350 3717 mane
2402 3662 2473 3717 ad
2520 3662 2689 3717 Fero-

1370 3334 1439 3346 -

292 3734 442 3803 quod
466 3734 778 3789 viatoribus
809 3735 958 3790 mala
983 3753 1083 3789 sua
1109 3736 1240 3790 vina
1274 3739 1444 3803 atque

291 3806 478 3861 edulia
515 3824 718 3876 magno
757 3808 939 3875 pretio
977 3807 1242 3861 vendunt.
1269 3836 1335 3846 -
1365 3807 1442 3861 al-

289 3878 404 3931 tius
443 3877 532 3946 ao]
581 3878 711 3932 vide
761 3878 834 3933 ad
871 3878 1050 3947 Epod.
1091 3880 1174 3946 15,
1211 3881 1261 3931 5.
1337 3878 1444 3945 Qui

289 3949 458 4003 altius
503 3949 814 4017 praecincti
867 3955 1013 4017 sunt,
1069 3950 1442 4019 expeditiores

289 4025 422 4075 sunt
452 4020 801 4089 celeriusque
837 4021 946 4076 iter
983 4020 1298 4076 conficiunt.
1336 4021 1444 4075 Fa-

291 4096 410 4147 oete
446 4091 677 4146 dictum.
713 4092 816 4147 His
853 4098 1214 4163 opponuntur
1249 4098 1445 4163 postea

287 4162 458 4231 tardi,
497 4164 593 4231 qui
643 4164 948 4219 abhorrent
993 4182 1027 4219 a
1072 4164 1264 4219 labore
1301 4164 1442 4219 viae.

289 4234 434 4288 Nam
451 4235 641 4304 Appia
667 4234 884 4305 (regina
907 4236 1122 4291 viarum
1147 4236 1285 4290 Stat.
1307 4234 1443 4290 Silv.

291 4305 364 4372 11,
401 4306 452 4370 2,
497 4306 586 4375 12)
633 4324 666 4361 a
703 4312 870 4375 porta
909 4308 1134 4377 Capena
1179 4307 1444 4377 Capuam,

292 4376 494 4431 deinde
530 4378 602 4433 ab
641 4379 780 4433 urbe
819 4379 1008 4448 Capua
1044 4377 1348 4435 Tarentum
1389 4384 1446 4433 et

293 4447 654 4503 Brundisium
707 4468 881 4519 usque
925 4450 1132 4505 ducens
1176 4450 1272 4520 (cf.
1310 4451 1444 4506 Des·

290 4519 510 4587 jeu-dina
550 4522 586 4575 1.
623 4520 659 4574 l.
695 4537 750 4589 p.
783 4524 884 4575 153
903 4539 984 4591 sq.
1025 4523 1126 4574 169
1145 4525 1294 4591 sqq.)
1329 4538 1446 4576 ma·

1537 3736 1693 3791 niam
1736 3735 2131 3805 appellet-etur.
2182 3764 2247 3773 —
2311 3735 2416 3791 huc
2460 3732 2691 3803 appelle]

1537 3807 1659 3862 Iam
1698 3825 1825 3863 oum
1860 3824 1973 3860 nox
2010 3807 2244 3873 adesset,
2293 3807 2449 3861 cuius
2486 3804 2689 3859 adven-

1539 3883 1661 3933 turn
1706 3883 1875 3948 poeta
1918 3878 2077 3947 epioa
2126 3878 2367 3947 quadam
2412 3875 2691 3959 dignitate

1538 3956 1739 4020 utpote
1786 3950 2267 4018 exspectabundus
2321 3948 2591 4003 describit
2635 3966 2688 4002 v.

1539 4024 1589 4076 9.
1635 4024 1717 4089 10,
1774 4038 1964 4077 omnes
2014 4020 2393 4076 conscendunt
2440 4019 2688 4081 lintrem,

1539 4110 1731 4148 omnes
1784 4098 2107 4163 properant,
2168 4097 2369 4148 curant
2421 4108 2491 4145 ue
2555 4091 2692 4158 quid

1539 4183 1767 4219 suarum
1814 4182 2002 4219 rerum
2047 4164 2480 4233 relinqueretur.
2552 4162 2691 4216 Inde

1540 4254 1842 4306 puerorum
1921 4241 2332 4304 nautarumque
2412 4234 2691 4302 eonvieia3

1541 4308 1637 4363 sed
1713 4308 2030 4363 sufficiebat
2108 4312 2307 4377 poetae

1541 4379 1797 4434 convicia
1842 4380 2034 4449 paucis
2084 4378 2441 4449 signifieasse,
2494 4382 2693 4432 nauta-

1541 4468 1669 4505 rum
1703 4467 1815 4504 non
1850 4455 2250 4505 memorantur.
2326 4449 2479 4504 Haeo
2511 4450 2691 4519 igitur

1541 4522 1714 4577 verba
1746 4520 1850 4577 hue
1886 4522 2123 4591 appone,-
2169 4526 2426 4576 trecentos
2461 4521 2662 4576 inseris
2672 4539 2692 4588 ,-

2386 4322 2691 4375 puerorum

291 4592 418 4662 gnis
463 4608 530 4647 ao
575 4592 888 4647 durissimis
941 4592 1222 4663 lapidibus
1269 4597 1451 4649 strata
1541 4592 1655 4661 ohe,
1706 4593 1821 4649 iam
1874 4592 2013 4649 sat-'s
2066 4598 2145 4649 est
2198 4610 2312 4647 non
2364 4596 2495 4649 sunt
2548 4592 2691 4649 divi·
