3092 5059
436 241 559 307 596

1321 237 1938 306 EPISTULARUM

539 429 934 509 Candidus
990 444 1066 507 et
1115 428 1309 506 talos
1363 455 1410 504 a
1463 429 1747 505 vertice
1799 428 2118 529 pulcher
2170 426 2270 504 ad
2324 427 2522 502 imos

478 589 504 629 ο
541 555 707 632 Fiet
758 556 1058 654 eritque
1104 566 1276 630 tuus
1329 580 1821 630 nummorum
1872 552 2185 630 milibus
2238 563 2437 647 oete,

532 681 798 758 Verna
849 679 1292 756 ministeriis
1343 679 1444 756 ad
1489 692 1719 756 nutus
1772 691 1996 776 aptus
2048 677 2295 773 eriles,

536 804 928 882 Litterulis
982 802 1303 880 Graecis
1355 804 1717 902 imbutus,
1772 803 2093 879 idoneus
2145 802 2293 876 arti

536 928 912 1024 Cuilibet3
963 927 1242 1026 argilla
1300 927 1607 1027 quidvis
1660 928 2085 1004 imitaberis
2139 926 2339 1022 uda;

538 1054 741 1146 Quin
791 1054 1022 1131 etiam
1079 1068 1302 1130 canet
1355 1052 1748 1130 indoctum
1806 1053 1941 1128 sed
1990 1052 2216 1130 dulce
2270 1050 2591 1128 bibenti.

457 1211 506 1249 ιο
543 1178 791 1254 Multa
837 1178 1068 1254 fidem
1115 1180 1496 1278 promissa
1538 1178 1825 1276 levant,
1878 1179 2012 1252 ubi
2068 1177 2367 1275 plenius
2420 1201 2677 1276 aequo

436 1444 666 1500 fastidia
700 1445 991 1512 lectorum,
1029 1461 1270 1513 quorum
1295 1443 1438 1497 alius
1476 1442 1589 1498 alia

437 1521 723 1586 exspectet
780 1534 846 1571 ac
912 1515 1140 1585 probet,
1205 1515 1585 1569 turbulentam

436 1588 610 1642 vitam
669 1587 819 1642 inter
882 1587 1179 1656 strepitum
1243 1587 1589 1655 molestaque

437 1660 664 1731 negotia
717 1659 972 1714 Romana
1027 1657 1105 1728 (v.
1153 1657 1266 1729 86),
1322 1657 1590 1721 taedium,

441 1731 593 1801 quod
638 1732 842 1786 misera
893 1735 953 1785 et
999 1730 1208 1784 insulsa
1251 1729 1591 1785 versificato-

438 1821 562 1857 rum
613 1801 832 1872 quibus'
869 1807 990 1857 tum
1037 1801 1216 1856 Roma
1268 1801 1594 1856 abundabat

436 1879 635 1930 mutua
678 1874 930 1930 laudatio
979 1879 1036 1929 et
1090 1873 1339 1928 adulatio
1391 1873 1595 1928 debeat

437 1947 683 2001 excitare
735 1946 810 2016 (v.
863 1945 1006 2016 109),
1053 1945 1310 2016 ingentes
1354 1943 1590 1999 difficul-

436 2022 582 2073 tates
634 2035 846 2087 quaes
847 2017 1166 2072 uerandae
1219 2017 1332 2070 sint
1375 2015 1592 2070 homini

436 2089 758 2144 tolerabilia
795 2107 833 2142 n
905 2107 1002 2144 um
1047 2088 1298 2157 perfecta
1335 2093 1394 2142 et
1433 2087 1593 2143 abso-

437 2162 560 2216 luta
607 2161 881 2227 carmina
898 2161 1156 2216 emittere
1208 2159 1471 2228 cupienti,
1527 2163 1595 2213 ut

439 2233 657 2288 beatius
715 2250 894 2302 prope
947 2231 1268 2286 habendum
1323 2233 1398 2285 sit
1452 2230 1593 2285 illud

437 2321 611 2375 genus
657 2308 969 2374 poetarum,
1017 2303 1168 2372 quod
1221 2303 1423 2357 mentis
1473 2302 1595 2357 acie

440 2381 666 2446 captum
724 2392 908 2445 neque
959 2393 1060 2430 sua
1104 2374 1400 2444 pervideat
1451 2375 1595 2429 vitia

439 2454 498 2503 et
533 2448 642 2502 sibi
668 2449 890 2518 placeat
926 2447 1001 2516 (v.
1032 2447 1184 2517 140);
1225 2445 1476 2500 studium
1499 2445 1592 2500 de-

439 2521 609 2604 nique
657 2519 982 2589 sapientiae,
1029 2518 1120 2573 cui
1165 2517 1431 2588 quicquid
1483 2517 1594 2572 sibi

439 2592 590 2646 vitae
635 2592 896 2646 relictum
939 2590 1016 2644 sit
1051 2589 1277 2644 tradere
1313 2589 1428 2644 iam
1463 2605 1592 2644 con·

441 2662 709 2718 stituerit.
771 2661 862 2716 Sic
898 2662 1016 2715 exit
1053 2660 1294 2730 epistula
1327 2661 1388 2716 ιιι
1423 2678 1595 2716 aurea

441 2735 714 2804 quaedam
773 2738 1076 2816 praecepta
1134 2741 1286 2788 recte
1347 2733 1591 2794 vivendi,

441 2807 659 2875 saepius
711 2806 824 2860 iam
877 2805 938 2858 in
996 2804 1248 2874 epistulis
1301 2804 1593 2874 proposita

441 2877 538 2932 sed
589 2876 876 2948 ingeniose
931 2875 1212 2944 descripta
1263 2880 1321 2930 et
1374 2891 1595 2944 semper

441 2967 590 3004 vera.
665 2948 748 3003 De
795 2953 1064 3018 tempore,
1111 2965 1219 3016 quo
1267 2947 1477 3031 scripta
1511 2947 1596 3001 vi·

441 3021 606 3074 detur
627 3021 885 3090 epistula,
910 3019 1248 3073 dissentiunt
1273 3019 1382 3072 viri
1408 3019 1593 3087 docti3

445 3092 754 3146 Ribbeckio
811 3091 1020 3160 scripta
1077 3095 1161 3145 est
1213 3091 1365 3145 intra
1419 3107 1595 3144 annos

443 3165 729 3218 742-746
767 3179 818 3216 u.
858 3180 924 3231 c.,
964 3162 1190 3216 ultimos
1229 3162 1380 3216 vitae
1416 3161 1593 3216 Hora-

443 3234 542 3300 tii;
613 3235 894 3288 Vahlenus
937 3233 1433 3297 (Monatsberichte
1494 3234 1596 3287 der

443 3306 632 3377 Konig
634 3306 671 3359 l.
729 3305 1000 3360 Akadem.
1061 3305 1114 3359 d.
1165 3304 1327 3359 Wiss.
1401 3304 1595 3358 Berlin

450 3325 632 3433 1878.g
671 3377 935 3446 October)
1009 3376 1254 3431 affirmat
1327 3377 1596 3445 scriptam

446 3467 564 3504 esse
617 3467 730 3503 non
779 3449 862 3504 ita
907 3449 1085 3504 multo
1131 3454 1260 3518 post
1295 3448 1595 3518 epistulam

446 3522 491 3587 1,
531 3523 580 3590 1,
627 3521 723 3576 sed
769 3526 899 3575 ante
939 3520 1172 3575 Carmen
1210 3521 1507 3584 saeculare,
1543 3539 1593 3574 a.

448 3594 576 3662 7363
613 3591 938 3647 Mommsen.
962 3591 1216 3660 (Hermes
1247 3592 1409 3659 1880)
1436 3607 1595 3660 prae—

447 3665 584 3720 tulit
622 3683 668 3718 a.
707 3665 829 3718 735.
904 3664 1126 3718 Incerta
1173 3664 1349 3733 igitur
1385 3679 1472 3716 res
1509 3668 1596 3716 est

447 3742 522 3802 et,
583 3737 688 3790 nisi
738 3736 1008 3798 fallimur,
1060 3735 1274 3788 incerta
1329 3734 1595 3788 manebit.

445 3808 662 3862 Eadem
720 3808 998 3862 sententia
1051 3811 1136 3860 est
1190 3805 1595 3860 Hirschfelderi

447 3879 905 3948 (Jahresbericht.
942 3878 993 3932 S.
1027 3879 1170 3947 114).

521 3951 584 4007 V.
625 3955 672 4006 1.
745 3951 830 4006 De
866 3950 1036 4019 primi
1072 3967 1262 4004 versus
1299 3967 1336 4002 n
1409 3949 1595 4020 legen-

407 4073 410 4076 .
449 4025 596 4078 tiore
647 4023 831 4078 forma
883 4021 956 4076 cf.
1011 4020 1083 4075 ad
1138 4021 1226 4090 Ep
1229 4021 1315 4075 ist.
1338 3967 1504 4088 eft),

449 4095 535 4151 De
569 4094 796 4149 Tiberio
837 4093 1040 4147 iuvene
1081 4093 1210 4148 vide
1255 4092 1326 4147 ad
1362 4023 1595 4148 eandem

449 4168 778 4295 ἓῖῗῗὲῗέἓῑ.
803 4195 893 4292 501
910 4164 1128 4290 3333?
1141 4163 1600 4305 „lfflaessffi

449 4311 714 4366 maluerit
733 4325 1045 4390 proponere
1081 4325 1248 4377 quam
1275 4307 1478 4374 alium3
1515 4310 1601 4361 est

451 4384 602 4437 enim
635 4398 776 4452 puer
811 4379 1138 4463 peregrinus
1174 4384 1234 4433 et
1257 4349 1598 4449 incognitus3

450 4454 546 4508 sed
581 4453 764 4522 poetis
809 4455 964 4506 certa
1013 4451 1259 4522 imagine
1307 4467 1450 4520 opus
1497 4454 1599 4504 est.

453 4524 710 4578 Ceterum
749 4523 1028 4576 admirare
1065 4528 1247 4576 artem
1282 4522 1503 4576 Horatii
1541 4522 1601 4574 in

451 4594 826 4649 describendis
881 4611 946 4649 ac
1005 4593 1228 4648 tuendis
1277 4611 1619 4664 mangonum

1682 1446 1741 1497 et
1776 1447 2151 1498 mercatorum
2193 1461 2405 1500 merces
2442 1461 2570 1498 suas
2606 1443 2853 1498 laudan-

1682 1515 1828 1569 tium
1865 1513 2115 1569 moribus
2164 1516 2537 1585 conspicuam.
2616 1515 2693 1569 cf.
2740 1515 2855 1570 Cic.

1684 1587 1755 1640 de
1790 1585 1896 1640 off.
1928 1586 2029 1654 111,
2058 1589 2143 1654 17,
2165 1589 2253 1641 71.
2287 1615 2360 1626 -
2394 1585 2695 1656 candidus]
2738 1604 2855 1642 non

1686 1658 1759 1713 ad
1796 1659 2044 1713 animum
2080 1656 2437 1714 referendum
2472 1658 2573 1712 sed
2610 1657 2687 1713 ad
2731 1676 2858 1713 cor·

1688 1747 1808 1799 pus.
1856 1729 2005 1785 Nudi
2030 1735 2223 1784 autem
2256 1729 2483 1785 venales
2514 1729 2589 1784 ab
2630 1737 2857 1800 emptu-

1687 1801 1963 1855 rientibus
1988 1802 2406 1870 spectabantur.
2440 1801 2631 1856 Senec.
2658 1801 2761 1871 Ep
2764 1803 2854 1856 ist.

1688 1875 1775 1936 80,
1802 1875 1863 1926 9:
1907 1873 2247 1943 „Mangones
2272 1873 2541 1943 quioquid
2567 1878 2654 1927 est
2696 1873 2855 1942 qnod

1686 1945 1981 2014 displiceat
2030 1945 2221 2015 aliquo
2281 1945 2557 2000 lenocinio
2616 1945 2855 2000 abscon-

1688 2017 1855 2085 dunt3
1901 2017 2093 2085 itaque
2144 2017 2455 2072 ementibus
2508 2023 2857 2072 ornamenta

1688 2088 1811 2157 ipsa
1834 2091 2091 2157 suspecta
2128 2093 2283 2143 sunt:
2322 2089 2440 2143 sive
2478 2105 2607 2144 crus
2646 2088 2851 2159 alliga-

1690 2173 1809 2214 tum
1835 2160 1954 2214 sive
1980 2160 2304 2215 bracchium
2322 2161 2620 2230 aspiceres,
2642 2159 2853 2214 nudari

1687 2231 1906 2285 iuberes
1944 2238 2002 2285 et
2048 2232 2231 2300 ipsum
2268 2233 2377 2286 tibi
2417 2249 2619 2302 corpus
2662 2237 2851 2286 osten·

1686 2303 1796 2357 di.“
1839 2332 1905 2342 —
1942 2303 2161 2356 milibus
2208 2305 2351 2373 octo]
2388 2327 2457 2350 =
2489 2306 2630 2356 1200
2664 2303 2851 2358 Mai-k.

1688 2375 1870 2430 Germ.
1891 2404 1958 2415 —
1978 2373 2264 2444 litterulis]
2294 2373 2503 2430 Cautus
2529 2379 2617 2430 est
2643 2393 2851 2446 mango

1686 2447 1745 2500 ιιι
1784 2445 2064 2500 laudanda
2108 2447 2271 2515 pueri
2320 2464 2385 2501 co
2467 2447 2643 2502 itione
2694 2447 2847 2502 litte-

1686 2535 1880 2644 {332²
1916 2535 2453 2644 ἕέῗῖιιὲῗηωέιῖω.
2490 2519 2844 2645 {5⁰⁰3th

1684 2661 1755 2716 de
1791 2679 2026 2732 gramm.
2066 2664 2123 2714 4:
2201 2662 2407 2730 „Apud
2454 2663 2713 2730 maiores,
2762 2663 2842 2716 ait

1686 2731 1955 2801 Orbilius,
1992 2749 2117 2788 eum
2144 2731 2363 2788 familia
2398 2733 2635 2788 alicuius
2674 2751 2839 2788 vena-

1686 2805 1755 2858 lis
1792 2805 2211 2874 produceretur,
2262 2821 2375 2859 non
2426 2809 2640 2860 temere
2676 2821 2841 2875 quem

1686 2876 2015 2944 litteratum,
2060 2875 2157 2930 sed
2205 2875 2564 2932 Ennaton-em
2609 2876 2841 2931 inscribi

1685 2947 1913 3002 solitum
1972 2965 2114 3015 esse,
2170 2947 2329 3017 quasi
2384 2964 2497 3002 non
2545 2947 2841 3018 perfectum

1687 3019 1919 3086 litteris,
1972 3019 2068 3074 sed
2123 3019 2435 3074 imbutum.“
2519 3018 2635 3074 Cic.
2686 3019 2847 3073 Tusc.

1685 3091 1732 3159 1,
1755 3093 1805 3155 7,
1840 3091 1926 3144 13:
1966 3109 2071 3158 „ne
2106 3090 2353 3145 imbutus
2390 3091 2673 3160 quidem.“
2719 3090 2847 3145 Tac.

1686 3162 1814 3217 dial.
1872 3165 1963 3216 19:
2024 3162 2165 3229 „etsi
2218 3179 2333 3216 non
2388 3161 2727 3230 instructus,
2788 3167 2845 3216 at

1687 3237 1837 3288 certe
1885 3233 2184 3287 imbutus.“
2275 3233 2388 3289 Cic.
2436 3233 2510 3289 ad
2558 3237 2685 3288 Att.
2722 3233 2841 3298 vn,

1686 3306 1742 3358 2:
1819 3305 2227 3374 „Chrysippum
2280 3305 2553 3376 (servum)
2606 3311 2839 3375 propter

1686 3377 2051 3432 litterularum
2068 3377 2254 3431 nescio
2280 3377 2416 3446 quid
2442 3376 2689 3432 libenter
2706 3377 2839 3440 vidi,

1688 3447 1747 3501 in
1798 3447 2008 3502 honore
2054 3448 2243 3503 habui.
2246 3449 2281 3477 “
2356 3449 2568 3504 Contra
2604 3448 2841 3503 Mueller

2175 3522 2331 3588 1254
2354 3519 2641 3588 adfirmat,
2673 3521 2840 3575 demi-

1688 3591 1885 3646 nutivo
1922 3537 2229 3662 significari
2252 3591 2574 3646 litterarum
2616 3609 2839 3664 graeca·

1688 3679 1814 3716 rum
1850 3668 2113 3718 naturam
2146 3662 2391 3733 lepidam
2427 3669 2487 3717 et
2521 3663 2837 3728 delicatam,

1689 3751 1909 3804 quoque
1946 3735 2125 3804 magis
2172 3736 2333 3804 pueri
2366 3736 2617 3805 pretium
2642 3735 2835 3805 probe·

1688 3813 1801 3874 tur,
1822 3823 2155 3876 mangonem
2179 3807 2407 3862 illarum
2437 3807 2841 3861 iucunditatem

1690 3883 2003 3933 monstrare
2050 3879 2321 3932 vocabulo
2368 3879 2738 3933 deminutiVO.
2770 3905 2837 3918 —

1688 3949 2009 4020 imitaberis]
2070 3949 2339 4018 „Quidam
2398 3949 2713 4005 imitabitur
2767 3949 2837 4004 le·

1690 4027 1849 4092 gunt,
1906 4021 2056 4090 quod
2114 4025 2199 4075 est
2250 4039 2283 4075 a
2337 4039 2511 4090 puero
2564 4022 2839 4076 alienum:

1691 4093 1887 4148 melius
1934 4109 2070 4162 ergo
2123 4093 2356 4164 legimus
2408 4093 2741 4160 imitaberis,
2784 4097 2843 4146 ut

1692 4169 1777 4218 est
1826 4165 1885 4217 ιιι
1944 4163 2226 4220 veteribus
2282 4164 2725 4233 exemplaribus,
2784 4169 2841 4217 ut

1692 4235 1971 4290 sententia
2006 4236 2107 4290 sit:
2146 4253 2287 4306 puer
2324 4236 2458 4290 talis
2493 4241 2579 4290 est
2616 4235 2841 4307 ingenii,

1692 4311 1757 4361 ut
1802 4306 1993 4362 flectas
2044 4325 2171 4362 eum
2217 4324 2326 4376 quo
2383 4307 2522 4362 velis
2576 4313 2839 4377 tanquam

1693 4395 1757 4432 ar
1802 4379 1955 4432 llam
1990 4379 2177 4434 udam.
2180 4379 2215 4407 “
2280 4379 2491 4434 Οοιιιιιι.
2530 4377 2697 4449 Cruq.
2758 4377 2843 4432 Sic

1692 4450 1767 4504 ha
1806 4455 1903 4505 ent
1948 4467 2136 4505 omnes
2174 4449 2462 4506 Blandinii
2500 4455 2557 4505 et
2595 4455 2713 4506 tres
2748 4449 2841 4505 alii

1694 4522 1852 4576 codd.
1920 4522 2085 4591 Cruq.
2091 4521 2493 4592 ‚Montepesa
2564 4541 2601 4578 a
2661 4523 2837 4594 prima

1692 4611 1880 4662 manu,
1928 4593 2029 4648 alii
2033 4541 2207 4648 qboni
2258 4593 2417 4650 codd.
2461 4593 2615 4664 apud
2662 4593 2839 4648 Kelle-

1687 3519 1757 3573 de
1793 3519 1829 3572 l.
1856 3520 1894 3573 1.
1932 3520 2136 3574 demin.
