3092 5059
420 222 502 287 58
1396 219 1855 287 ommim

728 410 992 485 Donec
1043 410 1324 507 virenti
1373 410 1689 485 canities
1738 409 1957 485 abest

718 534 1050 611 Morosa.
1149 536 1374 610 Nunc
1427 550 1504 609 et
1556 560 1871 635 campus
1916 546 1991 609 et
2038 558 2265 611 areae

817 658 1224 759 Lenesque
1274 661 1416 735 sub
1468 672 1773 735 noctem
1826 660 2118 735 susurri

633 818 686 859 ιο
923 787 1370 887 Composita
1413 798 1859 887 repetantur
1910 784 2125 881 hora,

717 911 789 986 N
790 937 942 986 unc
992 924 1068 987 et
1115 910 1422 987 latentis
1475 909 1831 1012 proditor
1880 910 2149 987 intimo

721 1038 1006 1116 Gratus
1057 1035 1366 1133 puellae
1413 1036 1615 1111 risus
1666 1036 1769 1113 ab
1808 1034 2094 1134 angulo

818 1161 1266 1260 Pignusque
1315 1160 1725 1256 dereptum
1768 1160 2079 1236 lacertis

921 1285 1080 1361 Aut
1129 1284 1374 1383 digito
1427 1286 1633 1361 male
1684 1284 2085 1384 pertinaci.

1349 1604 1731 1691 GARMEN
1792 1606 1895 1689 X.

721 1771 1082 1867 Mercuri,
1134 1773 1471 1849 facunde
1519 1798 1762 1872 nepos
1810 1772 2165 1868 Atlantis,

719 1894 870 1988 Qui
919 1898 1129 1972 feros
1184 1897 1428 1973 cultus
1479 1898 1879 1974 hominum
1929 1910 2321 1975 recentum

419 2124 523 2161 nec
556 2123 698 2175 puer
733 2123 816 2173 es;
853 2104 984 2159 vide
1023 2104 1095 2159 ad
1133 2104 1313 2159 Carm.
1335 2103 1382 2172 1,
1405 2105 1460 2173 6,
1487 2104 1573 2159 19.

420 2208 492 2217 -
527 2194 696 2246 neque
744 2176 832 2247 tu]
880 2176 1196 2231 Pronomen
1235 2180 1302 2229 tu
1357 2174 1417 2229 in
1461 2178 1575 2231 arsi

419 2250 668 2318 positum
699 2253 870 2319 auget
903 2246 1316 2303 adhortationis
1351 2247 1465 2301 vim
1499 2249 1573 2303 cf.

420 2322 600 2390 Epist.
651 2320 698 2389 1,
745 2322 798 2377 2.
839 2321 926 2373 63.
999 2318 1188 2374 Senec.
1243 2318 1408 2372 Herc.
1462 2318 1575 2374 fur.

423 2393 564 2445 1217
575 2413 588 2445 ε
645 2391 798 2461 „sive
841 2408 932 2445 me
983 2392 1222 2445 altorem
1265 2406 1431 2444 vocas
1475 2409 1575 2447 seu

419 2470 483 2519 tu
519 2464 866 2533 parentem.“

493 2534 560 2589 V.
591 2536 672 2588 18.
711 2534 892 2605 areae]
931 2536 1056 2589 loca
1079 2536 1308 2605 publiea
1339 2536 1412 2591 ad
1435 2541 1571 2589 tem—

419 2608 519 2677 pla
554 2606 674 2660 fere
709 2608 836 2673 sita,
873 2606 932 2660 in
969 2607 1172 2675 quibus
1207 2607 1577 2663 conveniebat

421 2680 682 2733 iuventus
749 2682 810 2731 et
875 2678 1289 2733 deambulabat.
1356 2707 1422 2718 -
1491 2694 1575 2732 re·

417 2748 702 2820 petantur]
741 2748 946 2803 iterum
970 2754 1142 2818 atque
1177 2751 1382 2805 iterum
1409 2768 1577 2819 quae-

421 2826 638 2875 rantur.
688 2850 755 2859 —
803 2837 948 2875 nunc
987 2828 1040 2875 et
1073 2822 1318 2893 latentis]
1355 2822 1577 2877 Descri—

420 2893 580 2947 bitur
617 2892 770 2945 lusus
805 2892 1134 2955 amantium.
1169 2910 1280 2962 quo
1303 2894 1492 2964 puella
1517 2895 1577 2947 in

423 2964 631 3047 angulo
693 2964 885 3032 aliquo
939 2963 1135 3018 domus
1193 2966 1372 3020 latens
1431 2966 1579 3021 velle

423 3035 652 3105 quidem
689 3052 748 3089 se
771 3034 967 3090 fallere
991 3041 1298 3091 amatorem
1331 3037 1578 3104 simulat,

423 3108 520 3162 sed
557 3107 707 3161 dulci
743 3107 865 3161 risu
902 3108 1026 3177 ipsa
1061 3114 1240 3176 curat,
1283 3115 1349 3163 ut
1385 3107 1576 3163 celeri-

422 3185 512 3235 ter
547 3178 880 3248 reperiatur,
907 3178 1109 3233 deinde
1133 3184 1353 3234 amator
1385 3180 1577 3233 armil-

424 3251 536 3307 lam
583 3251 675 3304 vel
720 3250 950 3304 anulum
1003 3250 1304 3305 reluctanti
1350 3251 1579 3320 quidem

423 3323 521 3377 sed
556 3322 708 3377 vinci
744 3322 992 3392 cupienti
1031 3322 1234 3376 aufert.
1271 3324 1338 3377 In
1371 3340 1460 3377 vv.
1487 3325 1578 3375 21.

425 3396 512 3448 22.
559 3392 1088 3448 animadvertendus
1133 3398 1218 3448 est
1273 3393 1577 3448 admirabi-

423 3466 494 3521 lis
530 3465 829 3519 verborum
869 3466 1028 3533 ordo,
1071 3482 1182 3534 quo
1221 3482 1364 3535 quae
1397 3466 1577 3520 mixta

423 3542 482 3592 et
515 3536 850 3605 perturbata
878 3536 1158 3604 videntur,
1191 3553 1457 3591 versuum
1493 3541 1576 3591 ta-

425 3625 554 3663 men
601 3607 756 3671 locin,
805 3608 866 3661 in
911 3608 1114 3677 quibus
1159 3625 1301 3676 quae
1347 3609 1575 3663 coniun-

424 3679 610 3749 genda
645 3682 774 3732 sunt
797 3679 970 3734 verba
995 3678 1268 3734 collocata
1289 3680 1577 3747 habemus,

425 3749 732 3805 clarissima
786 3750 910 3804 luce
967 3750 1344 3805 illustrantur.
1432 3751 1577 3807 Nam

423 3822 704 3877 trinorum
739 3821 961 3889 parium
1005 3823 1292 3876 nominum
1327 3823 1577 3893 (latentis

417 3892 648 3964 puellae,
663 3892 915 3961 proditor
931 3893 1098 3961 risus,
1130 3894 1327 3949 intimo
1353 3894 1577 3964 anqulo)

425 3966 538 4020 tria
579 3965 871 4033 superiora
915 3964 1156 4031 (latentis
1197 3966 1452 4035 proditor
1489 3966 1575 4019 in·

423 4037 578 4101 timo)
633 4036 858 4091 eosdem
909 4036 1058 4090 locos
1105 4037 1472 4091 obtinuerunt
1516 4036 1578 4090 in

424 4127 478 4163 v.
515 4110 604 4174 21,
659 4126 797 4176 quos
843 4108 960 4162 tria
1006 4108 1276 4163 inferiora
1321 4108 1577 4177 (puellae,

423 4180 598 4306 2εέἕὶ
610 4250 621 4261 .
637 4179 896 4305 anyulbage
905 4178 964 4261 iu
1001 4198 1054 4233 v.
1092 4182 1178 4305 22)
1201 4184 1577 4305 οοοιῖρατωιις

425 4323 523 4449 3.
553 4266 990 4447 ..magt-...22
1021 4268 1577 4448 sssseffissffzzezffz

485 4412 678 4448 rarum
737 4412 770 4447 a
827 4412 944 4447 ium
961 4410 1224 4447 versuum
1269 4410 1292 4445 ι
1379 4410 1579 4449 moon·

425 4466 553 4535 aulo
601 4412 796 4519 vergus
847 4464 1130 4519 claudunt.
1203 4433 1283 4518 1321:
1327 4465 1408 4520 sio
1443 4484 1577 4534 quo·

428 4554 535 4609 que
573 4536 744 4593 habes
784 4540 1000 4591 certum
1034 4535 1288 4591 ordinem

1708 2108 1753 2159 1.
1910 2108 1962 2162 2.
2106 2106 2157 2161 3.
2324 2108 2377 2161 4.
2528 2108 2577 2161 5.
2736 2109 2787 2161 6.

1670 2176 1767 2230 lat.
1848 2178 2008 2247 prod.
2082 2179 2184 2234 int.
2268 2178 2439 2249 puell.
2512 2178 2609 2232 ris.
2693 2196 2821 2249 ang.

1710 2272 2735 2399 Q&

1670 2466 1809 2521 Cum
1830 2482 1942 2534 qua
1963 2482 2025 2519 re
2042 2464 2299 2519 conferas
2324 2464 2513 2520 adnot.
2540 2466 2615 2521 ad
2638 2468 2821 2523 Garm.

1667 2538 1913 2663 2Ιέᾱὲἐῖ
1958 2538 2029 2590 26
2060 2554 2144 2605 sq.
2210 2563 2275 2575 -
2337 2536 2495 2608 male]
2554 2556 2669 2594 non
2728 2540 2824 2595 ad·

2062 2704 2339 2759 Carmen
2376 2702 2444 2756 X.

1740 2818 1993 2888 Hymnus
2030 2823 2117 2873 est
2150 2816 2223 2873 ad
2242 2818 2606 2887 Mercurium,
2641 2817 2823 2873 filium

1670 2891 1819 2945 Iovis
1854 2908 1925 2945 ex
1952 2890 2104 2945 Maia
2128 2890 2379 2943 Atlantis
2403 2888 2541 2952 filia,
2575 2891 2672 2958 qui
2698 2908 2822 2945 cum

1670 2968 1737 3017 ut
1772 2980 2003 3033 graecus
2021 2960 2155 3031 Ἑρμ
2164 2962 2223 3027 ἧς
2257 2961 2393 3015 deus
2420 2966 2565 3015 esset
2588 2961 2825 3017 rationis

1670 3040 1729 3089 et
1753 3034 2123 3103 eloquentiae,
2144 3033 2453 3102 plurimum
2475 3032 2657 3088 valuit
2674 3038 2733 3088 et
2750 3034 2826 3088 ad

1670 3105 2037 3160 excolendum
2078 3122 2255 3175 genus
2298 3103 2587 3158 hominum
2642 3110 2701 3159 et
2752 3106 2827 3160 ad

1670 3177 1979 3247 iungendos
2021 3176 2152 3230 deos
2188 3192 2303 3230 non
2346 3175 2527 3229 solum
2570 3177 2720 3230 inter
2766 3194 2826 3232 se

1670 3248 1769 3303 sed
1804 3249 1977 3303 etiam
2012 3264 2140 3302 cum
2176 3246 2513 3301 hominibus.
2572 3246 2715 3302 Nam
2754 3248 2826 3303 de

1670 3320 1993 3388 eloquentia
2040 3320 2119 3373 sic
2157 3320 2349 3374 Cicero
2386 3317 2457 3373 de
2496 3326 2641 3374 orat.
2676 3318 2725 3386 1,
2764 3322 2825 3373 8:

1674 3390 1861 3461 „Quae
1896 3392 1983 3445 vis
2018 3391 2131 3445 alia
2178 3390 2367 3461 potuit
2412 3394 2513 3445 aut
2546 3390 2828 3461 dispersos

1670 3462 1923 3517 homines
1984 3480 2157 3517 unum
2230 3464 2288 3516 in
2354 3462 2539 3516 locum
2596 3480 2829 3533 congre·

1668 3551 1806 3605 gare
1842 3540 1941 3589 aut
1987 3552 2021 3589 a
2069 3533 2191 3587 fera
2238 3552 2273 3589 a
2344 3534 2559 3603 entique
2594 3534 2715 3597 vita
2752 3533 2828 3588 ad

1670 3606 1819 3660 hunc
1870 3606 2175 3659 humanum
2218 3622 2289 3659 cu
2312 3610 2433 3659 tum
2492 3604 2828 3674 civilemque

1671 3676 1942 3733 deducere
1959 3678 2019 3732 ?“
2094 3676 2181 3731 Ea
2225 3682 2412 3731 autem
2457 3677 2681 3731 cultura
2725 3675 2825 3733 ho-

1670 3748 1882 3803 minum
1946 3748 2151 3817 duplex
2206 3754 2309 3817 est,
2364 3748 2537 3803 animi
2590 3754 2650 3803 et
2704 3765 2825 3803 cor·-

1669 3821 1847 3890 poris:
1902 3838 2077 3889 quare
2118 3819 2427 3875 Mercurius
2480 3838 2595 3874 non
2643 3813 2830 3888 λόγιος

1672 3892 1851 3945 solum
1877 3892 1973 3947 sed
1998 3892 2169 3945 etiam
2198 3884 2433 3959 ἀγώνιος
2469 3898 2570 3945 est.
2607 3891 2828 3947 Deinde

1670 3980 1797 4017 cum
1834 3964 1907 4017 ad
1942 3963 2317 4029 eloquentiam
2358 3968 2417 4017 et
2450 3962 2826 4032 persuadendi

1670 4036 1789 4090 vim
1824 4035 2123 4104 prudentia
2146 4040 2205 4088 et
2240 4034 2519 4089 calliditas
2545 4034 2711 4090 facile
2736 4052 2827 4089 ac-

1670 4106 1891 4174 cedant,
1939 4105 2063 4160 fieri
2112 4123 2225 4160 non
2272 4108 2477 4176 potuit,
2536 4107 2671 4174 quin
2718 4105 2827 4161 hae

1672 4196 1893 4248 quoque
1976 4177 2273 4233 facultates
2344 4178 2403 4233 in
2480 4177 2827 4232 Mercurium

1674 4250 2131 4318 transferrentur,
2176 4250 2325 4304 unde
2370 4256 2429 4305 et
2474 4248 2687 4319 pacifer
2722 4254 2826 4317 est,

1672 4322 1935 4390 quoniam
1999 4321 2331 4375 bellantium
2392 4326 2451 4377 et
2516 4320 2824 4375 rixantium

1672 4393 1847 4447 animi
1892 4392 2249 4462 eloquentiae
2285 4396 2565 4462 potestate
2599 4393 2825 4461 placan-

1671 4470 1768 4519 tur
1812 4469 1871 4519 et
1907 4464 2294 4525 conciliantur.
2344 4471 2402 4520 et
2441 4466 2555 4533 fur,
2601 4460 2825 4534 ληϊσιὴρ

1672 4536 1751 4606 (h.
1787 4536 1960 4591 Mero.
2002 4539 2090 4605 14)
2127 4536 2354 4605 dicitur,
2390 4536 2525 4607 quia
2562 4535 2621 4591 in
2655 4534 2825 4590 furtis
