3092 5059
1074 209 1239 276 LIB.
1284 212 1334 276 Ι.
1378 209 1649 278 EPIST.
1695 211 1836 278 XV.

2526 216 2650 282 549

354 397 585 490 Quod
632 424 851 476 curas
898 399 1181 498 abigat,
1238 401 1447 500 quod
1502 427 1677 476 cum
1729 428 1867 503 spe
1919 402 2159 480 divite
2211 417 2468 481 manet

268 557 321 598 so
354 521 450 598 In
496 549 731 602 venas
782 525 1281 626 animumque
1332 553 1612 623 meum,
1669 526 1881 627 quod
1930 530 2168 605 verba
2219 529 2622 626 ministret,

350 647 579 740 Quod
632 675 755 726 me
804 649 1165 727 Lucanae
1214 651 1572 727 iuvenem
1625 653 2114 729 commendet
2161 655 2494 751 amicae;
2547 699 2645 710 —-

350 772 665 851 Tractus
710 787 885 852 uter
930 775 1191 874 plures
1241 775 1570 875 lepores,
1625 789 1794 854 uter
1845 778 2122 855 educet
2171 805 2419 878 apros,

348 896 537 976 Utra
590 900 837 998 magis
882 901 1127 999 pisces
1181 915 1255 978 et
1308 901 1620 978 echinos
1672 929 2014 1004 aequora
2064 905 2334 1003 celent,
2383 987 2394 1000 ⁶

348 1024 669 1124 Pinguis
730 1037 819 1102 ut
874 1025 1059 1104 inde
1114 1027 1434 1104 domum
1481 1029 1779 1129 possim
1828 1028 2290 1131 Phaeaxque
2341 1034 2648 1132 reverti,

263 1181 315 1225 ιο
352 1149 705 1226 Scribere
746 1164 823 1228 te
866 1153 1112 1249 nobis,
1165 1154 1309 1228 tibi
1361 1179 1503 1228 nos
1554 1153 1968 1230 accredere
2019 1181 2162 1254 par
2210 1169 2346 1233 est.

349 1275 697 1382 Maenius
748 1287 834 1352 ut
884 1279 1110 1353 rebus
1162 1279 1531 1355 maternis
1585 1291 1818 1378 atque
1869 1281 2210 1380 paternis

353 1399 691 1478 Fortiter
738 1401 1162 1502 absumptis
1216 1403 1556 1480 urbanus
1612 1405 1868 1501 coepit
1914 1403 2208 1502 haberi,

350 1522 631 1602 Scurra
674 1551 935 1626 vagus,
990 1554 1146 1603 non
1200 1529 1333 1628 qui
1385 1542 1678 1606 certum
1730 1555 2104 1631 praesepe
2149 1543 2464 1630 teneret,

346 1651 799 1749 Impransus
851 1679 1005 1728 non
1061 1656 1193 1754 qui
1240 1656 1493 1732 civem
1549 1655 1984 1733 dinosceret
2033 1657 2274 1754 hoste,
2369 1723 2374 1728 .

260 1813 314 1852 ω
354 1777 765 1871 Quaelibet
812 1778 893 1853 in
948 1780 1295 1877 quemvis
1342 1780 1766 1879 opprobria
1811 1780 2105 1878 fingere
2157 1808 2449 1883 saevus,

344 1887 735 1980 Pernicies
790 1917 869 1980 et
916 1917 1328 2004 tempestas
1384 1905 1988 2006 barathrumque
2041 1906 2370 2005 macelli,

350 2027 739 2129 Quicquid
796 2029 1228 2129 quaesierat
1277 2029 1525 2106 ventri
1578 2030 1922 2105 donabat
1969 2058 2233 2107 avaro.

350 2155 507 2230 Hic
556 2155 693 2230 ubi
742 2153 1129 2251 nequitiae
1182 2154 1617 2232 fautoribus
1671 2167 1747 2229 et
1795 2155 2088 2230 timidis
2142 2155 2254 2231 nil

350 2281 509 2356 Aut
562 2279 880 2379 paulum
933 2277 1372 2375 abstulerat,
1426 2280 1730 2382 patinas
1784 2281 2107 2356 cenabat
2159 2282 2402 2356 omasi

244 2556 590 2682 251121131⁹¹²331⁸
638 2554 1403 2681 ῗὲὓόῗίῑὲῗῐὲοῗώξὲῗ

244 2705 395 2754 stam
431 2717 639 2769 aquam
662 2698 733 2754 de
764 2699 883 2770 iugi
907 2667 1128 2768 puteo!⁶
1166 2667 1302 2753 ibiil.
1330 2699 1401 2764 11,

249 2775 346 2826 13:
396 2789 609 2840 „aquae
652 2771 799 2842 iugis
844 2770 1077 2825 colore.“
1129 2801 1195 2811 —
1244 2771 1400 2842 vina]

242 2861 362 2898 non
396 2843 563 2897 valde
587 2859 885 2913 generosa3
926 2859 1099 2911 quare
1124 2843 1249 2897 aliis
1274 2861 1401 2897 usu-

244 2932 344 2970 rus
382 2919 467 2968 est
504 2913 787 2969 Horatius.
829 2945 894 2954 —
934 2913 1226 2983 Manae]
1269 2931 1403 2970 nam

244 2985 411 3043 Velia
447 2986 507 3039 in
544 2985 794 3040 Lucania
832 2986 941 3040 sita
978 2989 1116 3040 erat.

318 3057 383 3110 V.
413 3060 497 3110 24.
543 3057 901 3126 Phaeaxque]
941 3057 1124 3126 Epist.
1150 3057 1195 3126 I,
1220 3056 1272 3115 2.
1312 3057 1399 3111 28.

244 3159 315 3170 -
364 3128 646 3197 Maenius]
699 3127 815 3182 Sat.
864 3128 908 3196 1,
961 3130 1008 3196 1,
1050 3129 1167 3182 101.
1224 3132 1275 3196 3,
1313 3129 1400 3183 21.

244 3201 315 3256 Se
376 3217 598 3269 quoque
643 3199 784 3254 dicit
829 3200 1043 3254 lautam
1090 3217 1154 3254 ac
1197 3200 1399 3255 delica-

244 3278 365 3327 tam
399 3271 579 3326 vitam
604 3289 809 3340 amare,
836 3271 997 3340 quasi
1016 3272 1257 3326 alterum
1284 3289 1401 3326 esse

245 3343 551 3406 Maenium,
608 3343 707 3411 qui
798 3344 947 3398 arvis
991 3347 1135 3398 esset
1180 3349 1401 3398 conten-

246 3421 339 3470 tus
377 3432 505 3469 cum
540 3432 630 3469 res
680 3415 749 3468 de
792 3417 1001 3479 carent,
1042 3421 1240 3470 contra
1277 3433 1401 3470 cum

244 3487 427 3542 multa
476 3486 729 3553 haberet,
776 3487 959 3540 multa
1009 3486 1181 3541 etiam
1216 3486 1402 3541 ventri

246 3559 425 3613 daret.
464 3557 535 3612 cf.
560 3576 610 3612 v.
631 3557 701 3611 42
712 3575 833 3627 sqq.
847 3557 1190 3628 —urbanusJ
1210 3573 1432 3614 scurra·

246 3631 429 3684 dicax.
466 3629 609 3684 Vide
644 3629 716 3684 ad
752 3629 938 3700 Epist.
977 3629 1022 3695 1,
1058 3631 1108 3698 9,
1153 3635 1233 3685 11.
1271 3630 1402 3685 Kel-

245 3703 374 3756 ler.:
420 3701 737 3768 „editorum
774 3702 1028 3771 plerique
1063 3707 1191 3772 post
1216 3703 1405 3756 haberi

246 3773 675 3844 iuter-pungunt,
702 3791 803 3828 nos
824 3790 951 3828 oum
970 3773 1255 3829 codicibus
1282 3774 1401 3843 qui-

248 3845 488 3900 busdam
522 3849 581 3899 et
624 3844 986 3900 Doederlinio
1036 3850 1165 3915 post
1209 3861 1403 3900 scurra

246 3916 599 3987 distinguere
638 3917 991 3971 maluimus-‘⁴
1054 3917 1132 3974 Ut
1167 3935 1287 3980 nos,
1323 3917 1405 3972 sic

248 3989 419 4043 etiam
460 3987 681 4043 Miiller.
731 3988 783 4042 K
821 3989 848 4004 ⁸·
892 4005 971 4043 er.
1008 3989 1293 4045 Eckstein.
1330 4019 1401 4030 —-

246 4059 417 4128 hoste]
456 4057 651 4116 Cicero
687 4059 759 4114 de
795 4058 841 4114 Ο
892 4099 903 4114 .
941 4060 986 4125 1,
1030 4063 1119 4114 12:
1174 4061 1401 4129 „Hostis

250 4130 400 4200 apud
444 4132 683 4186 maiores
730 4136 952 4185 nostros
996 4131 1044 4186 is
1090 4133 1400 4200 dicebatur,

284 4219 412 4257 uem
482 4219 635 4256 nunc
712 4204 1073 4272 peregrinum
1148 4204 1402 4259 dicimus.

247 4221 578 4342 {umquam
602 4273 661 4328 id
686 4291 891 4329 nomen
916 4275 1111 4329 durius
1132 4274 1247 4330 iam
1272 4275 1401 4331 effe·

247 4347 326 4400 cit
350 4350 630 4414 vetustas;
668 4364 702 4400 a
725 4347 1023 4416 peregrino
1048 4348 1197 4400 enim
1225 4363 1400 4402 reces-

246 4417 322 4470 sit
344 4421 403 4472 et
435 4419 665 4488 proprie
700 4418 759 4473 in
784 4433 850 4471 eo
888 4418 986 4487 qui
1011 4436 1171 4473 arma
1203 4423 1399 4474 contra

246 4487 425 4544 ferret
458 4489 783 4544 remansit.“
816 4487 895 4543 Et
928 4489 1001 4543 cf.
1027 4489 1209 4544 Plaut.
1242 4490 1399 4545 Trin.

248 4559 296 4629 1,
340 4561 395 4630 2,
440 4561 537 4616 65:
620 4559 735 4632 „Te
772 4560 971 4616 dicunt
1015 4559 1280 4618 Hostisne
1328 4579 1403 4618 an

1498 2556 1636 2610 civis
1668 2555 1912 2610 comedis
1945 2555 2110 2624 parvi
2139 2552 2434 2624 pendere.“
2453 2585 2518 2594 —
2526 2566 2650 2626 per·

1495 2627 1691 2698 nicias]
1751 2627 1819 2682 cf.
1877 2627 2060 2682 Plaut.
2114 2625 2274 2696 Capt.
2327 2627 2424 2693 IV,
2483 2631 2532 2694 3,
2591 2631 2650 2684 8:

1499 2699 1759 2768 „Quanta
1778 2699 1968 2768 pernis
1987 2698 2162 2768 pestis
2185 2699 2401 2753 veniet!
2439 2703 2654 2767 quanta

1496 2771 1651 2825 labes
1689 2771 1871 2825 larido
1883 2771 1934 2824 1“
1981 2769 2205 2825 Terent.
2231 2770 2378 2824 Eun.
2402 2771 2449 2838 1,
2483 2774 2528 2839 1,
2555 2773 2650 2826 34:

1498 2842 1753 2913 „(Thais)
1790 2841 1953 2896 fundi
1990 2842 2170 2896 nostri
2213 2841 2554 2897 calamitas.“
2583 2871 2652 2883 —-—

1494 2914 1728 2983 macelli]
1763 2913 1877 2968 Sat.
1914 2913 1987 2980 11,
2025 2916 2076 2982 3,
2113 2915 2236 2966 229.
2277 2943 2343 2953 —
2381 2913 2650 2984 donabat]

1495 2985 1582 3040 De
1625 2985 1798 3038 verbo
1841 2984 1912 3039 cf.
1953 2985 2136 3039 Carm-
2180 2983 2273 3045 IV.
2313 2989 2366 3051 7,
2403 2987 2492 3040 20.
2567 2985 2651 3040 De

1494 3061 1749 3126 tempore
1809 3055 1967 3110 verbi
2020 3055 2223 3122 fateor,
2277 3056 2420 3111 mihi
2473 3073 2652 3142 prope

1494 3129 1695 3184 melius
1729 3128 1951 3197 placere
1987 3127 2045 3182 id
2085 3127 2234 3198 quod
2283 3128 2342 3182 in
2378 3129 2650 3197 antiquis-

1494 3199 1649 3254 simis
1687 3201 2128 3268 quibuscumque
2161 3198 2323 3254 codd.
2362 3201 2652 3268 (quattuor

1496 3270 1716 3339 Bland„
1767 3271 1997 3340 optimis
2047 3271 2287 3334 BentIei,
2334 3271 2653 3340 Montepes-

1496 3344 1620 3412 sul„
1659 3342 1990 3412 Petropolit.
2027 3347 2086 3397 et
2124 3342 2394 3397 Einsiedl.
2434 3341 2655 3413 Orellii‚

1496 3432 1608 3468 uno
1667 3413 1988 3484 Pulmanni)
2040 3414 2338 3483 reperitur,
2397 3413 2654 3484 donarat,

1496 3492 1556 3542 et
1615 3490 1852 3555 propter
1907 3485 2196 3570 ingentem
2257 3486 2653 3540 auctoritatem

1495 3559 1774 3614 librorum
1801 3561 1860 3612 et
1896 3573 2029 3626 quia
2064 3557 2146 3612 sic
2170 3557 2450 3626 oppositio
2489 3573 2654 3626 quae·

1496 3631 1629 3685 dam
1664 3633 1902 3699 paratur
1937 3629 2088 3683 inter
2122 3628 2271 3683 hanc
2313 3629 2654 3684 sententiam

1498 3707 1670 3771 atque
1725 3718 1848 3755 eam
1903 3719 2048 3770 quae
2096 3699 2334 3755 subinde
2382 3701 2653 3768 sequitur.

1496 3777 1768 3830 Attamen
1814 3773 1875 3826 in
1909 3791 1973 3828 re
2022 3772 2195 3827 dubia
2228 3773 2520 3843 vulgatam
2557 3789 2654 3826 no·

1496 3846 1580 3900 lui
1611 3845 1945 3913 relinquere.
2007 3844 2228 3899 Bentlei
2276 3844 2654 3899 coniecturam

1498 3918 1726 3973 donaret
1823 3917 2100 3971 robarunt
2147 3915 2356 3985 Haupt.
2408 3915 2650 3970 Meinek.

1496 3989 1725 4043 Linker.
1813 3988 2015 4057 ueller3
2038 3987 2431 4042 Doederlinius
2455 3991 2655 4042 contra

1496 4065 1556 4116 et
1585 4059 1852 4116 Lehrsius
1884 4063 2218 4130 receperunt
2253 4059 2518 4127 donarat3
2555 4058 2652 4114 ille

1496 4138 1686 4188 tamen
1733 4137 1942 4200 puncto
1978 4132 2162 4203 posito
2204 4135 2334 4201 post
2369 4149 2420 4185 v.
2459 4145 2654 4185 saevus

1494 4210 1553 4260 et
1611 4203 1872 4258 semicolo
1939 4207 2068 4274 post
2125 4220 2175 4256 v.
2231 4217 2424 4268 αυανος
2492 4219 2652 4271 prae-

1492 4281 1650 4331 terea
1693 4275 1938 4329 mutavit
1973 4293 2023 4328 v.
2062 4276 2132 4327 33
2171 4274 2256 4328 hic
2300 4275 2360 4327 in
2398 4273 2539 4334 hinc,
2583 4276 2650 4329 ut

1494 4349 1594 4402 sit:
1651 4349 1952 4417 postquam
2005 4347 2195 4400 omnia
2239 4346 2428 4400 ventri
2481 4345 2654 4399 dons-

1492 4421 1596 4474 vit.
1632 4417 1909 4486 Kellerus‚
1947 4435 2058 4488 qua
2095 4419 2238 4472 solet
2275 4433 2394 4478 esse
2428 4417 2648 4472 iracun-

1494 4491 1608 4552 dia,
1682 4489 2019 4558 ubicumque
2087 4489 2516 4544 Blandiniorum
2583 4487 2654 4544 fit

1498 4563 1712 4618 mentio
1728 4602 1743 4631 ,
1815 4561 2055 4618 donabat
2118 4561 2372 4617 defendit
2433 4559 2659 4632 Epileg.
