3092 5059
500 214 627 279 478

1460 214 1958 283 SATIRARUM

594 398 997 477 Interdum
1046 401 1307 498 pravis
1359 402 1718 479 obnoxia.
1817 399 2068 498 Saepe
2119 410 2422 475 notatus

602 522 799 601 Cum
844 525 1089 603 tribus
1136 524 1429 621 anellis,
1478 525 1714 601 modo
1761 524 1988 601 laeva
2039 524 2342 601 Priscus
2393 523 2628 621 inani,

518 684 569 723 ιο
602 649 823 727 Vixit
868 650 1321 750 inaequalia,
1372 649 1672 726 clavum
1725 662 1810 726 ut
1853 662 2186 727 mutaret
2231 651 2316 725 in
2365 649 2620 746 horas,

600 772 948 853 Aedibus
1000 801 1097 851 ex
1138 775 1441 875 magnis
1499 776 1755 853 subito
1807 800 1894 851 se
1945 774 2334 873 conderet,
2383 775 2594 851 unde

598 900 965 977 Mundior
1003 901 1239 978 exiret
1288 902 1418 976 vix
1466 901 1874 977 libertinus
1921 900 2264 997 honeste,

596 1022 767 1101 Iam
818 1025 1183 1101 moechus
1228 1026 1543 1121 Romae,
1595 1026 1748 1101 iam
1804 1024 2066 1101 mallet
2119 1025 2391 1101 doctor
2442 1023 2778 1100 Athenis

599 1150 919 1225 Vivere:
974 1149 1423 1225 Vortumnis
1476 1162 1861 1248 quotquot
1908 1161 2088 1225 sunt
2135 1162 2356 1225 natus
2400 1150 2712 1249 iniquis.

516 1306 566 1347 ιι
603 1274 885 1351 Scurra
924 1274 1403 1371 Volanerius‚
1448 1289 1861 1375 postquam
1913 1274 2028 1349 illi
2077 1275 2273 1351 iusta
2323 1274 2704 1373 cheragra.

601 1396 977 1476 Contudit
1025 1398 1421 1495 articulos,
1478 1400 1610 1499 qui
1663 1425 1807 1497 pro
1861 1425 1944 1475 se
1995 1397 2304 1475 tolleret
2353 1412 2582 1499 atque

596 1522 943 1601 Mitteret
988 1524 1063 1600 in
1117 1524 1467 1623 phimum
1514 1524 1734 1622 talos,
1791 1523 2146 1600 mercede
2200 1522 2478 1599 diurna

601 1648 1091 1725 Conductum
1142 1649 1397 1746 pavit:
1446 1662 1734 1749 quanto
1786 1649 2260 1725 constantior
2309 1648 2552 1725 isdem

596 1774 689 1849 In
741 1773 969 1871 vitiis,
1022 1785 1235 1849 tanto
1286 1773 1531 1849 levius
1587 1774 1820 1850 miser
1869 1800 1960 1850 ac
2009 1773 2228 1872 prior
2279 1772 2441 1871 illo,

498 1988 734 2043 tentiam
762 1989 1147 2059 exemplorum
1181 1988 1477 2058 splendore
1512 1987 1652 2043 satis

498 2064 755 2115 ornatam
801 2060 1040 2129 (6-20).
1103 2090 1166 2100 —
1218 2059 1405 2130 natat]
1462 2059 1651 2115 Senec-

498 2131 605 2201 Ep.
630 2132 731 2187 85·
772 2132 1021 2201 „Profice
1054 2136 1113 2187 et
1150 2136 1283 2187 ante
1317 2132 1507 2187 omnia
1544 2132 1654 2187 hoc

500 2220 635 2257 cura
669 2208 737 2257 ut
771 2208 987 2258 constes
1020 2204 1144 2258 tibi.
1182 2204 1423 2259 Mutatio
1458 2204 1652 2257 volun·

498 2274 635 2329 tatis
672 2274 885 2329 indicat
934 2275 1183 2331 animum
1218 2280 1429 2343 natan,
1474 2274 1656 2329 aliubi

502 2350 671 2415 atque
726 2345 903 2402 aliubi
962 2363 1235 2416 apparere
1284 2351 1457 2416 prout
1518 2346 1656 2401 tulit

499 2422 723 2472 ventus:
760 2436 875 2472 non
906 2424 1149 2488 vagatur
1174 2418 1323 2486 quod
1360 2423 1444 2474 est
1476 2416 1655 2473 fixum

498 2494 559 2545 et
593 2488 943 2545 fundatum.“
975 2518 1039 2529 —-
1078 2489 1262 2559 modo]
1300 2490 1391 2545 cui
1426 2505 1652 2558 respon·

498 2560 597 2615 det
638 2560 927 2625 interdum,
984 2566 1051 2615 ut
1098 2560 1214 2616 Sat.
1261 2562 1305 2627 Ι,
1345 2563 1428 2629 10,
1470 2564 1533 2615 12
1571 2578 1654 2630 sq.

500 2631 686 2687 Aliter
722 2632 893 2687 etiam
928 2632 1110 2701 Epist.
1146 2632 1221 2701 H,
1252 2636 1296 2699 1,
1322 2634 1408 2687 63.
1452 2662 1515 2671 -
1553 2636 1655 2687 tri·

500 2704 601 2757 bus
626 2702 843 2772 anellis]
870 2703 954 2759 De
978 2705 1273 2759 anulorum
1296 2721 1399 2759 usu

500 2792 609 2842 que
643 2774 703 2827 in
740 2775 809 2828 iis
847 2775 983 2830 luxu
1019 2776 1121 2831 hos
1157 2775 1282 2846 lege
1307 2776 1481 2831 locos:
1551 2774 1654 2829 sid.

500 2846 695 2916 orig-g.
735 2846 885 2911 XIX,
922 2848 1022 2901 32:
1078 2848 1283 2930 „Apud
1320 2853 1535 2901 veteres
1570 2847 1654 2900 ul-

500 2922 593 2971 tra
618 2934 790 2971 ιιιιιιιιι
812 2918 1041 2973 anulum
1058 2919 1145 2973 uti
1163 2919 1373 2974 infame
1398 2918 1656 2973 habitum

500 2988 676 3043 viro.“
754 2989 962 3045 Contra
1011 2990 1199 3045 Senec.
1244 2990 1373 3045 Nat.
1431 2989 1656 3058 Quaest.

501 3060 627 3127 vn,
668 3062 760 3113 31:
824 3061 1209 3129 „Exci-namus
1275 3062 1454 3116 anulis
1510 3061 1656 3144 digi-

502 3136 615 3198 tos;
653 3131 713 3184 in
748 3133 903 3186 omni
939 3134 1175 3187 articulo
1210 3150 1435 3216 gemma
1468 3131 1654 3202 dispo·

500 3202 707 3258 niturf‘
768 3232 839 3245 -
892 3204 1144 3274 Prismcs]
1199 3205 1366 3259 homo
1413 3205 1656 3275 ignotus,

502 3275 767 3329 senatorii
804 3274 1136 3331 οτᾱίιιὶιμ-
1073 3276 1231 3331 —in
1430 3277 1503 3344 is]
1540 3274 1656 3331 Sat.

500 3345 723 3412 Ι,3,9.
775 3348 853 3401 19.
900 3376 965 3387 -
1022 3347 1254 3416 clavum]
1358 3347 1525 3402 unica
1573 3346 1656 3400 in·

502 3416 671 3471 dutus
708 3422 831 3472 erat
870 3420 1037 3474 modo
1062 3419 1197 3485 lato,
1224 3424 1289 3474 ut
1312 3424 1652 3483 senatorum,

502 3488 667 3543 modo
700 3494 939 3560 angusto
966 3492 1143 3552 clavo,
1172 3496 1239 3545 ut
1271 3491 1543 3561 equitum,
1568 3508 1655 3543 or-

502 3564 653 3615 nata.
694 3591 758 3601 -
803 3562 866 3616 in
902 3562 1085 3632 horas]
1131 3564 1199 3617 A.
1238 3560 1300 3617 P.
1351 3563 1468 3616 160.
1543 3562 1658 3619 Cio.

502 3631 575 3686 ad
616 3635 743 3687 A.tt
794 3633 940 3700 XIV,
979 3634 1077 3689 20:
1131 3632 1397 3703 „consilia
1440 3637 1653 3717 teme

502 3704 1656 3844 5¹:3²..⁸”¹3}.32¹1215.{3²1¹33222533¹imt‘33¹

504 3846 677 3914 „Exit
712 3864 874 3916 saepe
910 3848 1061 3903 foras
1084 3847 1303 3919 magnis
1327 3865 1397 3903 ex
1424 3847 1659 3903 aedibus

500 3918 613 3981 ille
648 3918 785 3973 Esse
805 3920 957 3974 domi
984 3936 1149 3989 quem
1173 3924 1493 3989 pertaesum
1518 3920 1654 3975 estf‘

573 3959 641 4044 V.
708 3992 785 4043 13.
858 3990 1067 4060 doctor]
1131 3990 1224 4046 Sic
1282 3992 1658 4060 antiquissimi

503 4061 739 4130 codices,
800 4062 899 4116 alii
966 4061 1178 4119 doctus.
1261 4063 1409 4119 Illud
1469 4067 1658 4117 tamen

502 4131 933 4203 praeferendum
974 4140 1113 4203 puto
1150 4136 1241 4189 vel
1283 4140 1518 4205 propter
1569 4152 1656 4189 co·

502 4204 693 4259 dicum
727 4204 989 4259 Blandin.
1038 4206 1446 4261 auctoritatem.
1502 4204 1656 4261 Idem

501 4280 696 4331 tuetur
732 4276 777 4329 F
780 4276 1068 4343 ritschius·
1104 4278 1390 4333 Eckstein.
1432 4277 1657 4331 Miiller.

504 4347 741 4417 Krugcr.
782 4366 905 4403 cum
926 4350 1153 4405 Kellero
1190 4350 1425 4405 alteram
1464 4348 1656 4403 lectio·

502 4435 631 4473 nem
670 4418 865 4475 doctus
911 4421 1317 4491 praetulerunt.
1390 4420 1497 4475 Sed
1542 4420 1654 4475 iam

504 4494 653 4543 Acro
692 4492 829 4561 legit
852 4491 1065 4548 doctor·
1106 4492 1353 4561 „dicitur
1370 4492 1521 4547 enim
1546 4491 1654 4545 iste

504 4558 726 4616 Priscus
744 4568 937 4617 orator
960 4562 1181 4617 fuisse.“
1204 4591 1271 4603 —
1310 4562 1653 4632 Vertumnis]

1747 1990 1798 2043 A
1834 1988 2106 2043 vertendo
2141 1988 2327 2043 dictus
2360 1986 2498 2043 deus
2541 1986 2912 2055 Vertumnus,

1748 2060 1844 2128 qui
1880 2058 2054 2114 variis
2091 2060 2224 2115 anni
2247 2058 2596 2129 temporibus
2627 2068 2910 2128 praeerat.

1746 2131 1892 2186 Vide
1937 2131 2008 2186 de
2052 2148 2118 2185 eo
2164 2131 2348 2200 Epist.
2391 2131 2444 2195 1,
2494 2133 2669 2197 20,1.
2747 2131 2913 2185 Ovid.

1746 2202 1883 2258 Met.
1933 2202 2082 2265 XIV,
2122 2204 2228 2257 462
2265 2220 2387 2271 sqq.
2461 2202 2674 2257 Conun.
2713 2202 2910 2272 Cruq.:

1749 2274 1926 2343 „Erat
1960 2274 2304 2329 Vortumnus
2339 2272 2725 2342 multiformis,
2765 2276 2912 2344 posi·

1747 2352 1840 2401 tus
1876 2347 1936 2399 in
1973 2346 2168 2400 multis
2203 2344 2339 2399 locis
2375 2344 2640 2409 civitatis,
2693 2350 2754 2399 et
2795 2346 2912 2400 fere

1747 2418 1807 2471 in
1859 2417 2119 2473 omnibus
2162 2416 2484 2486 municipiis
2530 2416 2734 2471 Italiae
2783 2435 2910 2473 con·

1749 2490 2114 2544 sectabantur
2136 2488 2457 2545 simulacra.
2495 2487 2699 2556 quibus
2725 2496 2916 2543 essent

1750 2561 2004 2631 ambigui
2036 2560 2242 2621 vultus,
2280 2561 2378 2628 qui
2415 2576 2518 2629 pro
2556 2559 2792 2615 habitus
2831 2561 2914 2614 di-

1750 2633 2020 2687 versitate
2063 2632 2121 2685 in
2158 2630 2408 2686 diversas
2453 2630 2625 2685 facies
2675 2632 2914 2686 deorum

1747 2704 2168 2757 vertebanturf‘
2205 2702 2466 2757 Ceterum
2501 2702 2573 2757 cf.
2610 2700 2910 2765 Sat.11.3.

1747 2776 1798 2827 8.
1825 2804 1890 2815 --
1927 2773 2272 2843 Volanen'us]
2312 2774 2468 2828 Nihil
2503 2779 2808 2843 praeterea
2843 2775 2914 2829 de

1747 2846 1853 2901 hoc
1913 2846 2140 2900 homine
2203 2844 2468 2899 traditur.
2549 2845 2658 2899 Est
2718 2852 2912 2901 autem

1749 2918 2064 2987 exemplum
2115 2918 2462 2972 oonatsntiae.
2505 2917 2565 2972 in
2610 2918 2796 2971 vitiis.
2845 2946 2914 2957 —

1746 2988 2030 3059 cherma]
2082 2988 2283 3042 Verior
2326 2987 2464 3043 haec
2515 2988 2750 3043 videtur
2795 3006 2916 3043 esse

1748 3061 1933 3115 forma
1968 3062 2028 3115 in
2065 3059 2220 3127 locis,
2256 3060 2318 3113 in
2355 3060 2558 3129 quibus
2584 3060 2778 3128 prima
2805 3061 2912 3128 syl·

1749 3132 1876 3187 laba
1925 3132 2266 3200 corripiatur
2305 3148 2526 3186 necesse
2575 3136 2680 3199 est,
2733 3150 2910 3200 quam

1750 3204 1928 3259 altera
1965 3202 2240 3272 chiram-a.
2287 3202 2470 3271 Epist.
2511 3204 2556 3270 I,
2597 3206 2644 3271 1,
2683 3206 2774 3257 31.
2821 3206 2911 3258 Ιη-

1748 3280 1838 3329 sta
1881 3281 1966 3329 est
2014 3274 2300 3345 cheragra,
2363 3274 2498 3344 quia
2539 3242 2600 3327 in
2637 3291 2708 3328 ea
2759 3276 2914 3329 iusta

1749 3363 1932 3415 poena
1973 3352 2060 3401 est
2105 3346 2194 3399 vel
2239 3345 2580 3400 vinolentiae
2615 3346 2707 3400 vel
2757 3347 2912 3401 frau-

1749 3418 1881 3473 dum
1931 3418 1990 3473 in
2047 3415 2292 3472 ludendo
2349 3417 2795 3472 commissarum.
2847 3448 2910 3457 -

1749 3489 2006 3559 mitteret]
2045 3489 2095 3543 E
2120 3489 2344 3549 fritillo,
2377 3488 2584 3559 pyxide
2607 3488 2822 3558 lig-nea,
2855 3490 2912 3543 in

1751 3578 1861 3630 qua
1905 3561 2009 3615 tali
2054 3578 2222 3615 manu
2267 3560 2656 3631 agitabantur,
2704 3560 2914 3615 deinde

1749 3650 1820 3687 ex
1851 3649 1919 3687 eu
1941 3631 2002 3687 in
2024 3631 2278 3701 phimum
2303 3632 2741 3699 coniciebantur,
2767 3632 2912 3687 adeo

1751 3708 1816 3759 ut
1868 3703 2084 3757 duobus
2141 3702 2228 3758 his
2282 3703 2670 3757 instrumentis
2725 3705 2912 3757 omnis

1750 3775 1904 3831 fraus
1941 3779 2242 3830 arceretur.
2293 3774 2524 3829 Phimus
2563 3780 2748 3829 autem
2791 3782 2912 3829 tur-

1751 3846 1929 3903 ricula
1983 3851 2107 3901 erat
2165 3847 2284 3901 sive
2341 3863 2566 3916 pyrgus,
2621 3845 2912 3914 cylindrus

1751 3935 1969 4059 Ἀρ
1967 3936 2066 3987 qm
2050 3918 2464 4045 1113))οέήῖπὶιῖ
2513 3915 2734 4059 offis
2785 3922 2911 3972 ent

1971 4006 2041 4045 ue
2189 4007 2222 4045 e
2261 4008 2294 4044 a
2369 4008 2428 4043 ιιι
2458 4006 2522 4043 ιιι
2715 4006 2782 4043 us
2817 4008 2908 4045 ex·

1751 4006 2306 4188 ξιίιβοιίνῖῖῗιιιὲυέᾖῗ
2326 4060 2908 4187 ἰξῗιξῗέἒιαῗιξὲήῖιιῗ

1749 4204 1867 4259 Alii
1904 4204 2165 4259 fritillum
2203 4204 2354 4259 idem
2391 4220 2508 4258 esse
2545 4220 2614 4257 ac
2645 4202 2904 4273 phimum

1748 4274 2066 4342 adfirmant,
2115 4280 2182 4329 ut
2226 4275 2409 4331 Schol.
2443 4274 2636 4329 Iuven.
2645 4221 2752 4330 pad
2789 4274 2902 4329 Sat.

1752 4348 1836 4415 14,
1880 4350 1937 4401 5.
1997 4346 2310 4415 „Fritillus‚
2347 4346 2512 4417 pyxis
2547 4362 2770 4409 cornea,
2809 4346 2904 4415 qui

1741 4418 1964 4488 plumas
1987 4386 2196 4473 d’icitur
2219 4418 2472 4489 graecef‘
2509 4446 2574 4457 —
2605 4418 2767 4489 prior
2787 4416 2906 4485 iun]

1747 4495 1994 4559 „quanto
2029 4490 2375 4559 pertinacior
2397 4494 2524 4545 erat
2559 4490 2618 4543 in
2643 4507 2748 4543 suo
2775 4506 2902 4558 pro-

1745 4562 1946 4631 posito,
1989 4566 2154 4616 tanto
2199 4560 2416 4616 felicior
2459 4560 2582 4629 illo,
2629 4562 2730 4630 qui
2763 4578 2902 4613 sem-
