3092 5059
460 273 580 340 178

1420 269 1878 338 CARMINUM

853 461 1030 536 Non
1081 483 1228 535 me·
1256 457 1639 558 Philippis
1692 483 1913 534 versa
1960 459 2161 534 acies
2208 467 2437 553 retm,

954 588 1254 662 Devota
1301 610 1456 660 non
1505 583 1861 660 exstinxit
1909 584 2163 679 arbor,

1065 711 1230 786 Nec
1283 708 1542 786 Sicula
1589 709 1997 786 Palinurus
2040 708 2272 785 unda.

855 859 1295 960 Utcumque
1345 884 1649 935 mecum
1702 884 1835 933 vos
1887 858 2121 962 eritis,⁸
2172 856 2421 934 libens

775 1021 825 1060 ιο
857 968 1397 1061 Ιῃεαῑιίθῑιῐθπῷ
1419 985 1685 1060 navita
1732 984 2165 1082 Bosporum

949 1110 1292 1186 Tentabo
1339 1123 1417 1186 et
1459 1121 1759 1186 arentes
1810 1134 2083 1186 arenas

1054 1233 1338 1310 Litoris
1383 1233 1685 1333 Assyrii
1736 1234 2001 1310 viator.

858 1384 1126 1462 Visam
1179 1385 1588 1462 Brit-annos
1639 1385 2071 1486 hospitibus
2123 1386 2333 1461 feros

858 1511 954 1584 Et
1002 1510 1290 1586 laetum
1341 1512 1627 1610 equino
1680 1511 2053 1610 sanguine
2102 1508 2569 1606 Concanum,

777 1666 829 1708 as
965 1634 1232 1710 Visam
1284 1635 1764 1735 pharetratos
1816 1633 2159 1712 Gelonos

1077 1760 1174 1833 Et
1225 1757 1665 1858 Scythicum
1714 1758 2123 1834 inviolatus
2173 1783 2501 1834 amnem.

861 1908 1024 1984 Vos
1082 1909 1490 1988 Caesarem
1539 1909 1805 2004 altum,
1856 1908 2132 1985 militia
2181 1905 2410 1984 simul

861 2034 1132 2110 Fessas
1183 2035 1534 2110 cohortes
1588 2033 1891 2110 abdidit
1942 2033 2274 2134 oppidis,

965 2159 1229 2236 Finire
1281 2171 1770 2259 quaerentem
1822 2157 2126 2235 labores

780 2316 831 2355 ω
1067 2285 1321 2360 Pierio
1373 2285 1733 2361 recreatis
1774 2295 2019 2360 antro.

468 2474 598 2529 vide
635 2473 708 2529 ad
746 2473 928 2530 Carm.
961 2475 1034 2543 11,
1075 2476 1158 2542 18,
1198 2475 1283 2528 20.
1319 2473 1620 2529 Praeneste

468 2545 635 2600 hodie
683 2551 740 2599 et
776 2546 1108 2602 Palestrina.
1148 2575 1213 2585 —
1252 2545 1506 2615 amicum]
1545 2545 1618 2598 cf.

471 2616 652 2671 Carm.
689 2615 732 2685 1,
775 2619 864 2686 26,
904 2621 949 2670 1.
993 2617 1158 2672 Sacer
1207 2623 1366 2672 vates
1411 2618 1619 2686 ubique

469 2693 528 2742 et
571 2705 790 2757 semper
843 2690 905 2742 in
949 2689 1239 2743 Musarum
1291 2689 1471 2744 tutela
1516 2693 1618 2756 est,

469 2759 792 2814 admittitur
829 2761 902 2814 ad
938 2778 1128 2815 earum
1163 2760 1348 2816 fontes
1391 2765 1448 2814 et
1489 2757 1616 2814 cho·-

469 2847 578 2886 ros.
617 2830 701 2885 De
725 2831 1074 2901 Philippensi
1099 2833 1254 2886 clade
1281 2832 1406 2886 vide
1435 2831 1618 2886 Carm.

472 2901 546 2970 11,
582 2906 634 2969 7,
665 2905 730 2956 13
751 2919 888 2972 sqq..
927 2903 997 2958 de
1033 2905 1234 2959 arbore
1268 2903 1488 2958 nefasto
1525 2903 1618 2957 die

468 2974 657 3042 posita
697 2973 933 3043 ideoque
969 2975 1162 3030 devota
1198 2975 1376 3030 Carm.
1418 2974 1490 3036 11,
1532 2977 1617 3028 13.

471 3045 544 3112 11,
572 3048 656 3114 17,
682 3047 769 3098 27.
812 3075 878 3086 -·
917 3047 1246 3113 Palinurus]
1287 3051 1616 3116 promuntu-

471 3117 622 3171 rium
657 3116 718 3170 in
753 3135 854 3172 ora
872 3117 1154 3173 Lucaniae
1191 3135 1368 3188 prope
1404 3117 1617 3172 Veliam

473 3187 666 3256 situm,
701 3206 736 3243 a
769 3189 1038 3244 Palinuro
1077 3192 1296 3244 Aeneae
1343 3189 1617 3260 guberna-

471 3263 596 3314 tore
633 3261 998 3315 nominatum.
1034 3261 1203 3332 Verg.
1222 3264 1360 3315 Aen.
1379 3260 1474 3328 VI,
1493 3262 1618 3314 338.

471 3331 754 3386 Incertum
789 3337 890 3398 est,
931 3334 1079 3402 quod
1113 3333 1264 3387 vitae
1307 3331 1618 3402 periculum

471 3407 640 3471 poeta
707 3403 1008 3473 sig-nifioet3
1083 3421 1402 3473 quanquam
1463 3403 1618 3458 Com-

473 3479 642 3528 ment.
665 3474 829 3542 Cruq.
857 3475 1014 3543 dicit,
1032 3475 1328 3530 Horatium
1365 3493 1434 3530 ex
1469 3475 1619 3529 bello

473 3545 818 3614 Philippensi
855 3547 1180 3602 redeuntem
1220 3547 1299 3602 ibi
1336 3546 1619 3616 periclita-

473 3619 596 3669 tum
622 3634 753 3671 esse.
779 3647 842 3656 —
867 3620 1170 3689 utcumque]
1190 3620 1320 3674 vide
1345 3618 1418 3672 ad
1439 3618 1621 3672 Germ.

473 3687 546 3756 11,
600 3690 681 3752 17,
731 3691 812 3742 11.
869 3719 936 3728 -
1000 3690 1378 3758 insanientem]
1434 3689 1619 3742 Inani-

475 3763 627 3813 mata
671 3760 840 3814 etiam
883 3765 1088 3816 natura
1130 3766 1424 3830 poetarum
1475 3760 1621 3814 exci-

474 3829 608 3884 tatis
650 3831 848 3885 animis
883 3832 1072 3887 vivere
1106 3833 1356 3901 videtur3
1401 3831 1532 3886 inde
1570 3832 1621 3886 ei

477 3919 698 3971 quoque
735 3903 1009 3972 quaedam
1045 3905 1204 3973 quasi
1239 3905 1498 3959 voluntas
1535 3907 1623 3958 est

475 3977 534 4028 et
586 3974 878 4043 cupiditas.
952 3975 1022 4030 cf.
1083 3975 1259 4030 earm.
1309 3976 1414 4043 ΙΙΙ,
1461 3979 1514 4043 7,
1568 3975 1622 4029 6.

477 4044 562 4100 De
583 4043 834 4115 Bosporo
869 4047 1002 4102 vide
1035 4047 1106 4101 ad
1129 4049 1306 4101 Carm.
1335 4048 1407 4112 11,
1435 4049 1516 4113 13,
1537 4049 1621 4099 14.

479 4117 782 4172 coniunxit
825 4122 1011 4172 autem
1047 4119 1315 4173 Horatius
1360 4118 1448 4172 his
1485 4118 1621 4173 dua-

475 4190 582 4243 bus
615 4188 860 4258 strophis
897 4206 1084 4244 omnes
1120 4194 1177 4244 et
1213 4190 1382 4244 maris
1419 4195 1477 4244 et
1511 4194 1621 4244 ter-

477 4277 575 4315 rae
624 4265 886 4323 terrores,
937 4262 1236 4330 omniaque
1286 4261 1436 4330 apud
1493 4261 1621 4316 bar-

477 4332 642 4386 baras
661 4337 720 4386 et
735 4333 1038 4388 occidentis
1061 4333 1356 4401 (Britanni,
1383 4333 1624 4396 Concani

478 4401 515 4456 i.
559 4421 605 4458 e.
659 4402 921 4474 Hispani)
979 4409 1039 4458 et
1103 4405 1335 4458 orientis
1385 4404 1623 4470 (Geloni,

480 4473 736 4543 Scythae)
773 4477 1028 4531 nationes
1063 4477 1328 4544 pericula.
1377 4474 1462 4531 De
1499 4475 1623 4529 Bri·

478 4545 664 4598 tannis
685 4545 865 4603 Tacit.
885 4550 1032 4602 Ann.
1059 4546 1207 4609 XIV,
1228 4548 1320 4602 30:
1361 4547 1623 4616 ,‚Cruore,

480 4615 684 4685 inquit,
730 4619 952 4688 captivo
998 4619 1224 4674 adolere
1274 4635 1396 4674 aras
1433 4622 1492 4673 et
1525 4618 1623 4672 ho-

1712 2473 1922 2526 minum
1956 2473 2113 2527 fibris
2150 2472 2438 2528 consulere
2472 2471 2601 2527 deos
2640 2471 2726 2526 fas
2762 2471 2862 2526 ha-

1713 2545 1973 2600 bebant.“
2032 2574 2100 2584 -
2155 2545 2387 2614 arentes]
2440 2543 2533 2599 Sic
2580 2561 2651 2598 ex
2691 2544 2861 2598 bonis

1712 2616 1871 2671 codd.
1910 2616 2107 2686 scripsi
2138 2619 2372 2686 propter
2402 2619 2623 2686 gratam
2650 2615 2865 2670 allitte·

1711 2689 2012 2756 rationem3
2062 2688 2161 2742 alii
2195 2691 2434 2754 urentem
2485 2687 2554 2742 cf.
2593 2685 2692 2740 Sil.
2730 2685 2859 2741 Ital.

1712 2758 1803 2822 VI,
1834 2761 1935 2813 140
1974 2764 2228 2828 „arentes
2254 2759 2505 2827 arenas“,
2532 2757 2693 2813 Ovid.
2724 2757 2863 2812 Met.

1712 2830 1833 2900 XV,
1870 2832 2000 2884 268:
2059 2831 2293 2899 „humus
2338 2835 2461 2885 aret
2505 2829 2744 2885 arenis.“
2793 2857 2860 2868 —

1710 2901 1896 2958 litoris
1950 2901 2195 2972 Assyrii]
2257 2901 2393 2957 Cum
2458 2902 2688 2970 Assyria
2747 2918 2863 2954 non

1711 2973 1786 3028 sit
1828 2974 1985 3044 regio
2032 2974 2335 3041 maritima,
2388 2973 2484 3027 sed
2534 2972 2863 3028 mediterra-

1710 3063 1833 3112 nea,
1864 3044 2055 3114 Syriae
2094 3046 2229 3099 litus
2272 3043 2712 3115 intellegendum
2759 3047 2866 3111 est,

1712 3122 1777 3171 ut
1812 3117 1962 3186 apud
2003 3116 2101 3170 Sil.
2138 3116 2235 3180 XI,
2272 3118 2340 3170 41
2382 3115 2735 3184 „madefacta
2768 3131 2865 3170 ve·

1710 3205 1855 3242 neno
1896 3189 2127 3256 Assyrio
2168 3187 2375 3242 vestis“
2418 3204 2522 3257 pro
2558 3186 2751 3258 Tyrio,
2804 3192 2866 3241 et

1712 3258 1878 3330 Verg.
1908 3259 2107 3330 Georg.
2136 3259 2209 3328 11,
2238 3261 2360 3314 465.
2390 3289 2456 3299 —
2498 3259 2697 3328 equino
2732 3273 2865 3312 ean-

1708 3331 1891 3401 9uine]
1941 3331 2019 3386 Ut
2056 3330 2299 3386 Concani
2348 3331 2430 3385 sic
2466 3329 2664 3386 Geloni
2716 3330 2866 3384 lacte

1713 3407 1971 3458 concreto
2018 3407 2117 3457 aut
2153 3402 2305 3457 farre
2349 3401 2619 3472 sanguine
2656 3401 2865 3471 equino

1712 3475 1891 3529 mixto
1916 3475 2301 3530 vescebantur.
2339 3472 2508 3544 Verg.
2531 3473 2678 3530 Geor
2722 3513 2736 3526 .
2762 3471 2867 3540 ΙΙΙ,

1713 3547 1815 3599 461
1857 3563 1975 3614 sqq.
2020 3575 2086 3586 ——
2292 3545 2439 3599 icum
2487 3561 2697 3600 amnem
2760 3543 2867 3598 Ta-

1712 3618 1850 3670 nais.
1889 3617 2069 3672 Carm.
2093 3615 2188 3682 lv,
2218 3618 2301 3684 15,
2326 3617 2411 3670 24.
2454 3645 2527 3656 -—
2562 3615 2759 3687 altum]
2794 3615 2867 3670 cf.

1716 3688 1901 3743 Carm.
1936 3689 1981 3757 Ι,
2018 3690 2071 3757 6,
2109 3691 2193 3742 11.
2230 3688 2343 3742 Sat.
2378 3686 2448 3755 11,
2474 3689 2527 3756 5,
2554 3688 2639 3742 62.
2676 3687 2869 3741 Metro

1715 3759 2097 3830 prohibemur,
2132 3777 2205 3814 ne
2242 3759 2643 3830 coniungamus
2693 3759 2869 3814 altum

1712 3831 1932 3886 militia.
2007 3831 2255 3886 Caesaris
2302 3830 2517 3884 animus
2558 3830 2709 3885 altus
2762 3835 2867 3898 est,

1716 3904 1849 3971 quia
1900 3904 2171 3957 maiorem
2214 3901 2384 3958 etiam
2440 3919 2561 3957 esse
2615 3901 2869 3971 aliquam

1716 3975 1938 4030 laudem
1975 3991 2141 4044 quam
2176 3974 2435 4029 bellicam
2470 3972 2773 4028 intellexit.
2798 4001 2868 4013 —

1716 4045 1955 4116 abdidit]
2004 4045 2095 4100 Sic
2142 4047 2319 4100 maior
2364 4061 2499 4114 pars
2542 4043 2869 4114 antiquissi-

1714 4133 1931 4172 morum
1976 4117 2246 4184 codicum,
2301 4122 2359 4172 et
2404 4117 2619 4172 dictum
2667 4121 2757 4172 est
2796 4115 2869 4170 de

1713 4188 1972 4244 finiendis
2016 4189 2153 4243 belli
2198 4188 2486 4243 laboribus
2538 4203 2643 4242 nec
2692 4187 2872 4243 habet

1668 4285 1678 4294 ·
1716 4261 2013 4330 quicquam
2050 4259 2407 4330 ignominiosi
2434 4264 2535 4314 aut
2564 4258 2869 4328 inhonesti,

1716 4333 1867 4400 quod
1916 4339 2209 4386 senserunt
2254 4331 2299 4385 ii
2344 4329 2602 4400 (Keller),
2648 4332 2749 4400 qui
2798 4347 2866 4386 ex

1716 4404 1841 4457 aliis
1888 4403 2046 4458 codd.
2082 4403 2473 4473 praetulerunt
2512 4401 2759 4466 addida,
2804 4407 2869 4456 ut

1716 4479 1861 4529 esset
1894 4474 2117 4529 addidit
2153 4481 2417 4544 tanquam
2442 4489 2605 4530 novos
2640 4473 2867 4529 odones.

1714 4545 1969 4600 Tertium
2014 4546 2164 4616 quod
2210 4547 2421 4617 legitur
2454 4543 2703 4602 reddidit
2754 4561 2867 4600 me·

1714 4635 1839 4671 rum
1874 4619 2149 4688 glossema
2184 4623 2284 4672 est.
2322 4647 2391 4658 —
2418 4617 2726 4686 maium]
2762 4617 2865 4671 tri·
