3092 5059
1116 236 1279 303 LIB.
1327 238 1412 305 11.
1455 234 1643 304 SAT.
1686 239 1765 305 V.

2524 242 2651 307 463

347 423 446 499 Et
493 423 888 523 quondam
940 424 1238 500 maiora
1279 422 1443 499 tuli.
1551 424 1669 501 Tu
1720 426 2069 527 protinus
2122 427 2329 505 unde

344 546 668 625 Divitias
721 548 1073 648 aerisque
1123 574 1344 623 ruam
1399 547 1525 626 dic
1573 574 1825 648 augur
1867 576 2206 629 acervos.

350 670 572 769 „Dixi
623 673 989 773 equidem
1039 684 1119 749 et
1166 672 1385 748 dico:
1437 687 1699 773 captes
1750 688 2041 752 ast-utus
2089 677 2381 778 ubique

347 798 836 875 Testamenta
884 824 1178 895 senum,
1233 824 1384 875 neu
1433 798 1498 873 si
1550 801 1775 877 vafer
1814 828 2013 877 unus
2062 814 2141 879 et
2188 801 2384 879 alter

257 954 312 995 n.
344 921 890 1001 Insidiatorem
941 948 1310 1024 praeroso
1361 923 1656 1023 fugerit
1702 924 1959 1025 hamo,

347 1046 511 1126 Aut
559 1072 778 1149 spem
832 1049 1176 1150 deponas
1227 1062 1358 1125 aut
1401 1062 1648 1127 artem
1700 1050 1993 1126 inlusus
2046 1051 2374 1129 omittas.

339 1173 630 1271 Magna
679 1175 1034 1251 minorve
1079 1174 1254 1251 foro
1306 1175 1372 1250 si
1415 1200 1543 1251 res
1598 1176 2017 1253 certabitur
2068 1174 2279 1273 olim,

341 1297 577 1375 Vivet
627 1311 800 1376 uter
847 1297 1196 1397 locuples
1247 1300 1414 1376 sine
1467 1302 1746 1399 gnatis,
1796 1301 2223 1400 improbus,
2276 1301 2482 1377 ultro

342 1420 501 1515 Qui
550 1423 952 1499 meliorem
1002 1424 1260 1501 audax
1308 1440 1536 1501 vocet
1581 1426 1665 1501 in
1709 1427 1849 1523 ius,
1898 1425 2112 1503 illius
2164 1439 2324 1503 esto

256 1583 306 1623 ω
344 1550 770 1645 Defensor3
827 1550 1042 1626 fama
1091 1551 1342 1628 civem
1395 1576 1783 1652 causaque
1831 1552 2175 1652 priorem

339 1674 662 1777 Sperne,
716 1674 928 1749 domi
981 1674 1048 1750 si
1100 1688 1376 1775 gnatus
1423 1677 1577 1752 erit
1622 1674 2058 1753 fecundave
2104 1676 2459 1753 coniunx.

336 1798 701 1897 „Quinte“
715 1812 904 1899 puta
918 1812 1052 1877 aut
1065 1798 1488 1899 „Publi,“—-
1498 1800 1842 1901 gaudent
1852 1802 2357 1899 praenomine
2374 1802 2651 1879 molles

340 1924 763 2003 Auriculae
830 1966 901 1979 -
971 1925 1162 2023 „tibi
1213 1952 1341 2003 me
1389 1927 1635 2003 virtus
1685 1939 1821 2002 tua
1870 1926 2054 2002 fecit
2102 1928 2473 2005 amicum:

341 2048 476 2127 Ius
527 2077 812 2153 anceps
862 2052 1072 2151 novi,
1128 2076 1393 2129 causas
1447 2051 1872 2130 defendere
1922 2077 2276 2152 possum3

248 2206 300 2247 aa
335 2176 636 2275 Eripiet
687 2176 942 2276 quivis
995 2175 1262 2254 oculos
1297 2158 1536 2255 'citius
1586 2176 1805 2274 mihi,
1860 2202 2095 2277 quam
2143 2190 2220 2253 te

337 2298 893 2401 Contemptum
933 2328 1146 2379 cassa
1173 2327 1372 2379 nuce
1397 2313 1809 2402 pauperet:
1861 2301 2054 2379 haec
2088 2328 2263 2379 mea
2299 2327 2485 2380 cura
2512 2314 2649 2403 est,

338 2426 462 2503 Ne
497 2426 687 2526 quid
735 2440 819 2503 tu
854 2428 1138 2527 perdas
1187 2453 1342 2505 neu
1387 2428 1489 2504 sis
1534 2425 1828 2527 iocus.“
1874 2428 2005 2505 Ire
2056 2428 2371 2505 domum
2420 2440 2653 2531 atque

235 2648 391 2717 Quae
443 2649 688 2705 Tiresias
733 2651 990 2708 facienda
1041 2612 1426 2723 praeseribit(

231 2738 298 2775 ea
335 2722 515 2777 etiam
549 2720 702 2777 Ulixi
735 2724 1149 2793 patientissimo
1185 2730 1246 2781 et
1281 2742 1396 2780 mo-

236 2791 598 2849 deratissimo
637 2795 852 2850 homini
897 2796 1280 2852 intolerabilia
1315 2798 1397 2851 vi-

233 2864 472 2934 dentur-3
497 2882 674 2934 quare
697 2867 818 2921 indi
898 2870 1150 2923 abundus
1175 2869 1236 2923 in
1259 2869 1400 2925 haec

233 2938 416 2992 verba
453 2938 714 3006 erumpit.
834 2939 1028 2995 iresias
1073 2944 1262 2995 autem
1300 2940 1398 2994 fri-

277 3008 366 3063 'de
427 3010 753 3078 respondet:
815 3027 950 3082 ergo
1003 3029 1220 3081 pauper
1263 3013 1396 3067 eris.

231 3024 428 3146 guare
464 3096 590 3135 cum
627 3098 739 3136 uua
775 3082 916 3137 haec
951 3084 1151 3138 relicta
1193 3084 1270 3138 sit
1303 3082 1398 3139 via

233 3152 498 3221 ratioque
547 3170 692 3221 quae
735 3154 990 3208 amiserit
1025 3156 1400 3225 reciperandi,

231 3224 372 3291 quid
411 3228 588 3279 restat
623 3224 864 3293 sapienti
889 3227 1012 3280 viro
1043 3228 1154 3281 nisi
1187 3231 1254 3281 ut
1291 3227 1400 3283 hoc

233 3312 460 3364 quoque
509 3296 704 3350 multis
755 3314 900 3367 quae
947 3298 1057 3351 iam
1102 3316 1396 3369 perpessus

231 3372 320 3421 est
377 3366 542 3421 malis
597 3368 736 3422 forti
797 3369 984 3423 animo
1041 3370 1250 3425 addat?
1321 3370 1394 3424 cf.

229 3436 396 3493 Hom.
425 3438 530 3493 od.
551 3438 672 3507 XX,
699 3441 780 3493 18.
825 3469 892 3479 -
930 3440 1060 3509 tulo]
1094 3440 1396 3495 Horkelius

229 3510 360 3563 tulit
399 3526 472 3563 ex
505 3511 844 3579 coniectura,
895 3528 1006 3579 quo
1042 3514 1274 3583 propius
1310 3530 1396 3567 ac·

225 3579 460 3636 cederet
505 3581 730 3637 Horatii
784 3599 974 3638 versus
1021 3584 1093 3637 ad
1139 3584 1395 3639 Homeri-

233 3668 389 3721 cum3
429 3658 608 3721 acute,
645 3654 742 3709 sed
765 3672 882 3709 non
915 3656 1050 3709 satis
1077 3662 1255 3711 caute.
1289 3656 1394 3710 Po·

227 3724 342 3777 tuit
399 3740 533 3779 sane
579 3730 748 3794 poeta
793 3726 1040 3781 scribere
1083 3728 1230 3795 tulit,
1281 3744 1396 3781 non

225 3792 442 3849 debuit.
501 3796 582 3850 Et
617 3797 665 3851 si
701 3814 814 3852 non
851 3799 1061 3865 debuit,
1099 3799 1236 3869 quid
1271 3816 1394 3853 mu-

225 3872 412 3921 temus
449 3867 746 3923 lectionem
781 3875 980 3925 eontra
1004 3887 1194 3925 omnes
1218 3871 1395 3925 libros

226 3936 386 3993 MSS.
401 3939 430 3991 ¹?
487 3968 555 3979 -
603 3942 890 4009 protinus]
937 3943 1214 4013 coniunge
1265 3960 1396 3997 cum

225 4008 336 4065 die.
377 4038 446 4051 -
481 4012 666 4083 ruam]
706 4012 928 4067 Ruendi
963 4014 1200 4068 verbum
1243 4014 1394 4084 apud

226 4085 428 4150 poetas
479 4088 538 4137 et
587 4100 682 4137 eos
731 4084 1034 4155 scriptores
1080 4086 1178 4154 qui
1213 4086 1392 4155 poeti·

173 4208 182 4215 ,
227 4168 357 4207 cam
395 4154 708 4209 orationem
743 4156 1114 4211 imitabantur
1149 4158 1392 4212 activam

225 4232 494 4280 naturam
519 4226 820 4295 iuduebat3
859 4228 1010 4296 quod
1035 4246 1147 4297 qua
1170 4230 1392 4283 ratione

221 4293 331 4350 fiat
366 4296 496 4351 vide
531 4298 684 4369 apud
721 4298 1035 4425 Vefflium
1073 4302 1217 4355 Aen.
1252 4300 1296 4371 1,
1319 4302 1391 4354 35

225 4370 286 4419 et
323 4368 412 4421 85.
478 4368 573 4435 XI,
617 4372 742 4425 211.
925 4387 1008 4441 rg.
1051 4371 1124 4439 11,
1161 4372 1284 4425 308.
1323 4400 1392 4412 —

211 4452 482 4505 praeroso
515 4440 700 4511 hamo]
754 4442 1124 4512 „Metaphora
1159 4460 1192 4497 a
1227 4444 1390 4513 pisci-

220 4508 363 4577 bus3
419 4512 571 4579 quod
629 4518 760 4581 apte
815 4514 1010 4567 subdit
1053 4514 1187 4585 quia
1239 4515 1390 4569 dixit

221 4584 425 4648 captes.
499 4582 777 4638 Praeroso
814 4585 981 4641 hamo
1027 4586 1064 4639 i.
1101 4604 1149 4641 e.
1187 4588 1389 4641 vorata

1494 2654 2024 2781 inirem
2040 2652 2246 2795 Ἠ
2270 2653 2650 2794 {uiua}

1493 2814 1609 2851 non
1656 2815 1784 2853 cum
1834 2799 2057 2852 mittas
2100 2798 2298 2859 solum,
2340 2797 2440 2851 sed
2476 2797 2649 2851 etiam

1493 2885 1623 2923 cum
1870 2886 1899 2923 s
1934 2868 2403 2940 coniungendam.
2431 2896 2497 2909 -
2536 2882 2648 2923 cer-

1493 2940 1701 2995 tabitur
1782 2940 1907 2994 Etsi
1952 2940 2127 3011 vulgo
2171 2946 2229 2995 et
2271 2940 2423 3009 apud
2472 2941 2649 2995 bonos

1493 3013 1797 3082 scriptores
1833 3012 2042 3067 dicitur
2078 3016 2295 3067 certare
2343 3012 2413 3066 de
2462 3012 2650 3080 aliqua

1493 3100 1557 3138 re
1594 3084 1684 3138 vel
1726 3100 1833 3152 pro
1878 3083 2069 3152 aliqua
2102 3100 2182 3151 re,
2224 3088 2413 3138 tamen
2446 3088 2649 3152 poetae

1493 3155 1789 3209 brevitatis
1838 3162 1897 3210 et
1939 3155 2241 3224 gravitatis
2284 3154 2491 3223 studio,
2536 3171 2648 3223 quo

1493 3226 1728 3281 molesta
1776 3244 1909 3281 sane
1952 3227 2297 3296 praepositio
2352 3226 2650 3295 vitaretur,

1491 3298 1637 3351 nihil
1662 3297 1998 3352 dubitarunt
2019 3314 2291 3368 usurpare
2314 3304 2524 3352 certare
2546 3298 2649 3353 ali-

1493 3370 1654 3439 quid3
1704 3370 1835 3425 inde
1879 3370 2104 3439 passiva
2139 3386 2361 3439 quoque
2396 3374 2649 3423 consta-u-

1493 3441 1607 3495 ctio
1644 3442 1823 3497 verbi.
1860 3440 1979 3496 Sat.
2010 3440 2083 3509 Π,
2116 3445 2161 3505 1,
2195 3442 2283 3495 49.
2322 3441 2485 3495 Ovid.
2511 3441 2648 3495 Met.

1493 3512 1647 3580 XIII,
1670 3514 1793 3566 713.
1830 3512 1927 3566 Sil.
1953 3512 2081 3566 Ital.
2111 3511 2288 3571 XVII.
2310 3514 2417 3566 83⁴7
2430 3534 2442 3565 ε
2482 3512 2647 3580 „Cer-

1491 3588 1648 3637 tatus
1700 3585 1863 3639 nobis
1908 3584 2179 3653 (Scipioni
2228 3590 2286 3638 et
2324 3583 2650 3652 Hannibali)

1491 3655 1661 3709 hodie
1686 3656 1975 3710 dominum
2000 3656 2209 3724 accipit
2230 3654 2449 3723 orbis“;
2478 3672 2512 3708 a
2536 3672 2647 3724 quo

1490 3744 1737 3852 ξὸιζιῧτθθ
1751 3745 1823 3781 ne
1858 3726 2055 3869 1.ίῖξηῖ
2101 3727 2337 3853 ᾳξέἰᾱθξᾶ
2361 3727 2650 3852 ὃδοήίιιιίἱῐίι

1653 3814 2228 3867 ,.—··o‡mvie
2405 3815 2541 3851 arm.
2632 3837 2648 3867 ,

1497 3872 1581 3939 10,
1625 3872 1705 3924 17.
1746 3900 1811 3910 -
1846 3869 2108 3941 priorem]
2146 3869 2331 3925 Oarm.
2355 3869 2458 3938 111,
2486 3871 2534 3935 1,
2566 3873 2647 3925 12.

1566 3943 1630 3995 V.
1666 3942 1751 3995 32.
1792 3942 1961 4011 puta]
1996 3942 2239 4012 exempli
2282 3958 2465 3997 causa.
2538 3941 2647 3996 Im-

1487 4014 1794 4083 perativus,
1852 4014 1955 4067 ubi
2002 4014 2163 4082 quasi
2214 4014 2469 4068 adverbii
2524 4014 2649 4069 vice

1491 4086 1768 4156 fungitur,
1806 4086 2065 4139 ultimam
2095 4086 2369 4155 syllabam
2395 4085 2647 4155 corripit.

1493 4186 1561 4197 —-
1598 4158 1779 4212 moues
1814 4156 2123 4228 andenam]
2172 4174 2315 4225 quae
2358 4156 2526 4212 facile
2566 4157 2647 4211 of-

1489 4227 1800 4283 fenduntur
1834 4229 1943 4281 nisi
1979 4229 2415 4298 permulcentur.
2479 4228 2646 4283 Prae-

1487 4300 1719 4354 nomine
1775 4304 1965 4355 autem
2018 4301 2187 4355 amici
2234 4300 2541 4354 utebantur
2588 4304 2647 4354 et

1487 4372 1739 4442 cognati.
1812 4370 1883 4426 cf.
1932 4370 2050 4425 Sat.
2088 4370 2159 4434 11,
2198 4372 2252 4440 6,
2288 4372 2374 4424 87.
2435 4402 2502 4410 -
2556 4372 2647 4425 ius

1489 4442 1713 4513 anceps]
1752 4442 1867 4497 Sat.
1904 4442 1976 4504 11,
2012 4444 2066 4510 2,
2111 4445 2227 4496 131.
2277 4442 2321 4509 1,
2356 4444 2411 4510 9,
2448 4444 2533 4496 39.
2574 4472 2641 4483 —-

1480 4520 1755 4585 pauperet
1850 4514 2099 4569 Verbum
2158 4517 2245 4568 est
2301 4514 2645 4584 Plautinum,

1489 4592 1720 4655 gratum
1792 4586 1977 4638 oratio
2002 4590 2063 4639 et
2085 4584 2370 4655 gravitate
2405 4591 2465 4639 et
2490 4602 2643 4640 sono.
