3092 5059
420 218 543 283 298

1436 201 1794 289 EPo‘Dou

818 407 979 485 Nec
1032 435 1305 485 munus
1356 412 1642 487 umeris
1695 411 2032 488 efficacis
2079 411 2440 488 Herculis

1018 534 1299 611 Inarsit
1348 536 1791 611 aestuosius.

814 658 923 735 At
972 660 1039 737 si
1090 658 1275 760 quid
1328 685 1670 759 unquam
1721 662 1874 739 tale
1927 663 2484 764 concupiveris,

734 816 785 859 ιο
1017 783 1283 863 Iocose
1338 784 1766 885 MaecenaS,
1819 814 2096 885 precor

820 910 1135 985 Manum
1188 908 1450 1010 puella
1492 910 1706 987 savio
1761 925 2106 1010 opponat
2154 924 2310 1010 tue,

1022 1035 1383 1113 Extrema
1434 1048 1513 1111 et
1563 1036 1643 1111 in
1694 1036 1994 1136 sponda
2040 1039 2286 1115 cubet.

1332 1379 1714 1467 GARMEN
1774 1382 1906 1467 IV.

816 1544 1055 1644 Lupis
1106 1560 1180 1622 et
1228 1547 1443 1647 agnis
1501 1558 1788 1647 quanta
1841 1544 2104 1621 sortito
2163 1546 2443 1645 obtigit

1018 1670 1309 1748 Tecum
1362 1671 1553 1749 mihi
1598 1670 1988 1747 discordia
2039 1685 2174 1767 est,

818 1793 1203 1871 Hibericis
1256 1810 1568 1893 peruste
1615 1797 1933 1872 funibus
1983 1795 2185 1871 latus

1020 1922 1118 1996 Et
1168 1948 1395 1998 crura
1446 1920 1643 1998 dura
1695 1920 2092 2019 compede.

420 2144 588 2199 terris
602 2162 794 2215 vapor.
798 2145 832 2175 “
856 2145 1020 2201 ovid.
1032 2149 1159 2202 Am.
1174 2149 1277 2213 1,2‚
1289 2148 1381 2203 46·
1405 2148 1573 2216 „Fer-

421 2216 553 2271 vida
572 2216 756 2272 vicino
776 2216 1002 2273 flamma
1011 2237 1218 2290 vapore
1239 2221 1436 2275 nocet.‘
1442 2221 1571 2275 ‘In-

418 2288 607 2343 sedit
589 2306 623 2341 1.
687 2289 991 2345 Amabat.
1023 2319 1090 2331 -
1128 2291 1439 2348 siticulosae
1499 2290 1570 2347 cf.

422 2360 602 2414 Carm-
700 2361 816 2429 ‚,30
833 2364 915 2415 11.
934 2390 993 2400 -
1016 2361 1235 2431 munus]
1260 2362 1421 2418 Ovid.

419 2431 519 2499 IX,
543 2432 659 2486 130.
688 2460 755 2471 —-
782 2432 1035 2503 efficacis]
1066 2432 1246 2488 Carm-
1280 2434 1374 2503 IV,
1403 2436 1454 2497 8,
1480 2437 1568 2489 30.

422 2502 533 2557 Cic.
554 2503 710 2557 Fam.
734 2501 882 2573 VIII,
910 2507 991 2567 10,
1012 2506 1072 2559 3:
1114 2505 1309 2574 „Nosti
1335 2476 1570 2562 Mai-cel·

420 2575 538 2628 lum
558 2591 727 2644 quam
739 2576 935 2629 tardus
955 2581 1220 2647 etparum
1232 2576 1429 2633 efficax
1441 2578 1531 2633 sit.
1541 2579 1568 2608 “

786 2688 1067 2745 Carmen
1102 2688 1195 2743 IV.

488 2763 783 2840 Invehitur
808 2785 1076 2843 Horatius
1114 2786 1469 2843 acerbissime
1508 2788 1570 2843 in

419 2856 703 2912 hominem
740 2858 1035 2941 quendam,
1072 2860 1167 2929 qui
1194 2860 1327 2914 olim
1350 2860 1569 2928 nequis·

420 2928 623 2982 simum
657 2930 1001 3000 mancipium
1038 2930 1201 2985 malis
1229 2932 1447 2987 artibus
1484 2932 1566 2985 di·

419 2999 586 3053 vitias
630 3000 738 3054 sibi
785 3006 843 3055 et
890 3002 1285 3057 auctoritatem
1336 3020 1568 3071 parave-

419 3076 529 3125 rat.
598 3070 665 3125 In
702 3089 816 3141 qua
848 3090 913 3127 re
946 3074 1087 3129 bene
1124 3074 1568 3129 animadverten-

419 3142 554 3197 dum
588 3146 690 3212 est,
727 3143 1029 3199 Horatium
1074 3162 1189 3200 non
1226 3146 1419 3201 servili
1458 3163 1570 3216 qua

418 3214 515 3269 ille
566 3214 763 3270 fuisset
806 3216 1131 3272 condicione
1176 3222 1241 3271 ut
1285 3218 1568 3273 hominem

418 3285 899 3343 vehementissime
959 3288 1262 3359 castigaret
1326 3306 1567 3345 commo-

420 3364 543 3413 tum
588 3376 722 3427 esse,
778 3358 877 3415 sed
922 3360 1147 3415 vilitate
1202 3364 1260 3415 et
1314 3362 1570 3445 nequitia

420 3447 588 3498 quam
643 3434 875 3499 paratae
928 3449 1063 3501 opes
1127 3432 1451 3515 arrogantia
1508 3440 1570 3488 et

336 3546 345 3553 .
418 3502 689 3557 iactantia
750 3502 911 3572 quasi
972 3504 1192 3559 cumulo
1267 3505 1567 3560 auxissent.

419 3572 661 3628 Pecunia
698 3574 847 3629 enim
882 3592 994 3629 non
1032 3592 1214 3631 mores
1244 3580 1445 3644 mutat,
1470 3576 1570 3631 sed

420 3645 715 3715 rationem,
754 3662 865 3715 qua
890 3646 1083 3715 quales
1115 3647 1230 3701 sint
1264 3664 1447 3701 mores
1484 3649 1566 3703 in-

420 3715 655 3771 dicatur.
701 3716 807 3773 Ille
842 3717 991 3772 enim
1026 3735 1217 3773 servus
1254 3718 1410 3773 furta
1448 3720 1570 3791 egit

418 3791 481 3842 et
514 3788 811 3857 nequitias.
860 3794 925 3843 ut
966 3787 1205 3861 flagellis
1250 3794 1307 3845 et
1350 3807 1566 3860 compe·

419 3859 584 3915 dibus
627 3878 662 3915 a
710 3860 937 3915 domino
974 3866 1355 3929 coercet-etun
1412 3862 1566 3917 dives

420 3931 601 3989 factus
641 3936 699 3987 et
734 3932 995 3987 tribunus
1037 3934 1281 3987 militum
1316 3934 1568 3989 omnium

419 4004 481 4058 in
505 4004 599 4060 via
614 4004 803 4073 Appia
826 4003 1237 4060 ambulantium
1260 4005 1566 4074 proborum

418 4076 706 4131 hominum
760 4075 1205 4145 indignationem
1264 4082 1322 4131 et
1374 4076 1568 4133 odium

418 4147 527 4203 sibi
562 4148 863 4203 contraxit.
908 4146 1191 4217 Scriptum
1222 4165 1445 4203 carmen
1482 4154 1568 4203 est

418 4236 547 4275 cum
582 4218 771 4275 classis
818 4224 1116 4288 peraretur
1164 4226 1361 4275 contra
1398 4220 1567 4275 latro·

420 4308 517 4347 nes
550 4298 611 4345 et
644 4292 861 4360 pirates
896 4288 949 4345 S.
986 4289 1218 4361 Pompei
1264 4308 1313 4346 a.
1350 4310 1405 4345 ιι.
1444 4292 1566 4347 718.

420 4362 561 4417 Vide
621 4361 798 4417 Vellei
858 4363 1059 4431 locum,
1120 4364 1215 4432 qui
1278 4362 1429 4421 infra
1493 4362 1568 4419 ad

419 4434 601 4503 Epod.
623 4435 675 4497 9,
698 4438 729 4487 7
767 4402 1141 4519 transcrip'tus
1178 4439 1279 4491 est.
1320 4434 1564 4489 Scholia-

419 4510 541 4561 stae
562 4476 879 4571 adiirmant,
914 4506 1073 4577 tangi
1104 4506 1165 4561 ιιι
1190 4507 1297 4562 hoc
1318 4506 1566 4561 carmine

422 4574 651 4631 Sextum
694 4576 939 4644 Menam,
986 4576 1217 4649 Pompei
1255 4576 1451 4649 Magni
1498 4577 1564 4633 li-

1673 2145 1922 2210 bertum3
1959 2144 2006 2198 is
2045 2146 2233 2199 autem
2271 2160 2321 2198 a.
2347 2160 2400 2197 u.
2427 2160 2472 2198 c.
2497 2144 2602 2197 718
2639 2160 2826 2214 neque

1674 2215 1931 2270 tribunus
1967 2216 2214 2269 militum
2250 2214 2362 2268 fuit
2395 2232 2576 2284 neque
2609 2215 2670 2269 in
2691 2232 2823 2286 par·

1669 2288 1822 2343 tibus
1867 2286 2166 2343 Octaviani
2205 2285 2484 2356 stipendia
2527 2286 2680 2355 fecit,
2723 2286 2824 2342 sed

1672 2360 1836 2415 classi
1893 2358 1944 2413 S.
1999 2358 2231 2428 Pompei
2287 2358 2554 2441 praefuit.
2637 2357 2824 2426 Quare

1671 2431 1982 2502 probabilis
2001 2436 2088 2485 est
2107 2429 2371 2513 castigari
2405 2430 2634 2485 Vedium
2651 2447 2822 2499 quen·

1671 2503 1804 2558 dam
1825 2502 2052 2571 Rufum,
2089 2502 2187 2572 qui
2227 2503 2286 2555 ιιι
2316 2500 2500 2556 titulis
2527 2502 2820 2556 nonnullo·

1672 2592 1798 2629 rum
1837 2574 2094 2629 codicum
2132 2574 2468 2628 nominatur.
2507 2571 2572 2626 In
2604 2572 2822 2629 incerta

1672 2663 1734 2700 re
1768 2645 2004 2700 dubium
2039 2650 2141 2707 est.
2181 2662 2316 2699 num
2351 2648 2502 2698 recte
2535 2644 2646 2699 huc
2677 2645 2818 2699 refe·

1670 2722 1870 2773 rantur
1917 2733 2059 2786 quae
2103 2716 2257 2805 apud
2294 2715 2532 2770 Dionem
2567 2714 2712 2769 LIV.
2747 2718 2818 2771 23

1671 2789 1959 2875 leguntur3
2021 2784 2160 2858 ,κᾶν
2192 2788 2270 2857 τῷ
2320 2782 2466 2857 αὐτῷ
2503 2782 2707 2875 τούτῳ
2714 2788 2821 2841 ἔτει

1669 2859 1824 2948 (739)
1851 2830 2080 2925 Οὐήδιος
2101 2862 2324 2913 Πυλίων
2351 2858 2656 2944 ἀπέθανεν,
2675 2855 2818 2929 ἀνὴρ

1667 2927 1841 2989 ἄλλως
1873 2932 1984 3002 μὲν
2019 2926 2186 3017 οὐδὲιζ
2207 2924 2430 3016 μνήμης
2462 2924 2615 2989 ἔξεον
2645 2950 2819 2999 παρα-

1671 2998 1950 3087 σχόμενος
1973 3002 2090 3072 (καὶ
2115 3002 2223 3072 γάρ
2253 3004 2321 3063 ἐξ
2347 2998 2822 3071 ἀπελευθέρων

1669 3070 1916 3157 ἐγεγόνει
1975 3078 2068 3127 καὶ
2125 3075 2201 3128 ἐν
2261 3079 2411 3132 τοῖς
2467 3073 2822 3128 ἱππεῦσιν

1669 3142 1989 3233 ἐξητάζετο),
2039 3146 2134 3199 ἐπὶ
2175 3144 2238 3198 δὲ
2280 3144 2356 3215 τῷ
2394 3139 2607 3229 πλούτῳ
2655 3146 2718 3218 τῇ
2763 3162 2822 3199 τε

1670 3234 2402 3359 2’5‘3‘21'31232⁹‘ff‘3“ffi‘
2427 3218 2823 3356 ιζῖνοέξΐξὶἱῖ

2561 3326 2578 3357 2

1669 3364 1730 3417 ιιι
1763 3361 1872 3417 hoc
1903 3360 2133 3416 animali
2169 3358 2446 3427 (murena)
2483 3358 2822 3417 documenta

1669 3433 1934 3489 saevitiae
1963 3430 2165 3487 Vedius
2189 3431 2383 3494 Pollio,
2423 3447 2590 3499 eques
2619 3430 2821 3515 Roma·

1669 3522 1790 3573 uus,
1830 3522 1898 3559 ex
1937 3504 2132 3559 amicis
2159 3502 2279 3557 divi
2296 3504 2560 3572 Augusti,
2589 3502 2822 3559 vivariis

1670 3593 1860 3633 earum
1909 3576 2245 3657 immergens
2293 3573 2560 3629 damnata
2612 3574 2819 3631 manci·

1668 3650 1778 3718 pia.
1783 3648 1816 3676 ‘⁴
1892 3646 1974 3701 cf.
2012 3644 2190 3701 Tacit.
2228 3645 2456 3707 Ann.1,
2501 3645 2582 3699 10

1741 3718 1807 3775 V.
1833 3718 1879 3773 1.
1919 3717 2132 3787 sortito]
2169 3722 2321 3773 sorte
2349 3734 2392 3770 s.
2418 3716 2542 3787 lege
2565 3720 2819 3771 naturae.

1669 3791 1754 3847 De
1800 3789 2082 3845 discordis.
2125 3788 2185 3844 lu
2223 3806 2388 3844 orum
2435 3793 2495 3843 et
2545 3804 2820 3858 agnorum

1667 3862 1740 3919 cf.
1778 3860 1938 3917 Hom.
1979 3860 2041 3915 ll.
2083 3860 2134 3915 X
2306 3860 2410 3914 263
2447 3877 2532 3929 sq.
2561 3890 2626 3899 -—
2653 3858 2820 3913 Hibe-

1667 3934 1822 4003 ricis]
1857 3951 1926 3987 ex
1961 3936 2152 4002 sparto
2189 3900 2492 4001 Hispanico
2528 3930 2712 3986 tortis.
2749 3958 2820 3971 -

1661 4004 1902 4074 peruste]
1941 4004 2030 4073 Ep
2033 4005 2120 4059 ist.
2153 4003 2196 4065 Ι,
2222 4004 2306 4068 16,
2328 4004 2416 4057 47.
2459 4002 2647 4059 Urunt
2669 4002 2820 4057 enim

1667 4077 1901 4132 vulnera
1945 4022 2196 4158 fli’gellia
2220 4074 2390 4129 facta.
2437 4104 2506 4114 —
2555 4071 2819 4143 compede]

1667 4148 1735 4202 In
1773 4164 1941 4218 prosa
1977 4147 2235 4203 oratione
2261 4146 2502 4201 usitatus
2527 4146 2680 4199 solus
2708 4144 2823 4199 fuit

1671 4219 1905 4289 pluralis
1931 4236 2220 4287 numerus;
2251 4218 2440 4300 aptior
2459 4217 2672 4287 utique,
2693 4232 2820 4271 cum

1669 4290 2029 4361 compedibus
2081 4290 2250 4361 pedes
2307 4289 2596 4358 utrimque
2643 4286 2822 4343 vincti

1667 4363 2198 4446 constringerentur.
2297 4360 2506 4415 Poetae
2573 4360 2820 4431 primum

1667 4434 1755 4489 usi
1791 4440 1924 4489 sunt
1967 4434 2216 4489 ablativo
2255 4432 2574 4503 singularis,
2623 4434 2821 4501 posteo

1667 4506 1838 4561 etiam
1904 4506 2127 4561 enetivo
2153 4508 2210 4559 et
2245 4504 2583 4561 accusativo.
2613 4532 2674 4543 ·-
2705 4518 2821 4557 an·

1665 4523 1984 4646 helmger
2012 4577 2058 4643 Ι,
2083 4576 2136 4647 2,
2159 4576 2246 4633 25.
2282 4575 2328 4646 1,
2365 4578 2418 4645 4,
2455 4572 2818 4645 6631·oein-
