3092 5059
1609 238 1687 307 18

519 430 580 491 9.
641 430 739 493 De
783 429 945 494 artis
973 429 1258 509 poeticae
1312 433 1526 493 aetate
1564 428 1659 492 nil
1704 432 1971 492 constat.
2003 423 2011 432 '
2060 424 2217 506 (Sed
2258 430 2329 491 tu
2372 423 2523 489 vide
2566 422 2651 488 ad
2695 424 2833 491 Art.

639 543 805 621 poet.
851 537 1121 621 praefat.
1165 542 1228 601 et
1269 537 1553 602 tabulam
1599 536 1966 617 chronolog.
2012 534 2097 600 ad
2139 555 2197 600 a.
2242 554 2303 599 u.
2348 554 2401 599 e.
2448 534 2616 613 745.)

637 650 732 713 De
799 648 1034 731 ordine,
1097 666 1221 730 quo
1292 649 1583 714 carmina
1642 668 1811 713 nunc
1872 666 1989 730 per
2033 645 2232 712 libros
2276 644 2601 729 disposita
2638 644 2835 710 habe-

437 778 595 835 mus,
661 756 784 823 hoc
837 756 997 822 mihi
1061 756 1286 823 videor
1329 757 1653 823 affirmare
1698 776 1909 839 posse,
1956 775 2102 821 eum
2164 774 2294 821 non
2356 774 2509 821 casu
2555 753 2834 837 quodam

437 866 676 933 factum
720 866 836 932 sed
903 866 1109 950 ipsius
1170 873 1401 952 poetae
1447 866 1721 933 consilio
1766 886 1843 932 ac
1884 866 2213 931 voluntate
2267 864 2626 930 institutum
2672 882 2835 929 esse.

434 975 704 1041 Videtur
746 976 920 1040 enim
967 981 1156 1059 poeta
1184 975 1576 1041 Maecenatis
1620 976 1899 1059 gratiam
1944 982 2008 1040 et
2048 973 2403 1040 amicitiam
2448 973 2643 1039 etiam
2689 974 2832 1037 loco

436 1104 563 1168 quo
629 1084 918 1150 carmina
983 1083 1068 1149 ad
1133 1084 1446 1168 optimum
1509 1090 1849 1170 patronum
1915 1083 2282 1168 conscripta
2351 1082 2521 1149 inter
2584 1081 2835 1164 reliqua

434 1193 742 1259 librorum
787 1192 1076 1258 carmina
1123 1193 1483 1270 collocavit,
1531 1193 1857 1259 illustrare
1899 1192 2199 1260 voluisse.

635 1301 886 1368 Primus
925 1300 1292 1367 Caminum
1334 1302 1500 1368 liber
1541 1303 1664 1368 duo
1708 1301 1906 1368 habet
1948 1302 2237 1369 carmina
2281 1300 2367 1366 ad
2397 1300 2833 1367 Maecenatem

437 1412 696 1495 scripta,
743 1432 798 1477 c.
846 1414 878 1476 1
925 1418 989 1476 et
1036 1432 1088 1477 c.
1133 1413 1236 1475 20.
1283 1412 1380 1477 Ea
1424 1417 1640 1477 autem
1682 1411 1901 1495 posita
1942 1419 2089 1477 sunt
2129 1412 2196 1475 in
2238 1409 2446 1476 initiis
2490 1409 2725 1494 prioris
2770 1414 2837 1475 et

437 1520 817 1604 posterioris
881 1520 1084 1603 partis
1150 1520 1333 1595 libri;
1407 1528 1677 1603 utraque
1742 1521 1913 1585 enim
1958 1540 2109 1604 pars
2164 1519 2362 1585 habet
2407 1520 2485 1583 19
2530 1518 2835 1584 carmina.

437 1628 611 1696 Bene
652 1630 901 1695 notavit
943 1629 1095 1694 Luc.
1141 1628 1369 1694 Muller
1403 1628 1583 1709 (edit.
1632 1630 1696 1705 2)
1738 1648 1797 1712 p.
1831 1628 2023 1693 XIX:
2072 1628 2449 1708 „Horatium
2492 1628 2561 1693 in
2604 1626 2833 1710 primis

437 1758 665 1803 novem
709 1737 897 1803 huius
954 1737 1105 1802 libri
1148 1738 1465 1821 poematis
1510 1736 1787 1803 diversis
1832 1738 2069 1821 ubique
2110 1757 2297 1803 usum
2341 1756 2485 1803 esse
2527 1735 2833 1817 numeris,

435 1848 736 1913 nimirum
777 1854 850 1912 ut
887 1848 1103 1911 statim
1151 1847 1295 1931 ipsa
1338 1844 1749 1933 πολυμετρίᾳ
1791 1847 2097 1913 lectorum
2141 1846 2391 1912 animos
2445 1846 2652 1931 lyrico
2698 1864 2833 1910 car-

444 1958 602 2022 mini
647 1956 1093 2023 adsuefaceret
1136 1962 1200 2022 et
1244 1956 1639 2021 conciliaret.
1724 1956 1911 2022 Nova
1952 1962 2165 2022 autem
2212 1962 2276 2021 et
2318 1954 2541 2021 aliena
2582 1954 2667 2019 ab
2710 1952 2835 2036 hie,

439 2085 604 2149 quae
652 2067 722 2131 in
764 2066 987 2131 limine
1025 2070 1243 2150 operis
1274 2066 1505 2150 posuit,
1537 2072 1742 2131 metra
1780 2064 2078 2132 adhibuit
2114 2070 2431 2147 quattuor,
2476 2083 2604 2129 non
2649 2064 2839 2149 plura

440 2180 504 2241 et
549 2176 811 2259 quidem
854 2175 1248 2241 carminibus
1291 2175 1440 2239 VI.“

637 2286 820 2351 Alter
865 2283 1234 2349 Car-minum
1272 2285 1437 2351 liber
1478 2285 1823 2369 plurimam
1867 2290 2115 2369 partem
2158 2304 2377 2349 eorum
2422 2281 2835 2365 comprehen-

439 2394 554 2475 dit,
600 2413 766 2477 quae
811 2392 896 2459 ad
939 2396 1181 2461 amicos
1225 2396 1474 2479 scripta
1515 2402 1699 2476 sunt3
1759 2401 1953 2477 atque
1998 2396 2165 2460 inter
2212 2394 2291 2458 13
2336 2391 2651 2459 eiusmodi
2696 2410 2834 2457 car-

442 2505 618 2569 mina
660 2505 791 2569 tria
858 2511 1008 2569 sunt
1071 2504 1155 2569 ad
1197 2502 1635 2570 Maecenatem
1686 2503 1860 2587 data,
1927 2523 2097 2586 quae
2140 2502 2397 2586 quidem
2444 2502 2663 2568 omnia
2704 2503 2833 2581 (12.

439 2613 540 2676 17.
585 2610 695 2695 20)
760 2618 824 2676 et
888 2614 952 2677 in
1017 2614 1222 2679 altera
1283 2620 1466 2696 parte
1531 2612 1685 2678 libri
1728 2613 2136 2697 reperiuntur
2196 2618 2261 2678 et
2330 2619 2531 2677 totum
2597 2610 2827 2677 librum

441 2719 750 2787 claudunt
794 2720 874 2805 (c.
919 2721 1048 2805 20).

639 2828 898 2897 Tertius
934 2830 1301 2897 Garminum
1344 2832 1507 2899 liber
1552 2831 1747 2898 habet
1792 2833 1874 2897 30
1918 2831 2207 2899 carmina
2250 2832 2318 2898 in
2346 2830 2559 2913 iisque
2589 2830 2719 2895 tria
2748 2826 2835 2893 ad
2938 2905 2948 2916 ο

440 2940 876 3006 Maecenatem
920 2939 1005 3022 (c.
1051 2942 1109 3005 8.
1160 2942 1257 3005 16.
1303 2942 1435 3015 29).
1481 2940 1581 3005 Ex
1624 2940 1727 3007 his
1772 2961 1969 3006 unum
2012 2940 2095 3019 (c.
2132 2940 2230 3021 16)
2272 2940 2645 3005 inferiorem
2687 2958 2834 3020 par-

439 3050 567 3114 tem
611 3050 808 3114 totius
852 3050 1005 3114 libri
1050 3050 1276 3134 aperit,
1336 3050 1609 3116 alterum
1658 3051 1737 3133 (c.
1787 3052 1855 3130 8)
1898 3050 2174 3117 mediam
2217 3048 2441 3115 sedem
2484 3048 2835 3133 superioris

440 3160 645 3243 partis
691 3159 1050 3243 occupavit,
1093 3158 1353 3224 tertium
1393 3160 1474 3240 (c.
1522 3160 1631 3239 29)
1672 3160 1824 3225 libri
1868 3160 2055 3242 quasi
2102 3178 2335 3241 agmen
2378 3157 2639 3241 claudit,
2685 3176 2835 3222 nam

441 3266 616 3351 quod
657 3276 860 3336 restat
901 3292 952 3335 c.
999 3270 1080 3333 30
1124 3288 1252 3333 non
1300 3276 1430 3334 tam
1473 3269 1667 3335 huius
1712 3269 1913 3336 solius
1969 3269 2121 3334 libri
2165 3287 2359 3350 quam
2404 3266 2597 3333 trium
2641 3267 2832 3333 libro-

439 3397 582 3442 rum
646 3377 836 3444 finem
899 3377 1076 3442 facit.
1171 3379 1245 3443 In
1309 3378 1517 3445 fronte
1583 3379 1735 3444 libri
1804 3380 2031 3444 maluit
2074 3379 2390 3444 collocare
2438 3396 2676 3459 magna
2718 3375 2838 3441 illa

441 3485 522 3551 de
571 3488 780 3553 salute
825 3488 1109 3553 civitatis
1155 3468 1462 3555 carmina.

639 3590 910 3673 Epodon
957 3593 1125 3659 liber
1164 3592 1360 3659 habet
1408 3595 1483 3657 17
1515 3595 1808 3660 carmina
1850 3594 1917 3659 in
1959 3594 2171 3677 iisque
2210 3596 2253 3659 4
2282 3594 2369 3660 ad
2400 3594 2836 3661 Maecenatem

444 3697 625 3783 data3
699 3720 778 3766 ea
819 3708 1038 3767 autem
1079 3702 1175 3767 ita
1218 3702 1542 3787 disposita
1584 3703 1887 3787 reperien,
1933 3711 2005 3769 ut
2044 3724 2242 3770 unum
2285 3703 2562 3788 primam
2612 3702 2836 3769 sedem

443 3808 575 3893 (ep.
624 3807 708 3891 1),
754 3810 1026 3875 alterum
1069 3812 1349 3878 mediam
1394 3821 1520 3897 (ep.
1566 3814 1631 3892 9)
1676 3813 1980 3891 obtineat,
2028 3815 2281 3896 reliqua
2325 3813 2451 3879 duo
2498 3812 2667 3877 inter
2706 3811 2835 3895 pri-

443 3940 614 3984 mam
659 3924 722 3984 et
763 3919 1045 3985 mediam
1090 3920 1220 4006 (ep.
1252 3922 1318 4003 3)
1361 3928 1555 4005 atque
1600 3924 1768 3989 inter
1808 3921 2081 3989 mediam
2126 3929 2193 3988 et
2232 3930 2584 3989 extremam
2614 3920 2837 3987 sedem

441 4028 569 4123 (ep.
616 4027 721 4113 14)
765 4029 1082 4097 collocata
1126 4033 1272 4098 sint.
1321 4030 1565 4097 Gravia
1609 4041 1673 4098 et
1713 4053 1941 4099 severa
1988 4033 2273 4099 carmina
2318 4032 2447 4119 (ep.
2496 4034 2550 4099 1.
2588 4028 2657 4115 9)
2702 4031 2838 4116 pri·-

439 4157 609 4203 mam
653 4144 718 4203 et
756 4138 1032 4204 mediam
1075 4141 1294 4207 sedem
1337 4149 1750 4225 occuparunt,
1812 4144 2032 4209 iocosa
2073 4149 2138 4208 et
2182 4143 2405 4228 lepida
2448 4140 2572 4227 (ep.
2620 4142 2677 4205 3.
2728 4139 2833 4221 14)

440 4248 814 4314 intermixta
857 4256 1021 4315 sunt.

641 4355 772 4422 Sat.
803 4358 914 4423 lib.
961 4358 992 4423 I
1035 4358 1230 4427 habet
1279 4362 1354 4425 10
1393 4361 1660 4441 satiras3
1707 4382 1870 4445 quas
1913 4382 2056 4427 cum
2102 4362 2168 4426 in
2212 4360 2377 4427 duaa
2422 4367 2487 4426 et
2528 4357 2834 4442 aequales

437 4472 656 4551 partes
701 4465 1054 4543 disieceris,
1110 4467 1364 4534 videbis
1419 4472 1759 4553 utriusque
1811 4470 2016 4555 partis
2068 4470 2257 4535 initia
2312 4468 2565 4537 duabus
2607 4467 2827 4535 satiris

442 4577 600 4642 data
641 4596 803 4658 esse,
848 4576 1084 4670 quibus
1129 4576 1566 4644 Maecenatem
1611 4587 1807 4663 poeta
1847 4579 2199 4662 alloquitur
2240 4578 2388 4658 (sat.
2440 4581 2491 4642 l.
2544 4576 2632 4662 6).
