3092 5059
1060 219 1180 286 DE
1223 219 1455 288 ARTE
1498 219 1892 288 POETIGA.

2555 223 2676 286 649

382 402 685 483 Litibus
734 407 1225 508 implicitum3
1280 411 1622 486 mirabor
1671 411 1738 486 si
1789 412 1979 488 sciet
2027 411 2263 488 inter-

281 563 359 605 m
382 529 720 609 Noseere
770 535 1221 612 mendacem
1275 561 1700 636 verumque
1752 537 2020 614 beatus
2069 536 2422 612 amicum.

382 655 499 731 Tu
550 683 681 734 seu
733 658 1043 737 donaris
1099 687 1233 737 seu
1285 661 1474 761 quid
1528 661 1820 738 donare
1875 661 2084 738 voles
2139 661 2284 758 eui,

380 779 645 856 Nolito
698 783 802 858 ad
854 811 1115 861 versus
1166 787 1309 862 tibi
1352 787 1602 862 factos
1655 787 1942 863 ducere
1993 785 2308 884 plenum

380 904 792 985 Laetitiae:
842 909 1205 988 elamabit
1254 913 1457 988 enim
1516 911 1928 1009 „Pulchrel
1978 911 2224 988 Bene!
2275 912 2508 986 Recte
2527 905 2595 984 1“

380 1030 755 1108 Palleseet
804 1059 1037 1136 super
1086 1037 1231 1134 his,
1284 1037 1517 1114 etiam
1569 1036 1896 1114 stillabit
1947 1035 2214 1112 amieis

279 1185 356 1226 ιω
381 1155 499 1230 Ex
552 1157 795 1234 oeulis
846 1185 1127 1258 rorem,
1180 1161 1421 1258 saliet,
1472 1161 1750 1239 tundet
1798 1161 2002 1262 pede
2050 1173 2358 1238 terram,

378 1282 487 1360 Ut
529 1285 664 1382 qui
712 1284 1070 1362 conducti
1121 1289 1433 1389 plorant
1480 1288 1564 1363 in
1615 1289 1911 1382 funere,
1961 1285 2226 1362 dieunt

377 1408 475 1483 Et
524 1409 823 1486 faciunt
876 1437 1123 1511 prope
1166 1411 1392 1513 plura
1436 1412 1878 1488 dolentibus
1933 1436 2029 1488 ex
2077 1411 2361 1502 animo,
2417 1411 2525 1485 sie

378 1533 695 1611 Derisor
742 1561 929 1612 vero
980 1535 1156 1635 plus
1205 1537 1609 1614 laudatore
1659 1551 2034 1614 movetur.

379 1660 626 1757 Reges
680 1659 1039 1738 dicuntur
1088 1661 1351 1737 multis
1403 1687 1688 1759 urgere
1739 1660 2045 1738 eulullis

276 1817 355 1856 ωε
378 1784 477 1858 Et
526 1797 891 1884 torquere
932 1811 1171 1883 mero,
1219 1813 1447 1887 quem
1504 1787 1991 1889 perspexisse
2041 1786 2418 1883 laborant,

378 1906 509 1983 An
557 1909 659 1984 sit
706 1911 1048 1986 amicitia
1098 1911 1415 2011 dignus:
1466 1914 1532 1988 si
1579 1914 1922 1990 earmina
1973 1911 2280 2008 condes,

378 2033 791 2133 Nunquam
837 2050 915 2112 te
962 2036 1241 2114 fallant
1282 2039 1524 2114 animi
1572 2039 1714 2113 sub
1763 2037 2000 2138 vulpe
2050 2038 2394 2114 latentes.

382 2157 757 2254 Quintilio
804 2162 866 2236 si
920 2161 1107 2260 quid
1152 2164 1543 2262 recitares,
1601 2161 1979 2262 „Corrige
2027 2161 2254 2238 sodes

275 2435 695 2572 ἓὲξιὲἰῧῗῖῗ
730 2417 1243 2548 &25:035325:
1261 2423 1419 2547 Ἢ

274 2566 505 2624 strictis,
531 2561 753 2616 nodosis
779 2563 1003 2627 litibus:
1040 2565 1191 2620 idem
1226 2569 1420 2633 postea

272 2637 561 2702 repertum
592 2634 654 2687 in
677 2633 894 2690 duobus
926 2635 1087 2690 codd.
1124 2653 1239 2690 non
1274 2637 1420 2706 opti·

273 2721 399 2758 mae
432 2709 616 2759 notae.
652 2705 1006 2776 Receperunt
1038 2707 1245 2778 Haupt.
1282 2707 1419 2763 Mei-

274 2775 400 2831 nek.
490 2776 773 2832 Eokstein.
859 2779 1083 2836 Linker.
1162 2779 1418 2835 Mueller.

272 2847 468 2901 Lehrs.
532 2847 759 2918 Keller„
818 2867 933 2904 non
989 2851 1259 2922 Krueger.
1324 2855 1421 2905 aut

274 2918 593 2974 Doederlin.
648 2927 747 2976 aut
796 2921 1168 2978 Weissenfels.
1218 2953 1283 2962 —-
1334 2923 1418 2976 in-

272 2991 587 3061 ternoscere]
622 2991 751 3047 vide
786 2993 859 3048 ad
892 2995 1007 3050 Sat.
1050 2995 1096 3059 Ι,
1136 2997 1189 3059 2,
1224 2995 1309 3048 62.
1351 3023 1417 3034 —-

274 3061 533 3126 Pulchre,
587 3063 739 3119 Bene
752 3102 767 3128 ‚
816 3064 999 3136 Recte]
1043 3066 1417 3135 Peerlkamp:

273 3133 929 3275 gaiussntgpiffzkeqigiritffiir
952 3139 1207 3264 ‘eligantia
1238 3155 1419 3276 3:1qu

272 3293 383 3330 non
443 3277 643 3332 dubito
692 3279 827 3348 quin
873 3280 1140 3335 Horatius
1196 3282 1419 3335 inverso

271 3347 471 3402 ordine
494 3348 713 3404 dederit
745 3353 910 3406 recte!
946 3351 1103 3407 bene!
1129 3351 1417 3420 pidehreffl

270 3419 429 3474 Idem
467 3422 718 3490 repperit
760 3422 876 3478 Fea
914 3423 973 3476 in
1010 3424 1127 3478 eod.
1164 3424 1418 3478 Romano

270 3490 559 3547 Vaticano.
653 3492 799 3548 Cave
848 3495 1115 3562 sequaris,
1174 3512 1305 3550 nam
1358 3494 1419 3547 in

272 3563 503 3632 vulgata
556 3564 795 3619 lectione
844 3565 935 3620 vel
986 3565 1155 3620 habes
1217 3565 1417 3636 grada-

271 3635 503 3702 tionem,
540 3635 637 3690 sed
674 3637 847 3691 aliam
888 3643 1057 3706 atque
1092 3655 1215 3693 eam
1251 3654 1421 3706 quam

272 3705 489 3760 Peerlk.
536 3707 733 3777 voluit,
777 3709 866 3764 vel
912 3709 1053 3763 nihil
1092 3710 1201 3762 nisi
1238 3709 1419 3763 varia·

268 3778 485 3832 tionem
540 3779 875 3834 blandarum
930 3781 1419 3846 exclamationum,

270 3865 411 3917 quas
482 3855 851 3907 assentatores
924 3870 1037 3907 non
1098 3869 1289 3907 omnes
1348 3852 1419 3905 si·

268 3920 387 3974 mul
444 3921 751 3988 effundunt,
806 3925 905 3979 sed
958 3926 1019 3978 in
1072 3925 1242 3980 aliam
1290 3928 1420 3992 post

270 3992 439 4046 aliam
476 4001 791 4063 erumpunt.
842 4025 907 4035 —
954 3997 1231 4065 pallescet]
1270 3996 1419 4065 „pal-

270 4062 419 4117 lidus
454 4061 551 4118 fiet
586 4083 713 4118 oum
746 4067 1170 4122 admiratione.“
1210 4067 1417 4123 Comm.

270 4135 437 4203 Gruq.
511 4135 859 4206 Tragoediae
940 4140 1209 4194 recitatae
1282 4138 1417 4193 loeis

270 4213 487 4260 terrore
538 4225 597 4261 se
652 4209 945 4276 impletum
994 4211 1297 4264 simulabit.
1350 4239 1415 4250 -

268 4278 461 4345 rorem]
502 4277 665 4333 Ovid.
702 4279 834 4334 Met.
861 4279 1009 4348 x1v,
1034 4283 1155 4334 ⁷08.
1188 4309 1255 4322 -·-
1294 4297 1418 4337 con·

269 4348 453 4418 dueta]
502 4349 631 4404 vide
682 4351 755 4405 ad
794 4351 971 4405 Carm.
1009 4351 1083 4419 ΙΙ,
1121 4356 1207 4412 20,
1242 4355 1311 4405 22
1336 4369 1417 4421 sq.

270 4449 340 4462 --
376 4420 607 4491 derisor]
645 4421 819 4476 falsus
856 4423 1130 4477 laudator.
1166 4423 1349 4493 Epist.
1375 4424 1419 4492 Ι,

276 4493 361 4559 18,
402 4495 486 4546 11.
538 4523 603 4533 —
649 4493 821 4564 reyes]
867 4493 997 4548 vide
1041 4494 1114 4548 ad
1160 4495 1339 4548 carm.
1376 4495 1419 4563 Ι,

268 4566 323 4631 4,
362 4566 443 4618 14.
490 4593 552 4604 -
605 4565 870 4636 torquere]
921 4564 994 4621 ef.
1030 4563 1211 4636 Epist.
1250 4566 1295 4634 Ι,
1336 4568 1421 4634 18,

1516 2423 1601 2476 38.
1645 2451 1706 2461 -
1747 2421 1986 2488 culullis]
2023 2419 2154 2474 vide
2191 2420 2265 2475 ad
2302 2420 2483 2475 Carm.
2509 2419 2554 2488 Ι,
2581 2422 2670 2487 31,

1517 2495 1600 2547 11.
1655 2523 1718 2533 -
1769 2491 1994 2562 fallant]
2054 2491 2432 2561 Peerlkamp.:
2508 2491 2668 2561 „Ego

1515 2565 1666 2634 quod
1715 2565 1775 2618 in
1825 2565 1950 2620 aliis
1995 2562 2151 2618 MSS.
2211 2563 2420 2634 legitur
2474 2563 2671 2630 fallent

1514 2637 1771 2706 praefero
1807 2637 2038 2706 vulgato
2073 2635 2294 2703 fallant.
2329 2635 2388 2690 Si
2413 2635 2668 2690 earmina

1512 2708 1720 2764 condes
1738 2708 1990 2762 earmina
2017 2707 2228 2762 facient
2245 2707 2398 2776 quod
2419 2706 2668 2762 vinum.“

1516 2780 1914 2834 Assentiuntur
1972 2777 2178 2834 Keller.
2248 2785 2308 2834 et
2365 2778 2668 2848 Eckstein„

1513 2869 1628 2906 non
1685 2850 1926 2919 Miiller„
1981 2850 2224 2921 Kriiger.
2277 2848 2668 2918 Weissenfels„

1514 2923 1614 2992 qui
1652 2923 2065 2977 eoniunetivum
2087 2921 2432 2992 praeferunt.
2458 2951 2526 2962 —
2549 2922 2667 2976 vul-

1507 2993 1602 3064 pe]
1625 2994 1716 3048 Sic
1734 2992 1886 3048 Pers.
1913 2994 1965 3062 5,
1990 2995 2117 3046 117:
2159 2995 2460 3061 „Astutam
2478 3010 2667 3048 servas

1513 3065 1712 3136 rapido
1750 3065 1853 3120 sub
1885 3071 2110 3134 pectore
2146 3065 2426 3134 vulpem.“
2479 3064 2668 3120 Peerl-

1514 3138 1728 3206 kamp.:
1771 3137 1854 3206 „si
1895 3137 2091 3205 vulpes
2130 3141 2275 3190 esset
2311 3137 2520 3192 animal
2555 3137 2666 3191 sin-

1514 3227 1704 3264 eerum
1723 3215 1780 3262 et
1805 3208 2120 3273 madidum,
2147 3213 2299 3263 reete
2323 3225 2666 3278 opponeren-

1512 3287 1610 3334 tur
1657 3280 1902 3335 fallaces.
1979 3279 2140 3334 Nune
2187 3279 2329 3335 dicit
2370 3279 2664 3335 Horatius:

1512 3351 1768 3406 homines
1817 3351 2056 3406 latentes
2115 3351 2216 3406 sub
2271 3350 2455 3405 forma
2504 3351 2666 3406 falla-

1514 3424 1664 3478 cium
1722 3441 2012 3492 nunquam
2075 3428 2135 3478 te
2196 3422 2414 3477 fallent.
2505 3422 2666 3490 Quod

1513 3496 1783 3564 ineptum.
1858 3493 2066 3550 Latere
2108 3494 2206 3548 sub
2243 3493 2424 3562 alique
2457 3510 2517 3549 re
2553 3512 2667 3549 non

1514 3566 1682 3621 aliter
1713 3566 1848 3636 poni
1884 3570 2087 3635 potest.
2128 3565 2252 3620 Liv.
2289 3565 2334 3632 Ι,
2373 3567 2460 3619 56.
2501 3564 2663 3621 ovid.

1514 3641 1642 3692 Am.
1678 3638 1722 3700 Ι,
1759 3639 1811 3700 8,
1856 3639 1980 3692 104:
2031 3652 2280 3705 „venena
2331 3636 2512 3692 latent
2561 3637 2666 3692 sub

1514 3709 1734 3764 melle“.
1771 3709 1862 3764 Ita
1914 3709 2068 3778 quod
2107 3709 2265 3775 latet,
2302 3709 2459 3777 peius
2494 3713 2582 3763 est
2609 3714 2667 3764 et

1514 3782 1657 3835 latet
1691 3782 1792 3836 sub
1826 3780 2010 3836 forma
2043 3779 2384 3850 pulchriore,
2423 3785 2488 3834 ut
2523 3781 2665 3835 alios

1514 3853 1776 3921 decipiat.
1815 3851 1876 3906 Si
1913 3852 2037 3921 quis
2073 3852 2177 3906 sub
2217 3852 2385 3920 vulpe
2421 3852 2577 3916 latet,
2619 3853 2666 3907 is

1514 3925 1708 3978 statim
1779 3923 2220 3993 deprehenditur
2279 3925 2414 3992 quia
2467 3925 2664 3994 vulpes

1514 4001 1652 4050 nota
1698 4001 1784 4050 est
1831 3996 2040 4050 animal
2087 3993 2526 4050 fraudulentum.
2594 3996 2664 4050 In

1513 4066 1751 4121 Horat-io
1787 4084 1891 4135 pro
1927 4068 2088 4134 vulpe
2123 4066 2481 4122 scribendum
2517 4066 2664 4122 arbi-

1512 4145 1636 4192 tror
1673 4139 1829 4207 pelle,
1873 4155 1977 4208 pro
2027 4138 2204 4192 animi
2254 4143 2438 4193 autem
2485 4139 2665 4194 amica

1513 4215 1572 4264 et
1617 4209 1960 4278 transposita
2010 4209 2447 4280 praepositione:
2515 4226 2662 4264 nun-

1512 4297 1675 4350 quam
1717 4287 1769 4336 te
1815 4281 2008 4346 fallent
2057 4281 2154 4336 sub
2201 4280 2381 4336 amica
2409 4281 2550 4352 pelle
2585 4282 2662 4336 Ζα-

1512 4353 1737 4407 tentee.“
1799 4351 2022 4408 Miiller.
2061 4353 2372 4421 suspieatus
2409 4357 2495 4406 est
2529 4353 2661 4408 seri-

1512 4423 1757 4478 bendum
1799 4441 1918 4478 esse
1953 4424 2051 4478 sub
2090 4424 2245 4487 nube,
2291 4423 2364 4478 ef.
2401 4424 2583 4494 Epist.
2617 4425 2663 4494 Ι,

1517 4498 1602 4559 16,
1651 4497 1736 4550 62.
1791 4523 1858 4534 -
1904 4493 2197 4565 Quintilio]
2252 4494 2418 4550 Hune
2466 4514 2662 4551 verum

1514 4568 1772 4622 criticum
1813 4568 2146 4624 assentatori
2187 4568 2438 4637 opponit.
2515 4567 2660 4624 Vide
