3092 5059
1100 182 1263 251 LIB.
1310 184 1419 250 IV.
1466 182 1718 251 CARM.
1763 184 1904 251 VH.

2591 190 2716 255 263

714 372 1049 449 Reddidi
1098 399 1405 448 carmen
1457 372 1730 447 docilis
1789 373 2198 450 modorum

913 498 1127 574 Vatis
1177 497 1482 575 Horati.

1217 846 1601 935 CARMEN
1668 848 1836 934 VII.

510 1016 913 1114 Diffugere
966 1017 1203 1112 nives,
1258 1015 1584 1091 redeunt
1633 1016 1787 1090 iam
1836 1016 2190 1114 gramina
2236 1018 2527 1117 campis

718 1141 1303 1241 Arboribusque
1356 1167 1654 1237 comae3

293 1398 821 1526 {23:3131323011230
856 1398 1464 1525 tq¹²95¹¹¹⁰m³232⁰¹²32¹32

296 1542 581 1625 coniunge
620 1558 751 1596 oum
784 1472 1093 1611 ”22th
1108 1512 1289 1613 lucesJ'
1314 1542 1462 1612 dies3

294 1631 405 1685 per
464 1614 719 1669 triduum
784 1613 935 1669 enim
1002 1619 1061 1669 et
1126 1614 1461 1670 trinoctium

294 1684 579 1741 celebrari
634 1684 893 1741 solebant
947 1686 1069 1741 ludi
1129 1686 1455 1741 saeculares.

296 1756 373 1814 cf.
412 1756 470 1811 C.
508 1756 561 1811 S.
598 1757 669 1810 28
708 1775 790 1827 sq.
838 1787 905 1797 —
952 1756 1193 1828 reddidi]
1226 1763 1292 1813 ut
1327 1757 1459 1812 infr.

299 1832 389 1897 11,
429 1830 517 1882 35.
557 1858 619 1867 -
658 1829 805 1885 vatia
838 1828 1065 1899 Horati]
1111 1828 1285 1884 Gravi
1334 1846 1461 1884 cum

296 1900 360 1955 vi
410 1899 471 1954 in
514 1898 627 1955 fine
672 1918 877 1955 nomen
918 1902 1169 1971 positum
1219 1904 1320 1955 est.
1395 1901 1461 1955 ln

294 1973 423 2042 ipso
474 1975 665 2025 autem
714 1972 939 2028 nomine
992 1972 1227 2029 Horatii
1277 1972 1460 2043 digni-

296 2043 439 2099 tatis
465 2042 684 2112 aliquid
711 2042 991 2100 iuvenisse
1013 2044 1240 2099 videtur
1275 2049 1462 2113 poeta,

298 2115 569 2185 quoniam
630 2114 730 2169 ubi
790 2116 910 2171 sine
974 2115 1298 2172 laudatione
1356 2132 1454 2170 no-

296 2204 431 2241 men
488 2202 651 2240 suum
706 2187 1040 2257 simpliciter
1100 2186 1311 2243 inferre
1363 2204 1459 2241 vo-

300 2259 431 2327 luit,
464 2256 735 2313 Flaccum
782 2276 844 2314 se
894 2258 1207 2329 appellavit
1252 2257 1457 2329 (Epod.

303 2333 390 2394 15,
427 2330 511 2382 12.
551 2328 665 2383 Sat.
694 2329 767 2398 H,
802 2331 851 2399 1,
882 2332 997 2401 18);
1038 2328 1137 2385 ubi
1170 2329 1457 2385 blandien-

298 2406 385 2457 tes
431 2400 640 2457 scribas
687 2401 947 2486 designat
964 2442 978 2471 ,
1033 2401 1241 2456 blando
1282 2402 1455 2456 etiam

298 2472 939 2617 mmmm}
975 2472 1141 2616 ἓξὲξ.
1166 2474 1241 2600 ¹}
1278 2474 1461 2599 ‘1³:1⁸3'

586 2585 601 2599 .
1143 2585 1156 2599 .
1222 2586 1239 2615 ,
1350 2586 1365 2615 ,
1440 2586 1453 2599 .

658 2656 945 2715 Carmen
986 2658 1104 2714 vn.

372 2754 639 2811 Videmus
676 2772 745 2810 ex
781 2773 834 2810 v.
864 2757 955 2825 23,
992 2755 1063 2811 ad
1102 2754 1453 2825 Torquatum

295 2828 543 2912 aliquem
584 2827 856 2911 scriptum
894 2844 1012 2883 esse
1061 2826 1167 2883 hoc
1205 2845 1455 2910 carmen3

298 2898 1057 3029 30⁰3.33¹?152‡313⁶2.¹22¹:
1102 2905 1455 3040 &5¹23ssss

298 3044 419 3099 eius
468 3040 617 3096 filius
655 3042 751 3111 qui
798 3048 929 3098 ante
976 3060 1027 3097 a.
1064 3060 1117 3097 u.
1156 3059 1204 3098 c.
1252 3043 1357 3097 709
1394 3043 1454 3097 in

298 3113 575 3184 Hispania
618 3113 852 3177 occidit,
899 3113 1134 3169 haerent
1178 3114 1239 3169 in
1368 3132 1453 3169 re-

297 3193 405 3254 tes,
448 3184 522 3239 ad
568 3202 737 3254 quem
782 3186 959 3241 alium
993 3186 1269 3241 Manlium
1365 3204 1455 3240 or-

299 3262 535 3327 quatum
590 3256 867 3328 scriptum
915 3275 1035 3313 esse
1083 3275 1306 3313 carmen
1352 3274 1454 3327 pu-

298 3333 440 3385 tent.
540 3328 685 3383 Nam
754 3346 937 3398 neque
997 3329 1067 3384 de
1129 3330 1241 3383 alio
1302 3328 1452 3384 illius

296 3399 503 3456 Manlii
538 3398 657 3455 filio
692 3417 875 3469 neque
926 3400 997 3457 de
1031 3418 1101 3455 ne
1143 3405 1237 3456 ote
1271 3418 1453 3470 neque

300 3472 529 3529 omnino
567 3471 637 3527 de
671 3472 791 3526 ullo
836 3470 949 3527 alio
999 3490 1069 3527 ex
1146 3490 1213 3527 oc
1248 3490 1453 3544 genere

301 3544 603 3615 quicquam
653 3543 815 3598 nobis
860 3544 1137 3599 traditum
1182 3548 1283 3599 est.
1368 3546 1455 3599 Ae

296 3634 371 3671 ne
406 3616 455 3670 is
494 3614 719 3685 quidem
742 3616 879 3670 satis
915 3615 1147 3671 idoneus
1176 3620 1261 3671 est
1286 3633 1453 3685 quem

298 3706 369 3743 ex
405 3686 673 3742 Suetonio
711 3688 821 3741 viri
867 3686 1017 3743 docti
1053 3688 1165 3743 hue
1206 3692 1451 3743 transtu·

296 3760 515 3826 lerunt,
590 3758 649 3814 C.
722 3758 935 3813 Nonius
1006 3762 1319 3829 Asprenas,
1381 3759 1452 3813 ab

296 3834 559 3902 Augusto
630 3834 834 3900 torque
894 3830 1133 3885 donatus
1197 3836 1255 3887 et
1314 3829 1452 3885 Tor·

300 3903 462 3972 quati
536 3901 867 3972 cognomine
936 3908 1183 3957 ornatus.
1271 3902 1451 3958 Huius

300 3974 448 4049 enim
499 3990 681 4042 neque
727 3972 996 4043 pietatem
1041 3992 1221 4044 neque
1274 3992 1451 4045 genus

299 4046 377 4173 gv.
422 4044 547 4114 23),
610 4061 930 4114 quanquam
996 4046 1189 4101 consul
1255 4050 1451 4116 postea

322 4121 483 4173 actus
520 4120 625 4186 est,
659 4120 953 4188 tantopere
998 4116 1230 4173 laudare
1302 4118 1451 4173 otuit

300 4188 585 4245 Horatius.
669 4187 856 4243 Possis
908 4188 1079 4243 etiam
1134 4189 1203 4246 de
1296 4190 1449 4245 {lam

298 4261 489 4330 aliquo
540 4259 649 4315 Tor
684 4264 817 4315 nato
862 4260 1113 4331 cogitare
1159 4279 1229 4315 ex
1277 4260 1453 4315 Iunia

298 4337 496 4405 gente3
553 4330 625 4387 cf.
712 4331 841 4386 acit-
890 4332 1037 4387 Ann.
1088 4330 1189 4401 111,
1228 4334 1316 4401 24,
1354 4332 1451 4387 ubi

298 4404 511 4461 mentio
556 4401 791 4457 inicitur
842 4402 907 4458 D.
946 4402 1140 4473 Silani,
1193 4404 1253 4459 in
1294 4405 1454 4475 nepti

300 4474 545 4547 Augusti
581 4473 843 4541 adulteri,
880 4479 938 4529 et
972 4476 1091 4529 eius
1135 4474 1331 4530 fratris
1368 4476 1451 4531 M.

298 4544 497 4616 Silani,
534 4546 633 4615 qui
680 4562 817 4616 „per
860 4546 1139 4619 insignem
1189 4546 1453 4605 nobilita·

1557 1402 1674 1453 tem
1735 1403 1794 1453 et
2112 1399 2212 1453 ‘am
2285 1400 2716 1470 praecellebat.“

1557 1470 1775 1526 Deinde
1813 1470 1869 1525 C.
1907 1470 2145 1533 Silanus,
2181 1473 2484 1541 proconsul
2524 1472 2712 1541 Asiae,

1555 1541 1997 1612 repetundarum
2063 1559 2098 1596 a
2163 1542 2328 1598 sociis
2392 1544 2715 1613 postulatur

1558 1613 1707 1685 apud
1743 1613 1922 1668 Tacit.
1961 1614 2062 1678 111,
2097 1615 2186 1681 66,
2237 1615 2336 1685 qui
2381 1616 2531 1670 idem
2583 1616 2711 1671 Tor-

1557 1690 1757 1754 quates
1801 1684 1930 1751 fuit,
1979 1702 2113 1739 nam
2154 1685 2273 1741 eius
2309 1702 2471 1741 soror
2507 1687 2579 1758 (ο.
2619 1686 2712 1757 69)

1557 1761 1644 1811 est
1688 1758 1992 1827 Torquate,
2043 1757 2207 1828 virgo
2244 1758 2506 1827 Vestalis,
2553 1776 2712 1827 quae,

1557 1832 1624 1883 ut
1657 1832 1817 1899 patet
1854 1847 1924 1884 ex
1962 1828 2332 1898 inscriptione
2371 1830 2580 1901 aliqua,
2617 1848 2712 1884 an-

1555 1918 1658 1955 nos
1695 1903 1766 1956 64
1801 1905 1938 1955 nata
1984 1899 2238 1955 decessit.
2310 1900 2390 1955 Et
2426 1900 2483 1957 C.
2522 1900 2712 1957 Silano

1556 1989 1722 2027 causa
1759 1972 1914 2027 dicta
1949 1976 2036 2025 est
2070 1989 2120 2025 a.
2158 1989 2210 2026 u.
2262 1988 2309 2027 c.
2347 1974 2470 2027 775.
2543 1972 2711 2028 Prae-

1554 2048 1712 2098 terea
1763 2043 1915 2113 apud
1977 2042 2157 2098 Tacit.
2218 2044 2368 2099 Ann.
2423 2042 2553 2112 XV,
2606 2046 2710 2099 35:

1556 2114 1908 2185 „Torquatus
1959 2113 2188 2169 Sae'lanue
2238 2115 2384 2170 mori
2445 2114 2718 2187 adigitur,

1557 2184 1690 2255 quia
1727 2204 1894 2256 super
1918 2185 2114 2240 Iuniae
2139 2184 2390 2242 familiae
2424 2186 2710 2242 claritudi-

1555 2274 1685 2312 nem
1711 2258 1778 2313 D.
1807 2259 2128 2325 Augustum
2167 2260 2398 2313 atavum
2435 2258 2708 2314 ferebat.“

1553 2329 1610 2383 Is
1646 2328 1760 2384 fuit
1797 2328 1989 2384 consul
2025 2346 2076 2384 a.
2115 2347 2168 2383 u.
2206 2346 2251 2384 c·
2291 2332 2414 2385 806.
2489 2329 2712 2385 Primus

1557 2399 1991 2471 Torquatorum,
2029 2401 2128 2469 qui
2165 2400 2226 2455 in
2263 2401 2540 2457 familiam
2572 2401 2711 2457 Sila·

1555 2490 1760 2527 norum
1807 2477 2064 2542 receptus
2113 2476 2215 2538 est,
2264 2472 2376 2527 fuit
2412 2473 2479 2528 D.
2518 2473 2712 2529 Iunius

1557 2544 1778 2598 Silanus
1825 2544 2172 2613 Manlianus,
2218 2542 2282 2599 T.
2327 2544 2526 2600 Manlii
2573 2544 2709 2600 Tor-

1560 2617 1719 2685 quati
1764 2614 1931 2680 filius,
1978 2635 2012 2671 a
2058 2617 2126 2671 D.
2164 2615 2326 2671 Iunio
2376 2616 2566 2672 Silano
2615 2618 2711 2673 ad·

1557 2692 1810 2758 optatus3
1868 2694 1922 2742 et
1973 2692 2203 2758 praetor
2250 2688 2362 2743 fuit
2407 2706 2458 2744 a.
2521 2690 2622 2743 142
2659 2708 2708 2745 a.

1558 2760 1685 2815 Chr.
1739 2759 1850 2815 Cic.
1897 2758 2022 2814 Fin.
2067 2760 2116 2829 Ι,
2165 2762 2216 2815 7.
2291 2759 2555 2830 Quisquis
2615 2779 2710 2817 au-

1553 2838 1670 2887 tem
1719 2836 1818 2897 est,
1877 2830 1948 2886 ad
1997 2832 2232 2887 eundem
2285 2832 2422 2887 data
2483 2832 2713 2888 videtur

1553 2903 1715 2973 epist.
1753 2902 1798 2987 1,
1837 2904 1888 2965 5,
1927 2906 1986 2957 et
2045 2902 2156 2957 fuit
2210 2901 2377 2959 homo
2423 2902 2596 2959 hilari
2644 2922 2712 2961 ac

1551 2974 1776 3029 liberali
1813 2974 2019 3029 anim0.
2064 2973 2328 3029 Continet
2363 2978 2554 3030 autem
2590 2993 2709 3033 car-

1551 3064 1682 3101 men
1745 3063 1838 3101 eas
1890 3046 2260 3117 cogitationes
2279 3087 2294 3115 ,
2361 3064 2496 3115 quas
2550 3048 2710 3105 verni

1551 3118 1822 3187 temporis
1867 3118 2083 3173 reditus
2129 3123 2330 3187 poetae
2387 3118 2708 3188 suppedita-

1550 3190 1670 3257 vit3
1695 3193 2058 3258 comparatur
2082 3188 2316 3244 humani
2339 3190 2564 3259 generis
2589 3190 2710 3246 vita

1551 3278 1678 3316 cum
1717 3261 1848 3315 anni
1884 3260 2288 3317 vicissitudine.
2361 3261 2516 3315 Anni
2565 3265 2704 3317 tem·

1549 3349 1692 3402 pora
1749 3332 2004 3400 redeunt,
2055 3350 2170 3387 non
2222 3332 2402 3401 vitae,
2461 3350 2607 3401 quae
2659 3334 2708 3387 si

1549 3408 1782 3475 peracta
1832 3408 1919 3458 est
1968 3404 2028 3457 in
2081 3408 2417 3474 perpetuum
2465 3402 2706 3475 aufugit.

1549 3478 1601 3530 A
1659 3478 1843 3530 morte
1894 3492 2077 3544 neque
2144 3476 2386 3531 virt-ntes
2452 3474 2705 3531 homines

1550 3546 1878 3611 defendunt,
1918 3564 2098 3617 neque
2133 3547 2340 3603 amoris
2375 3552 2476 3603 aut
2515 3547 2704 3621 amici-

1549 3619 1666 3673 tiae
1700 3622 1952 3688 potestas
1991 3618 2278 3673 liberabit.
2317 3621 2534 3689 Aperte
2579 3632 2708 3677 conv-

1546 3690 1675 3745 silio
1725 3690 1996 3745 Horatius
2043 3694 2438 3761 argumentum
2484 3695 2542 3746 et
2591 3691 2706 3761 pri·

1549 3762 1790 3817 mariam
1823 3762 2162 3817 sententiam
2213 3763 2284 3817 iis
2332 3762 2586 3817 versibus
2622 3763 2704 3817 in·

1547 3834 1780 3902 dicavit,
1838 3834 1936 3902 qui
1981 3832 2224 3889 mediam
2269 3833 2532 3889 carminis
2577 3850 2704 3903 par·

1546 3910 1664 3961 tem
1701 3908 1980 3975 occupant
2023 3904 2140 3973 (vv.
2184 3904 2434 3972 13—16).
2509 3904 2705 3961 Simile

1547 3983 1636 4032 est
1681 3976 1864 4031 Carm.
1913 3976 1958 4044 1,
2007 3976 2060 4031 4.
2148 3976 2426 4031 Referunt
2480 3992 2706 4033 carmen

1547 4049 1647 4104 alii
1684 4049 1757 4103 ad
1783 4066 1834 4103 a.
1864 4050 1971 4103 734
2004 4048 2093 4103 vel
2122 4050 2246 4115 735,
2271 4047 2370 4102 alii
2399 4047 2472 4101 ad
2501 4065 2550 4101 a.
2582 4048 2706 4101 ⁷38.

1625 4119 1688 4174 V.
1729 4122 1774 4175 1.
1821 4119 1998 4190 nives]
2036 4118 2281 4175 Pluralis
2317 4136 2582 4175 numerus
2620 4123 2704 4175 ta·

1550 4191 1702 4251 lium,
1746 4192 1916 4247 etiam
1966 4209 2158 4247 rerum
2208 4194 2528 4261 usurpatur,
2570 4209 2703 4260 qua-

1551 4280 1678 4319 rum
1713 4268 1920 4317 natura
1955 4280 2082 4317 eum
2119 4280 2412 4319 numerum
2457 4279 2571 4317 non
2607 4262 2702 4317 ad-

1552 4334 1765 4403 mitt-it;
1840 4338 1900 4390 et
1965 4352 2131 4391 causa
2199 4334 2426 4405 quidem
2495 4334 2704 4405 duplex

1554 4410 1656 4475 est,
1701 4406 2048 4461 concinnitas
2093 4406 2362 4462 orationis
2406 4411 2464 4463 et
2507 4406 2568 4461 in
2613 4424 2704 4463 ea-

1553 4477 1682 4532 dem
1718 4495 1782 4532 re
1825 4477 2078 4532 locorum
2123 4478 2213 4533 vel
2259 4480 2574 4549 temporum
2615 4478 2700 4535 di-

1555 4548 1811 4607 versitas.
1885 4548 2200 4619 Utrumque
2234 4549 2292 4605 h.
2327 4550 2366 4606 1.
2401 4552 2573 4609 valet.
2629 4550 2702 4607 ef.
