3092 5059
403 193 484 258 34
1377 190 1837 260 CARMINUM

701 378 893 455 Sunt
945 404 1136 479 quos
1185 380 1569 456 curriculo
1620 380 2025 476 pulverem
2076 378 2570 479 Olympicum

700 503 1124 602 Collegisse
1173 506 1388 580 iuvat
1439 519 1798 603 metaque
1850 504 2169 581 fervidis

644 659 669 697 ⁵
703 628 1008 705 Evitata
1058 631 1248 705 rotis
1295 628 1713 728 palmaque
1756 628 2036 704 nobilis

701 754 1116 830 Terrarum
1163 754 1516 831 dominos
1572 753 1828 831 evehit
1872 754 1974 829 ad
2025 753 2247 851 deos3

703 879 958 977 Hunc,
1013 880 1078 954 si
1127 880 1526 955 mobilium
1580 881 1807 955 turba
1858 879 2275 971 Quiritium

705 1006 967 1083 Certat
1017 1005 1462 1104 tergeminis
1515 1003 1787 1081 tollere
1839 1004 2298 1103 honoribus3

397 1177 566 1231 minis
601 1178 842 1232 ornavit.
915 1177 1131 1232 Deinde
1167 1178 1346 1233 altero
1384 1196 1549 1232 versu

399 1249 560 1304 addit
597 1266 755 1303 suam
791 1266 918 1303 cum
953 1249 1276 1305 Maecenate
1313 1251 1549 1305 necessi-

399 1320 678 1387 tudinem;
705 1320 1066 1390 praesidium,
1087 1322 1351 1390 quoniam
1373 1322 1547 1376 Hora-

398 1392 512 1446 tius
561 1391 898 1447 Maecenatis
952 1394 1132 1449 tutela
1187 1394 1260 1447 ab
1323 1394 1553 1449 summis

401 1464 714 1533 quibusque
778 1464 1097 1519 hominibus
1164 1465 1280 1519 eius
1352 1466 1555 1519 aetatis

401 1542 656 1604 receptus
695 1540 779 1591 est
815 1535 1016 1601 (Carm.
1041 1536 1112 1604 11,
1141 1539 1224 1603 17,
1250 1535 1336 1605 4);
1373 1536 1555 1605 decus,

400 1608 663 1677 quoniam
700 1625 905 1677 magno
936 1607 1046 1663 sibi
1081 1624 1202 1663 esse
1235 1608 1438 1662 honori
1475 1609 1554 1661 vi-

400 1678 504 1747 dit,
561 1678 712 1748 quod
767 1696 800 1733 a
851 1684 1015 1733 tanto
1071 1680 1194 1734 viro
1253 1685 1554 1734 amaretur.

401 1750 580 1820 Epist.
618 1750 663 1819 1,
703 1753 749 1817 1,
792 1752 912 1804 103.
950 1753 1001 1819 7,
1032 1753 1117 1805 12.
1154 1780 1224 1791 -
1259 1756 1392 1805 sunt
1423 1767 1558 1820 quos

400 1821 580 1892 iuvat]
615 1822 964 1877 Indicativus
991 1822 1188 1877 modus
1207 1823 1360 1892 apud
1383 1823 1557 1877 verba

401 1898 532 1949 sunt
550 1894 645 1963 qui
667 1898 894 1963 praeter
919 1894 1068 1949 huno
1096 1894 1183 1949 his
1206 1894 1366 1949 locis:
1407 1894 1559 1949 infra

401 1983 455 2017 v.
482 1966 626 2032 19.1,
649 1968 699 2033 7,
716 1968 766 2020 5.
789 1965 903 2020 Sat.
925 1966 971 2029 Ι,
993 1970 1045 2033 4,
1067 1968 1155 2018 24.
1177 1966 1247 2034 H,
1273 1969 1320 2033 1,
1346 1970 1388 2020 1.
1409 1966 1486 2035 II,
1505 1970 1558 2035 4,

401 2036 488 2089 47.
508 2037 693 2091 Aliter
713 2036 827 2092 Sat.
844 2037 889 2105 Ι,
905 2039 958 2105 2,
981 2040 1066 2091 28.
1087 2038 1132 2105 Ι,
1153 2040 1206 2105 4,
1229 2041 1298 2091 74
1313 2055 1394 2107 sq.
1418 2038 1557 2092 Con-

402 2108 684 2163 iunctivus
721 2113 844 2163 tum
881 2110 1108 2179 legitur,
1143 2126 1272 2165 cum
1301 2127 1414 2163 non
1439 2114 1558 2164 tam

401 2196 518 2234 esee
560 2179 776 2249 aliquid
823 2180 1142 2235 ostenditur
1177 2198 1347 2250 quam
1393 2182 1558 2250 quale

403 2250 539 2319 quid
576 2252 653 2306 sit
688 2252 1040 2307 describitur.
1091 2253 1158 2307 In
1194 2254 1330 2307 locis
1367 2258 1559 2307 autem

401 2321 532 2377 huic
551 2322 827 2377 similibus
847 2329 978 2378 sunt
996 2340 1128 2393 quos
1147 2324 1292 2379 nihil
1303 2328 1388 2378 est
1403 2324 1559 2379 aliud

400 2392 509 2447 nisi
554 2395 786 2463 aliquos,
826 2412 1000 2464 quare
1039 2394 1190 2449 infra
1227 2395 1393 2450 facile
1429 2396 1556 2449 sub-

401 2464 656 2536 iungitur
709 2466 874 2534 huam
925 2466 1094 2521 illum.
1147 2496 1212 2507 —
1267 2466 1555 2537 cuniculo]

403 2536 439 2590 i.
477 2554 522 2591 e.
562 2554 746 2593 curru.
787 2536 880 2593 Sic
903 2538 1053 2607 apud
1079 2538 1240 2593 ovid.
1267 2538 1434 2593 Triet.
1461 2537 1557 2607 IV,

401 2610 454 2675 8,
497 2610 596 2663 36:
663 2609 811 2677 „Nec
853 2611 1048 2678 procul
1107 2628 1140 2665 a
1189 2612 1370 2679 metis,
1419 2627 1557 2679 quae

400 2697 578 2749 paene
615 2685 806 2735 tenere
831 2680 1082 2745 videbar,
1105 2682 1392 2737 Curriculo
1427 2698 1555 2751 gra-

404 2751 490 2805 vis
535 2757 620 2807 est
661 2752 814 2808 facta
858 2754 1022 2808 ruina
1067 2753 1243 2807 meo.“
1293 2782 1360 2793 --
1404 2754 1551 2823 pulv.

407 2822 488 2878 Ol.
525 2824 724 2893 colleg]
763 2824 801 2877 i.
839 2841 885 2879 e.
924 2823 1060 2879 ferri
1103 2842 1270 2879 curru
1306 2841 1408 2895 per
1445 2828 1557 2879 sta-

405 2894 561 2949 dium
586 2894 966 2964 Olympicum;
1005 2913 1136 2951 nam
1171 2896 1436 2967 colligere
1473 2901 1557 2950 eet

403 2967 666 3030 excitare,
706 2984 904 3037 cogere
941 2966 1079 3033 (Sat.
1116 2967 1160 3036 Ι,
1186 2971 1240 3036 4,
1275 2969 1385 3037 31).
1417 2968 1556 3021 Ani-

403 3038 690 3093 madverte
748 3039 1042 3109 enallagen
1105 3039 1370 3095 adiectivi
1429 3040 1557 3108 (pro

404 3110 676 3165 curriculo
737 3109 1014 3180 Olympico
1075 3112 1346 3178 pulverem
1406 3112 1557 3165 colle-

402 3180 585 3251 qt‘see),
634 3198 777 3251 quae
831 3183 904 3236 ad
951 3182 1266 3251 exemplum
1319 3182 1557 3237 Graeco—

403 3270 532 3307 rum
549 3252 768 3308 Latinis
804 3253 986 3322 poetis
1015 3254 1132 3309 eius
1161 3255 1365 3309 aetatis
1395 3254 1559 3309 valde

443 3323 648 3394 lacuit5
705 3324 774 3379 cf.
834 3324 984 3380 infra
1043 3325 1224 3381 Carm.
1274 3326 1318 3393 Ι,
1367 3328 1418 3393 3,
1470 3328 1557 3379 40.

433 3436 448 3465 ,
471 3398 524 3464 6,
547 3398 630 3449 14.
666 3396 712 3465 1,
733 3398 821 3463 20,
843 3396 892 3450 9.
931 3397 975 3465 I,
994 3399 1084 3465 31,
1102 3400 1152 3453 9.
1188 3398 1231 3465 I,
1259 3398 1347 3466 37,
1367 3398 1418 3451 6.
1455 3396 1558 3461 ΙΠ,

409 3468 494 3536 16,
532 3468 617 3522 84.
655 3467 755 3534 111,
793 3468 880 3537 21,
920 3472 1003 3523 19.
1041 3469 1220 3538 Epist.
1259 3469 1332 3538 11,
1363 3470 1559 3531 1,177.

405 3536 568 3593 Hom.
605 3538 670 3593 Il.
710 3538 778 3603 V,
806 3541 926 3593 741.
965 3540 1223 3624 Euripid.
1261 3540 1462 3595 Troad.
1502 3543 1556 3595 1:

405 3606 1555 3755 .ε;1..1ῖ.;.“.1;.;-;..1”

407 3757 528 3806 tum
568 3771 686 3808 esse
722 3753 934 3821 dicunt,
972 3759 1037 3810 ut
1077 3755 1258 3811 Carm.
1279 3756 1326 3819 Ι,
1354 3758 1444 3826 34,
1471 3760 1557 3811 16.

405 3822 482 3892 Π,
525 3826 607 3894 12,
647 3828 728 3879 17.
781 3824 880 3893 111,
918 3829 971 3896 2,
1007 3828 1092 3882 30.
1131 3830 1184 3896 4,
1220 3830 1304 3883 52.
1349 3832 1430 3897 11,
1470 3832 1555 3882 15.

408 3896 495 3964 20,
526 3899 610 3951 11.
631 3898 720 3965 23,
752 3898 832 3951 17.
868 3900 946 3951 19.
986 3900 1074 3966 29,
1106 3902 1189 3955 16.
1214 3902 1310 3968 43;
1349 3902 1410 3954 in
1435 3901 1559 3969 qui·

407 3968 510 4021 bus
560 3968 873 4037 perfectum
917 3975 1136 4039 tempus
1187 3976 1288 4027 aut
1338 3972 1557 4026 absolu·

408 4043 525 4094 tam
559 4039 810 4109 aliquam
845 4058 964 4097 rem
1000 4046 1100 4097 aut
1135 4044 1298 4099 unius
1347 4044 1430 4097 rei
1471 4061 1557 4097 re-

406 4110 738 4180 petitionem
763 4113 908 4167 solet
939 4113 1204 4169 indicare.
1239 4114 1305 4168 H.
1329 4115 1364 4170 1.
1393 4114 1557 4169 intel-

407 4182 616 4253 legitur
651 4184 736 4239 vis
777 4184 1016 4253 perfecti
1061 4204 1128 4241 ex
1165 4188 1340 4243 verbo
1374 4187 1554 4254 iuvem

409 4254 614 4309 etenim
659 4256 888 4311 excitati
933 4260 993 4313 et
1035 4257 1255 4315 collecti
1308 4258 1557 4328 pulveris

408 4324 724 4381 recordatio
760 4332 926 4399 grata
963 4333 1060 4383 est.

481 4396 544 4452 V.
581 4398 633 4453 4.
667 4404 914 4469 metaque
945 4398 1083 4467 serv.
1121 4400 1246 4455 evit.
1283 4399 1441 4470 rotis]
1489 4399 1559 4453 In

409 4486 472 4523 eo
495 4486 709 4525 summa
729 4471 1176 4541 conspiciebatur
1196 4471 1428 4540 aurigae
1447 4488 1557 4539 ars,

409 4544 472 4594 ut
501 4542 854 4611 rapidissimo
895 4560 1058 4597 cursu
1097 4559 1262 4610 quam
1303 4544 1557 4611 proxime

1645 1177 1719 1232 ad
1756 1182 1965 1232 metam
2002 1177 2309 1245 accederet,
2348 1194 2574 1232 currum
2616 1182 2813 1233 tamen

1646 1267 1757 1303 non
1790 1249 2054 1305 illideret.
2094 1248 2164 1305 cf.
2196 1252 2267 1304 A.
2286 1249 2347 1303 P.
2384 1252 2505 1305 412.
2547 1250 2712 1305 Hom.
2741 1250 2813 1305 11.

1646 1320 1852 1386 xxm,
1878 1320 1979 1374 351
1995 1338 2115 1390 sqq.
2139 1350 2205 1359 —
2231 1321 2443 1391 palma]
2472 1321 2696 1393 signum
2726 1322 2811 1376 vi·

1649 1392 1889 1460 etot-iam
1929 1392 2109 1447 Germ.
2140 1391 2232 1448 IV.
2262 1394 2314 1459 2,
2348 1396 2430 1447 17.
2468 1392 2567 1456 ΠΙ,
2600 1396 2687 1460 20,
2722 1396 2809 1449 12.

1647 1463 1751 1533 Ep.
1782 1463 1854 1532 II,
1880 1467 1924 1532 1,
1955 1466 2071 1519 181.
2112 1464 2326 1517 Nobilis
2365 1482 2431 1519 ea
2466 1466 2811 1534 appellatur,

1649 1536 1784 1605 quia
1820 1535 1971 1604 apud
1992 1536 2231 1590 Graecos
2272 1536 2422 1603 olym
2464 1536 2678 1592 ionicae
2716 1537 2811 1591 di-

1648 1608 1781 1733 13110
1810 1624 1988 1733 {repe
2010 1607 2221 1733 1101ῗὲἷο
2224 1607 2465 1733 ‹131¹ng
2464 1608 2782 1692 nubebantur
2784 1650 2813 1734 ἰ

1648 1698 1668 1732 1
1710 1696 1775 1733 eo
1873 1696 1924 1733 01
1966 1700 1978 1732 :
2018 1694 2103 1734 eve
2498 1697 2656 1748 quasi
2692 1696 2781 1733 0111

1649 1750 1787 1805 facti
1806 1756 2081 1805 terrarum
2098 1750 2319 1805 domini.
2358 1750 2522 1805 Ovid.
2548 1769 2615 1806 ex
2640 1751 2810 1807 Pont.

1646 1822 1696 1890 Ι,
1722 1824 1774 1890 9,
1812 1823 1909 1875 36:
1954 1822 2285 1890 „Tmmm
2320 1822 2573 1877 dominos
2593 1862 2607 1876 .
2632 1865 2642 1876 .
2666 1824 2807 1877 colis

1649 1894 1767 1964 ipse
1812 1893 1989 1948 deos!
2064 1894 2145 1947 Et
2203 1893 2366 1947 huius
2428 1894 2538 1949 loci
2592 1910 2809 1949 memor

1650 1965 1876 2034 scripsit
1923 1965 2173 2019 Iuvenal.
2227 1968 2274 2027 1,
2312 1966 2407 2019 38:
2464 1968 2559 2034 „in
2598 1967 2809 2021 caelum

1650 2052 1781 2103 quoe
1816 2036 1987 2091 evehit
2026 2036 2241 2106 optima
2276 2038 2479 2091 summi
2518 2054 2668 2091 nunc
2710 2038 2809 2091 via

1648 2109 1989 2177 processus.“
2066 2108 2203 2163 Luc.
2240 2108 2456 2163 Anach.
2516 2112 2583 2163 10
2644 2106 2813 2179 ,ὁρᾷς

1649 2178 1747 2233 τὸν
1782 2176 2079 2246 νικήσαντα
2116 2173 2349 2233 ἰσόθεον
2383 2176 2809 2253 νομιζόμενον“.

1649 2251 1801 2306 Βο110
1836 2253 2009 2306 etiam
2052 2257 2415 2321 comparatur
2449 2252 2692 2306 Pindari
2728 2253 2811 2305 lo·

1650 2340 1744 2377 cus
1786 2323 1943 2378 Nem.
1982 2322 2049 2387 V,
2085 2326 2155 2377 75
2194 2340 2273 2407 sq.
2316 2325 2426 2391 (41.
2467 2323 2555 2393 Β.)
2597 2320 2716 2393 „Tb
2754 2324 2809 2375 δ’

1650 2398 1859 2464 Αἰγίνᾳ
1894 2395 2074 2461 θεοῦ,
2112 2390 2449 2466 Εὐθυμενες,
2490 2401 2551 2448 Ν
2556 2400 2701 2453 ίκας
2738 2394 2812 2449 ἐν

1649 2460 2048 2534 ἀγκώνεσσι
2084 2468 2295 2521 numan
2334 2468 2601 2520 ποικίλων
2636 2467 2811 2534 ἔψαυ-

1652 2555 1755 2597 σας
1790 2532 2031 2608 ὕμνων.“
2108 2537 2301 2593 Senec.
2341 2538 2503 2593 Herc.
2551 2538 2663 2591 fur.
2704 2540 2808 2591 170

1651 2609 1856 2749 affl
1889 2609 2089 2751 111εὲ1
2118 2608 2624 2751 smum
2658 2609 2809 2735 3133

1651 2751 1929 2806 tumidum
1995 2752 2143 2807 tollit
2210 2753 2416 2807 inani.“
2512 2753 2811 2821 „Ceterum

1646 2824 1855 2894 palma,
1922 2828 2065 2879 teste
2120 2823 2285 2878 Livio
2362 2825 2432 2885 X,
2488 2826 2577 2878 47.
2652 2829 2807 2879 certo

1653 2895 1896 2964 quodam
1924 2900 2178 2965 tempore
2213 2896 2408 2951 addita
2446 2902 2530 2951 est
2566 2912 2805 2951 coronae

1653 2966 1973 3037 oleaginae:
2032 2984 2271 3035 quarum
2318 2968 2458 3023 haec
2510 2968 2685 3037 capiti
2725 2968 2809 3023 vi·

1653 3039 1824 3093 ctoris
1850 3038 2121 3108 Olympici
2160 3039 2573 3109 imponebatur,
2610 3040 2711 3093 illa
2746 3040 2809 3092 in

1654 3111 1941 3165 dexteram
1974 3111 2271 3165 dabatur.“
2311 3110 2537 3166 Gan-che.
2576 3111 2644 3165 cf.
2664 3110 2809 3165 Pau·

1654 3198 1768 3237 san.
1808 3182 1957 3250 VIII,
1994 3182 2081 3250 48,
2115 3184 2177 3235 2:
2232 3183 2323 3252 „35
2366 3183 2431 3235 δὲ
2476 3178 2576 3247 τὴν
2626 3177 2812 3243 δεξιάν

1654 3254 1769 3307 ἔστι
1823 3258 1915 3306 καὶ
1961 3255 2247 3325 πανταχοῦ
2290 3255 2367 3325 τῷ
2416 3254 2635 3308 νικῶντι
2678 3254 2807 3313 ἐςτι-

1654 3330 1897 3396 θέμενος
1932 3326 2170 3409 φοῖνιξ.“
2211 3354 2279 3365 -
2316 3326 2487 3395 Μοῦσος
2526 3326 2700 3395 mum]
2734 3325 2809 3379 Hi

1654 3398 1957 3452 accusativx
2004 3398 2125 3466 apti
2184 3401 2315 3451 sunt
2360 3416 2429 3452 ex
2486 3398 2661 3451 verbo
2722 3396 2807 3450 iu-

1653 3474 1773 3536 vat;
1826 3470 1887 3522 in
1925 3485 2036 3537 qua
2072 3469 2378 3524 verborum
2414 3469 2809 3523 coniunctione

1652 3557 1765 3595 non
1802 3546 1889 3595 est
1926 3540 2079 3610 quod
2116 3540 2386 3610 offendas,
2414 3558 2541 3595 cum
2566 3541 2807 3595 alterum

1653 3613 1889 3666 verbum
1943 3612 2108 3669 evehit
2156 3613 2341 3682 ipsum
2408 3612 2569 3681 quasi
2628 3611 2811 3666 subie-

1654 3688 1806 3739 ctum
1850 3684 1928 3738 sit
1971 3684 2243 3753 primario
2292 3684 2462 3739 iuvat.
2518 3712 2585 3723 —
2642 3683 2807 3737 mobi-

1652 3754 1805 3826 lium]
1846 3756 1916 3810 cf.
1953 3754 2003 3809 Ε
2045 3756 2135 3809 ist.
2172 3756 2219 3825 Ι,
2260 3757 2345 3825 19,
2382 3757 2469 3811 37.
2520 3784 2587 3795 -—
2634 3760 2809 3810 emat

1652 3826 1858 3895 tollere]
1922 3828 1988 3880 In
2029 3828 2197 3882 nitivi
2255 3845 2381 3882 oum
2438 3827 2563 3881 aliis
2622 3826 2807 3881 verbis

1654 3899 1939 3954 coniuncti
1974 3916 2107 3953 usus
2134 3898 2285 3969 apud
2316 3903 2511 3969 poetas
2547 3900 2805 3967 frequen·

1652 3970 1927 4025 tissimus:
1968 3988 2035 4026 ac
2068 3971 2317 4040 primum
2354 3970 2579 4039 quidem
2622 3970 2808 4023 verbis

1650 4042 1791 4109 velle,
1841 4043 1999 4109 nolle,
2052 4043 2304 4111 coepisse,
2350 4042 2595 4097 desinere
2656 4041 2807 4095 simi·

1650 4114 1799 4167 libus
1837 4114 2077 4168 fortiora
2114 4120 2172 4168 et
2208 4113 2557 4185 elegantiora
2604 4112 2809 4167 substi-

1652 4189 1847 4253 tuunt;
1894 4186 1973 4240 sic
2023 4184 2177 4239 infra
2210 4202 2263 4239 v.
2299 4186 2365 4238 21
2420 4185 2625 4240 demere
2660 4200 2803 4253 sper-

1648 4256 1755 4323 m’t,
1792 4275 1845 4312 v.
1881 4259 1955 4311 34
1990 4257 2197 4327 refuqit
2232 4256 2473 4319 tendere:
2532 4256 2688 4311 cuius
2724 4256 2806 4310 rei

1650 4327 1905 4397 exempla
1942 4333 2073 4382 sunt
2107 4327 2307 4396 odisse,
2332 4344 2581 4397 parcere,
2616 4326 2802 4381 differ·

1650 4417 1730 4467 re,
1768 4400 1985 4465 timere,
2036 4404 2301 4469 metuere,
2345 4400 2558 4471 fugere,
2600 4398 2803 4467 furere,

1648 4470 1873 4541 gestire,
1936 4472 2177 4538 mittere,
2245 4488 2452 4540 amare,
2522 4487 2805 4541 quaerere,

1650 4542 1919 4598 invidere.
1994 4542 2211 4598 Deinde
2254 4544 2441 4599 solent
2484 4543 2597 4598 duo
2634 4542 2807 4597 verba
