3092 5059
1093 232 1252 300 LIB.
1300 232 1384 299 II.
1427 232 1615 301 SA'P.
1662 233 1780 299 111.

2504 228 2628 295 447

328 426 485 520 Qui
535 427 826 527 species
879 428 1068 505 alias
1120 424 1322 503 veris
1373 422 1844 522 scelerisque
1890 420 2225 497 tumultu

330 552 750 629 Permixtas
803 554 1077 651 capiet,
1137 560 1565 629 commotus
1612 545 2059 641 habebitur3
2113 556 2349 644 atque

231 710 307 749 210
330 673 766 754 Stultitiane
819 690 1044 775 erret,
1099 675 1432 753 nihilum
1485 671 1821 767 distabit,
1873 696 1973 747 an
2022 670 2159 747 ira.

335 801 528 878 Aiax
579 828 750 879 cum
797 802 1222 879 immeritos
1273 798 1577 894 oceidit,
1632 796 1939 895 desipit,
1992 820 2277 895 agnos3

336 928 533 1005 Cum
582 926 924 1027 prudens
977 927 1228 1005 scelus
1279 924 1384 1001 ob
1433 922 1695 999 titulos
1751 920 2167 998 committis
2216 922 2509 1014 inanes,

331 1049 502 1127 Stes
520 1052 780 1129 animo
803 1064 879 1128 et
893 1078 1176 1151 purum
1197 1064 1314 1128 est
1329 1050 1518 1125 vitio
1533 1048 1703 1141 tibi,
1720 1072 1897 1123 cum
1912 1045 2295 1121 tumidum
2308 1058 2442 1143 est,
2465 1047 2633 1120 cor?

333 1174 420 1252 Si
471 1178 644 1275 quis
697 1178 966 1253 lectica
1017 1176 1346 1253 nitidam
1395 1186 1700 1275 gestare
1750 1184 1957 1250 amet
2004 1196 2310 1269 agnam,

233 1338 308 1380 ω
333 1302 540 1379 Huic
589 1317 877 1381 vestem
927 1315 1016 1378 ut
1065 1314 1372 1400 gnatae,
1417 1312 1641 1401 paret
1688 1298 2034 1395 ancillas,
2074 1308 2298 1400 paret
2340 1322 2637 1392 aurum,

331 1428 616 1505 Rufam
667 1441 802 1505 aut
852 1426 1224 1505 Pusillam
1274 1425 1621 1525 appellet
1668 1424 2011 1524 fortique
2060 1423 2335 1499 marito

332 1556 682 1631 Destinet
733 1578 1092 1649 uxorem3
1147 1552 1557 1627 interdicto
1610 1549 1791 1626 huic
1842 1574 2071 1625 omne
2120 1548 2417 1625 adimat
2462 1545 2581 1621 ius

333 1682 656 1757 Praetor
697 1692 776 1755 et
823 1678 926 1753 ad
978 1703 1206 1754 sanos
1255 1676 1482 1753 abeat
1528 1674 1770 1751 tutela
1814 1674 2329 1774 propinquos.-

336 1804 596 1897 Quid?
648 1805 716 1880 si
769 1804 940 1904 quis
994 1815 1305 1903 gnatam
1354 1828 1498 1900 pro
1552 1813 1761 1876 muta
1812 1800 2143 1877 devovet
2190 1824 2415 1897 agna,

240 1930 660 2028 mInteger
709 1942 828 2007 est
873 1929 1166 2007 animi?
1265 1927 1384 2005 Ne
1437 1926 1750 2003 dixeris.
1850 1926 2056 2025 Ergo
2108 1927 2249 2002 ubi
2295 1950 2543 2022 prava

337 2052 700 2153 Stultitia,
747 2054 876 2131 hic
925 2080 1224 2131 summa
1275 2067 1388 2131 est
1434 2054 1767 2150 insania3
1822 2052 1958 2153 qui
2008 2050 2444 2146 sceleratus,

335 2182 432 2257 Et
485 2182 821 2257 furiosus
873 2180 1052 2276 erit3
1111 2203 1343 2280 quem
1395 2178 1601 2279 cepit
1650 2177 1894 2253 vitrea
1934 2177 2169 2273 fama,

335 2307 573 2382 Hunc
627 2305 1166 2381 circumtonuit
1212 2301 1561 2402 gaudens
1609 2301 1937 2380 Bellona
1986 2301 2346 2379 cruentis.

244 2512 402 2569 Veris
440 2512 721 2567 ablativus
758 2514 844 2565 est
879 2510 950 2565 de
993 2528 1104 2579 quo
1131 2527 1396 2580 compara

237 2584 422 2655 Epist.
460 2584 506 2654 Ι,
549 2586 632 2651 16,
669 2586 757 2637 20.
793 2582 866 2648 11,
894 2584 941 2651 1,
979 2584 1102 2636 240.
1139 2582 1395 2638 Eandem

234 2672 472 2725 prorsus
492 2656 921 2725 explicationem
949 2670 1098 2709 nunc
1112 2654 1278 2709 video
1297 2656 1394 2709 ob·

237 2729 412 2783 tineri
453 2746 487 2782 a
522 2726 810 2797 Madvigio
846 2726 1082 2781 Advers.
1106 2725 1176 2779 11.
1213 2742 1270 2795 p.
1295 2730 1395 2781 60:

237 2801 489 2869 „species
527 2817 560 2853 a
593 2800 742 2853 veris
767 2798 1068 2853 diversas.“
1106 2796 1396 2854 Sententia

237 2876 348 2925 est:
393 2872 496 2941 qui
531 2870 742 2940 species
779 2870 966 2939 capiet
997 2869 1230 2924 veritati
1267 2888 1395 2925 con·

239 2944 451 2998 trarias
475 2942 685 3011 (glossa
703 2940 996 3010 antiquiss.
1025 2940 1148 2997 cod.
1175 2942 1398 3013 Bland.)

237 3019 296 3068 et
345 3014 782 3069 conturbatione
833 3013 1016 3067 malae
1067 3013 1396 3083 cupiditatis

237 3086 506 3155 (sceleris,
539 3084 611 3139 cf.
647 3103 701 3139 v.
727 3087 850 3139 213.
875 3083 1097 3155 vitium)
1121 3085 1397 3148 confusas,

239 3158 288 3212 is
342 3162 534 3212 mente
587 3161 787 3226 captus
838 3155 1156 3211 habebitur.
1246 3157 1399 3212 Haec

235 3229 524 3284 sententia
557 3228 786 3283 Aiacem
831 3244 948 3281 non
991 3228 1176 3281 minus
1223 3230 1397 3283 attin·

238 3302 328 3370 git
365 3318 540 3369 quam
576 3302 1072 3370 Agamemnonem,
1120 3316 1224 3354 nec
1257 3317 1398 3371 opus

237 3373 473 3427 videtur
499 3371 902 3426 emendatione.
941 3370 1244 3426 Horkelius
1267 3390 1396 3428 con·

237 3445 401 3499 iecit=
449 3443 752 3511 cerebrique
794 3443 1046 3511 tumultu,
1089 3444 1240 3511 quod
1273 3461 1400 3514 pro·

239 3516 406 3571 bavit
462 3514 744 3569 Lehrsius.
835 3512 908 3569 cf.
967 3514 1150 3569 Carm.
1189 3515 1264 3585 11,
1315 3518 1398 3585 16,

241 3590 329 3643 10.
391 3586 626 3655 Quintil.
664 3586 788 3649 VII,
824 3588 876 3653 2,
911 3587 1008 3640 44:
1049 3588 1174 3655 „An
1212 3588 1401 3653 etiam,

239 3660 292 3713 si
329 3659 493 3713 nulla
533 3658 752 3713 ratione
797 3658 998 3713 ductus
1045 3662 1147 3727 est,
1184 3658 1394 3729 impetu

241 3737 446 3855 raptus
471 3730 652 3855 git-git
685 3729 898 3854 absqule
924 3730 1229 3857 sententias,
1258 3730 1396 3856 lgam

241 3820 320 3857 vu
385 3820 421 3856 o
533 3818 706 3855 elur:
765 3818 974 3856 sceera
1028 3818 1140 3855 non
1233 3822 1268 3857 a
1307 3818 1403 3857 ere

242 3820 596 3929 confiniumf‘
691 3872 862 3927 Recte
915 3874 1028 3928 iam
1072 3874 1400 3929 Ammius:

239 3945 506 4015 „sceleris
544 3944 582 3998 i.
617 3960 664 3999 e.
709 3944 1058 4013 iniquitatis;
1093 3946 1403 4014 permixtas

239 4018 279 4073 i.
321 4035 372 4073 e.
418 4014 698 4085 confusas3
753 4018 1000 4071 tumultu
1042 4018 1080 4071 i.
1115 4034 1165 4072 e.
1208 4018 1402 4072 turba-

239 4088 458 4143 tione.“
500 4116 568 4127 ——·
601 4088 916 4158 commotus]
951 4093 1141 4143 mente
1177 4095 1401 4159 captus3

239 4163 508 4214 movetur
545 4159 760 4213 animus
803 4158 1134 4215 libidinibus
1179 4166 1238 4215 et
1349 4178 1402 4214 r·

239 4232 530 4286 turbatur.
569 4230 641 4286 cf.
658 4247 713 4285 v.
733 4232 854 4285 278.
877 4260 948 4272 --
967 4232 1234 4302 prudens]
1259 4176 1400 4287 gn·

243 4302 402 4357 sulto
439 4322 508 4357 ex
543 4320 596 4357 v.
634 4302 740 4357 206
783 4304 1103 4373 repetitum.
1149 4333 1218 4343 —
1265 4320 1402 4359 com-

239 4372 444 4444 micus]
480 4374 573 4429 Sic
605 4391 720 4428 uno
755 4379 992 4443 excepto
1027 4392 1216 4429 omnes
1243 4376 1404 4430 codd.

242 4446 419 4513 Gruq.
455 4451 514 4501 et
535 4445 654 4511 alii,
683 4462 823 4515 quos
847 4451 914 4500 ut
935 4446 1253 4501 deseramus
1278 4462 1406 4501 cum

241 4516 490 4584 aliisque
533 4518 760 4587 (Haupt.
776 4557 791 4588 ,
845 4517 1102 4587 Meinek.,
1157 4518 1406 4587 Linker.,

243 4588 482 4658 Ritter.‚
497 4588 788 4659 Krueger„
802 4589 1117 4652 Kirchner„
1136 4590 1408 4658 Mueller„

1489 2508 1707 2575 Lehrs„
1746 2509 1991 2577 Holder„
2036 2510 2337 2577 Eckstein.,
2384 2508 2647 2572 Fritsch.,

1490 2582 1757 2653 Kriiger.)
1813 2582 2123 2637 scribamus
2174 2581 2453 2650 admittis,
2499 2580 2645 2635 nihil

1491 2659 1577 2709 est
1620 2654 1773 2723 quod
1816 2654 1996 2724 possit
2042 2654 2292 2709 suadere.
2366 2653 2646 2707 Dicebant

1489 2727 1843 2782 committere
1878 2724 2189 2797 flagitium,
2240 2724 2492 2790 caedem,
2529 2724 2645 2779 fur·

1489 2802 1632 2867 tum,
1687 2798 1917 2866 similia3
1978 2814 2083 2854 nec
2134 2798 2434 2867 quicquam
2489 2812 2644 2851 caco·

1490 2870 1733 2940 phoniae
1788 2870 1919 2923 inde
1978 2870 2259 2939 exoritur,
2314 2868 2466 2939 quod
2525 2884 2647 2923 cum

1491 2941 1779 3012 praecedit
1814 2947 1874 2996 et
1918 2946 2187 3009 quattuor
2222 2941 2477 2996 versibus
2514 2942 2647 2995 ante

1489 3018 1802 3068 commotus.
1849 3040 1918 3053 ·-
1962 3018 2081 3067 stas
2126 3013 2329 3083 auimo]
2374 3012 2517 3067 bene
2548 3028 2648 3081 po·

1489 3085 1649 3139 nitur
1690 3087 1892 3139 contra
1948 3084 2091 3138 illud
2138 3090 2437 3141 commotus
2488 3084 2646 3139 habe·

1491 3156 1657 3211 bitur.
1696 3186 1763 3195 —
1801 3155 1916 3225 cor]
1972 3156 2128 3211 sedes
2172 3156 2553 3211 adfectionum
2588 3158 2649 3209 et

1936 3232 2002 3353 Ἢ
2040 3228 2432 3353 arm-..se
2469 3227 2646 3353 ³22*-

1543 3340 1557 3353 .
1681 3342 1694 3354 .
1800 3317 1906 3354 om.
2008 3340 2020 3353 .
2160 3340 2175 3368 ,
2332 3340 2345 3355 .
2408 3328 2477 3338 —
2586 3316 2648 3353 α-

1492 3372 1612 3459 [am
1636 3377 1736 3426 aut
1762 3371 2049 3459 Pusillam]
2062 3442 2073 3453 α
2086 3373 2313 3427 nomina
2348 3370 2559 3425 blanda
2592 3374 2653 3425 et

1491 3442 2649 3585 'ffi‘iiffissffiffis'ssrlffid'ffisslossxbffii

1493 3585 1867 3641 interdicebat
1901 3591 1959 3641 et
1995 3591 2312 3641 curatorem
2348 3587 2651 3641 constitue-

1493 3658 1597 3713 bat
1634 3676 1703 3713 cx
1743 3659 1978 3729 agnatis.
2006 3658 2077 3713 cf.
2095 3658 2277 3727 Epist.
2297 3659 2341 3727 Ι,
2365 3662 2413 3727 1,
2436 3660 2555 3711 102.
2579 3688 2647 3697 -

1493 3730 1670 3785 vitrea
1707 3730 1887 3798 fama]
1922 3729 2053 3813 vide
2088 3731 2159 3785 ad
2187 3730 2431 3798 Carm.1,
2461 3731 2542 3793 17,
2562 3731 2651 3783 20.

1495 3802 1878 3928 51²⁹ssle
1899 3800 2104 3929 Ἑζὲῗὲ·
2128 3800 2655 3945 ἔξιθεςέῗωῑῌξὲἓ

1495 3961 1683 3999 acrem
1728 3944 2069 4014 Flammam,
2117 3962 2230 3999 non
2287 3962 2478 4000 amens
2528 3962 2649 3999 ver·

1495 4016 1636 4071 bera
1670 4021 1826 4071 torta
1861 4016 2040 4071 timet.
2080 4017 2211 4087 Ipsa
2244 4016 2486 4087 bipenne
2522 4032 2653 4071 suos

1497 4088 1684 4144 caedit
1707 4089 1959 4143 violenta
1996 4090 2235 4143 lacertos
2260 4088 2654 4190 Sanguineque

1498 4160 1673 4215 effuso
1712 4160 1929 4231 spargit
1964 4159 2148 4214 inulta
2182 4161 2381 4215 deam.‘
2466 4160 2651 4232 Signi-

1495 4231 1741 4286 ficantur
1785 4232 2018 4287 fanatici
2062 4250 2131 4287 ex
2184 4232 2321 4287 aede
2366 4232 2651 4303 Bellonae,

1498 4305 1597 4374 qui
1622 4304 1963 4359 furiosorum
1988 4321 2145 4358 more
2160 4304 2430 4358 saltantes
2451 4303 2649 4360 destri-

1499 4375 1605 4431 ctis
1644 4376 1847 4445 gladiis
1896 4392 2013 4429 sese
2058 4376 2448 4444 cruentabant,
2490 4394 2651 4447 prae-

1499 4448 1663 4515 cipue
1698 4464 1746 4502 a.
1785 4446 1838 4501 d.
1861 4446 1959 4501 IX.
2000 4446 2127 4501 Kal.
2161 4446 2365 4515 April„
2400 4448 2498 4517 qui
2532 4447 2651 4503 dies

1497 4518 1633 4573 inde
1666 4518 1961 4588 sanguinis
1996 4518 2115 4573 dies
2150 4518 2559 4589 appellabatur.

1574 4590 1642 4644 V.
1680 4592 1803 4643 224.
1868 4590 1989 4645 Iam
2024 4590 2258 4645 tertium
2294 4608 2471 4661 genus
2506 4590 2651 4646 insa-
