3092 5059
441 236 564 299 382

1415 232 1914 300 SATIRARUM

401 464 417 475 -
457 451 508 491 35
543 417 1024 517 Linquimus,
1077 420 1325 494 insani
1375 419 1715 495 ridentes
1767 419 2111 515 praemia
2154 418 2468 513 scribae,

541 545 1027 619 Praetextam
1083 557 1160 620 et
1209 543 1448 619 latum
1505 544 1803 619 clavum
1862 570 2311 643 prunaeque
2362 541 2740 618 vatillum.

540 668 631 743 In
671 668 1236 743 Mamurrarum
1291 668 1474 743 lassi
1527 668 1809 744 deinde
1862 670 2054 745 urbe
2107 695 2525 765 manemus,

538 792 865 868 Murena
915 794 1330 891 praebente
1380 792 1723 889 domum,
1782 794 2158 892 Capitone
2212 792 2568 869 culinam.

539 920 859 994 Postera
906 916 1040 993 lux
1093 919 1340 993 oritur
1388 919 1631 993 multo
1686 919 2164 1016 gratissima:
2220 944 2553 1018 namque

451 1072 504 1111 ⁴0
539 1044 831 1119 Plotius
885 1056 964 1117 et
1012 1043 1288 1117 Varius
1343 1040 1745 1119 Sinuessae
1796 1043 2339 1143 Vergiliusque

539 1168 992 1265 Occurrunt,
1049 1170 1349 1245 animae
1405 1168 1673 1268 quales
1726 1194 1978 1267 neque
2032 1168 2514 1244 candidiores

537 1296 778 1371 Terra
820 1295 998 1371 tulit
1049 1318 1302 1392 neque
1356 1296 1526 1393 quis
1578 1320 1702 1369 me
1754 1294 1854 1367 sit
1903 1293 2332 1371 devinctior
2382 1295 2600 1370 alter.

539 1419 606 1497 Ο
666 1423 798 1522 qui
850 1419 1296 1517 complexus
1349 1434 1424 1495 et
1475 1418 1758 1515 gaudia
1811 1432 2096 1519 quanta
2144 1420 2495 1495 fuerunt!

535 1542 666 1618 Nil
719 1568 866 1640 ego
921 1543 1368 1619 contulerim
1426 1542 1765 1619 iucundo
1816 1569 2043 1618 sanus
2096 1544 2365 1619 amieo,

451 1700 504 1741 ⁴5
535 1670 904 1745 Proxima
953 1672 1351 1769 Campano
1407 1668 1625 1765 ponti
1677 1692 1875 1767 quae
1925 1667 2196 1743 villula
2246 1680 2528 1745 tectum

437 1933 854 2004 contignatione
879 1950 1220 2003 suspensum,
1247 1935 1306 1989 in
1341 1952 1450 2005 quo
1481 1935 1587 1990 sub

435 2004 742 2059 adventum
777 2005 1064 2075 hospitum
1095 2007 1187 2061 vel
1223 2008 1591 2062 convivarum

435 2078 633 2146 prunis
655 2077 855 2146 positis
879 2076 1100 2132 suffitus
1123 2077 1278 2132 fiat!
1317 2078 1382 2132 In
1407 2080 1588 2133 muni·

441 2148 600 2217 cipiis
615 2153 777 2203 erent
787 2150 1168 2217 quattuor-viri
1181 2150 1316 2217 (iuri
1326 2150 1587 2215 dicundo,

439 2220 694 2275 aedilicia
735 2222 1040 2289 potestate)
1077 2226 1134 2275 et
1179 2220 1289 2275 duo
1334 2227 1589 2289 quaesto·

613 2290 1042 2362 Megistrstibus
1107 2298 1230 2347 erat
1289 2294 1376 2347 ius
1429 2310 1589 2362 prae-

435 2366 624 2417 textae
659 2361 803 2431 (Liv.
842 2363 1096 2431 XXXIV,
1134 2364 1208 2431 7),
1248 2381 1358 2433 quo
1399 2368 1589 2419 temen

435 2434 558 2489 iure
599 2451 732 2489 raro
780 2452 884 2489 nec
927 2435 1092 2489 aliter
1137 2436 1444 2490 utebantur
1477 2436 1589 2490 nisi

435 2505 594 2560 festis
641 2506 838 2561 diebus
887 2512 946 2560 et
1002 2507 1189 2561 sacris.
1267 2506 1388 2575 „On
1440 2525 1586 2563 com·

435 2576 632 2647 prend,
673 2578 803 2645 quel
839 2582 1090 2632 conti-est
1126 2578 1358 2633 formait
1383 2580 1438 2633 la
1462 2596 1589 2649 pre—

435 2649 656 2703 tention
691 2646 927 2703 ridicule
963 2650 1034 2703 de
1069 2667 1130 2704 ce
1179 2651 1326 2719 petit
1359 2666 1587 2719 person·

548 2737 578 2773 e
636 2720 708 2775 de
752 2719 937 2774 Fundi
987 2739 1122 2775 avec
1179 2722 1234 2776 le
1287 2723 1589 2791 simplicite

433 2791 504 2846 de
585 2791 770 2859 ecene,
805 2793 902 2860 qui
937 2810 994 2847 se
1031 2798 1296 2848 contente
1332 2798 1492 2849 toute
1526 2811 1588 2848 ss

433 2863 526 2917 vie
579 2862 650 2916 de
705 2870 900 2933 pol-ter
955 2865 1376 2935 l’engusticleve
1421 2865 1587 2935 (Vell.

434 2933 654 2988 Petere.
695 2934 768 3001 11,
805 2935 930 3004 88).
983 2935 1072 2990 On
1107 2937 1218 2991 seit
1253 2954 1362 3005 que
1399 2937 1590 2992 c'etsit

436 3022 514 3059 un
549 3005 647 3061 des
683 3006 984 3089 privileges
1030 3007 1100 3063 de
1147 3014 1378 3077 praetor
1424 3009 1587 3062 urbs.-

437 3094 540 3130 nus
573 3076 628 3131 d'
632 3077 791 3132 avoir
826 3077 1035 3133 devant
1065 3079 1163 3143 lui,
1203 3084 1427 3135 surtout
1451 3080 1589 3134 dans

437 3148 516 3202 les
561 3148 744 3217 beins,
787 3167 864 3204 ιιιι
911 3152 1162 3205 vatillum
1210 3153 1344 3206 c’est
1379 3152 1412 3205 ὸ,
1447 3152 1589 3219 dire,

437 3238 514 3273 un
552 3221 828 3291 recipient
861 3222 932 3277 de
961 3223 1150 3285 metel,
1189 3226 1264 3277 ou
1299 3224 1412 3277 l’on
1447 3229 1589 3277 met·

436 3292 546 3345 tuit
593 3310 672 3345 un
715 3294 864 3362 petit
908 3294 1066 3361 foyer
1111 3295 1356 3363 portatis
1395 3300 1455 3350 et
1491 3295 1588 3365 qui

433 3364 670 3432 pouveit
716 3382 776 3418 se
813 3364 1048 3435 deposer
1095 3383 1192 3419 sur
1243 3384 1320 3419 un
1366 3367 1590 3435 trupied

435 3452 510 3488 ou
546 3452 620 3489 un
659 3436 985 3491 chencelier.
1056 3436 1166 3492 Les
1203 3454 1424 3506 prunae
1461 3443 1590 3492 sont

435 3506 516 3560 les
565 3507 840 3561 cher-bons
891 3508 1170 3563 ardente-‘⁸
1247 3508 1588 3578 Desjsrdans.

435 3576 753 3633 Duentzero
779 3580 964 3633 visum
1001 3584 1102 3643 est,
1143 3580 1448 3651 significari
1485 3582 1587 3637 sci·

437 3649 664 3718 pionem
682 3652 828 3705 mule
849 3651 1060 3706 factum
1087 3669 1198 3721 quo
1217 3670 1394 3707 venus
1419 3652 1587 3707 homo

435 3722 687 3777 virorum
723 3722 1152 3792 triumphalium
1199 3728 1258 3778 et
1300 3724 1587 3779 consulum

435 3794 710 3863 scipiones
747 3794 1018 3850 eburneos
1043 3794 1256 3849 imitari
1293 3813 1458 3849 ausus
1493 3796 1585 3850 sit.

435 3866 580 3919 Aliis
643 3866 860 3934 placuit
921 3867 1244 3921 coniectura
1307 3868 1590 3937 munique

433 3936 706 4003 bacillum,
729 3936 994 3991 bacillum
1027 3956 1304 4007 pruneum
1328 3954 1432 4007 pro
1460 3955 1585 3992 con-

435 4008 572 4063 sulis
597 4009 844 4077 scipione
868 4014 1220 4079 usurpatum.
1241 4038 1308 4049 —-
1337 4010 1587 4063 Mamm·-

432 4095 628 4133 rarum
659 4079 811 4150 urbe]
850 4081 1091 4135 Formiis
1127 4100 1159 4135 a
1201 4080 1414 4135 Fundis
1449 4080 1587 4135 XIII

434 4150 509 4204 M.
554 4150 616 4205 Ρ.
673 4150 1025 4207 distantibus.
1105 4152 1366 4207 Formiae
1423 4152 1589 4207 hodie

435 4226 568 4275 sunt
602 4222 754 4278 Molo
788 4222 848 4277 ai
867 4223 1062 4278 Gaetu.
1099 4223 1384 4279 Mamurra
1419 4241 1588 4293 eques

435 4292 737 4361 Romanus,
779 4294 946 4349 homo
993 4294 1302 4350 ditissimus
1347 4300 1406 4349 et
1448 4296 1587 4350 For·

433 4366 564 4419 miis
587 4364 780 4419 infimo
801 4366 924 4421 loco
947 4371 1130 4421 natus
1171 4366 1395 4422 Festive
1418 4372 1587 4438 poete

433 4436 576 4491 dicit
597 4437 1009 4491 Mamurrarum
1034 4438 1185 4507 urbs,
1203 4439 1364 4507 qussi
1381 4456 1587 4509 magne

435 4508 516 4561 ibi
575 4524 640 4562 ec
692 4512 854 4562 vetus
910 4508 1127 4563 familie
1172 4510 1583 4565 Mamurrarum

435 4577 626 4646 fuerit,
649 4584 716 4633 ut
735 4578 1080 4649 Lamiarum,
1117 4580 1186 4635 de
1217 4581 1422 4651 quibus
1452 4582 1585 4637 vide

1680 1935 1753 1989 ad
1780 1935 1959 1990 Germ.
1995 1935 2096 2003 111,
2128 1937 2211 1989 1⁷.
2244 1964 2307 1975 -
2346 1934 2607 2005 Murena]
2646 1935 2715 1990 L.
2740 1936 2837 1990 Li·

1682 2007 1861 2061 cinius
1898 2006 2195 2061 Terentius
2232 2006 2411 2061 Varro
2460 2006 2715 2067 Murena.
2764 2008 2839 2062 de

1684 2094 1795 2146 quo
1832 2077 1961 2132 vide
2004 2078 2077 2132 ed
2112 2078 2293 2132 Germ.
2330 2078 2401 2145 11,
2448 2080 2527 2132 10.
2602 2078 2841 2133 Murena.

1682 2160 1740 2205 et
1776 2149 1973 2218 Capito
2003 2150 2245 2203 Formiis
2284 2149 2478 2204 domos
2518 2150 2843 2205 habuerunt

1682 2226 1851 2289 atque
1900 2221 2185 2287 aemulati,
2230 2226 2359 2275 uter
2406 2222 2657 2291 hospites
2700 2224 2843 2277 reci·

1680 2298 1859 2375 peret,
1906 2293 2134 2347 tandem
2184 2294 2455 2347 honorem
2500 2298 2558 2347 et
2608 2310 2842 2363 operam

1682 2364 1832 2419 inter
1892 2381 1951 2419 se
2011 2363 2341 2419 diviserunt.
2414 2364 2653 2421 Murena.
2706 2382 2841 2419 casu

1682 2436 1897 2490 ederat.
1936 2435 2008 2490 cf.
2048 2436 2227 2491 Germ.
2264 2435 2366 2504 111,
2397 2438 2481 2503 19,
2511 2439 2542 2488 7
2548 2476 2561 2489 .
2602 2466 2667 2475 -
2709 2437 2839 2491 Plo-

1680 2507 1816 2577 tius]
1842 2507 1919 2561 M.
1941 2506 2157 2562 Plotius
2178 2508 2379 2563 Tucca..
2414 2506 2525 2562 Set.
2555 2508 2600 2575 1,
2632 2512 2712 2577 10,
2742 2508 2842 2575 813

1682 2579 1779 2647 qui
1821 2584 2017 2647 postes
2062 2596 2189 2633 cum
2236 2580 2303 2634 L.
2338 2578 2505 2633 Vario
2544 2580 2751 2644 (Germ.
2789 2580 2839 2647 1,

1682 2652 1733 2711 6,
1776 2653 1826 2719 1)
1860 2650 2096 2721 Vergilii
2134 2651 2343 2705 mortui
2380 2651 2687 2706 Aeneidem
2722 2652 2839 2705 edi-

1681 2721 1783 2775 dit.
1842 2750 1909 2761 -—
1966 2722 2279 2792 sinuessae]
2326 2722 2513 2776 XVIII
2556 2722 2633 2777 M.
2678 2722 2743 2777 P.
2804 2740 2841 2777 s

1682 2793 1941 2847 Formiis.
2016 2794 2123 2847 Est
2168 2794 2341 2861 locus,
2398 2794 2497 2847 ubi
2550 2812 2699 2849 nunc
2752 2798 2841 2848 est

1695 2864 1933 2935 Vaynoli
1978 2866 2097 2919 sive
2142 2834 2397 2935 Bayno’li.
2468 2865 2605 2920 Fuit
2646 2870 2835 2921 eutem

1682 2936 1941 2991 ultimum
1998 2938 2266 3007 oppidum
2314 2936 2469 2992 Latii
2524 2938 2585 2991 in
2637 2938 2839 3007 Appia..

1683 3038 1752 3047 —
1810 3006 2175 3079 candidiores]
2239 3008 2306 3063 cf.
2364 3008 2453 3079 Ep
2455 3008 2543 3063 od.
2604 3009 2701 3072 XI,
2756 3012 2843 3062 11.

1682 3079 1831 3148 XIV,
1858 3081 1909 3133 5.
1948 3080 2061 3135 Sat.
2098 3080 2143 3147 1,
2186 3083 2269 3147 10,
2302 3081 2389 3135 86.
2426 3080 2755 3150 Epist1,4,
2790 3084 2835 3135 1.

1684 3151 1795 3206 Cic.
1833 3152 1989 3205 Fam.
2028 3152 2174 3219 XIV,
2214 3154 2305 3206 14:
2360 3170 2511 3221 „,vos
2556 3170 2715 3207 mese
2750 3170 2839 3207 cn·

1680 3223 1933 3277 rissimae
1994 3224 2231 3289 enimse,
2294 3241 2463 3292 quem
2520 3224 2841 3293 saepissime

1686 3295 1755 3349 ed
1794 3312 1883 3350 me
1918 3295 2204 3350 scribite“.

1753 3364 1817 3419 V.
1854 3370 1942 3421 45.
1992 3366 2302 3436 Campano]
2348 3366 2496 3421 Pons
2544 3366 2841 3435 impositus

1681 3436 1847 3492 hodie
1920 3438 2135 3493 Melino
2207 3437 2453 3507 Geppam'
2512 3438 2839 3501 (secundum

1682 3508 2157 3579 Walckensrium)
2185 3508 2388 3563 Sevoni
2416 3509 2607 3579 (hodie
2632 3509 2841 3578 Saena)

1682 3580 1901 3635 flumini
1938 3580 2023 3635 111
2060 3582 2136 3634 M.
2175 3580 2239 3635 P.
2278 3599 2313 3635 s.
2350 3580 2623 3635 Sinuessa.
2685 3581 2845 3636 Inter

1682 3656 1915 3734 pontem
1962 3657 2021 3707 et
2058 3652 2305 3721 Capuam
2352 3652 2543 3722 plures
2579 3652 2843 3721 villulae3

1681 3724 1741 3776 in
1776 3723 2037 3792 proxima
2080 3728 2505 3793 pernoctarunt.
2580 3724 2769 3793 Capua
2804 3742 2841 3778 ι

1682 3802 1854 3863 ponte
1874 3796 2151 3863 Campano
2180 3796 2433 3850 distabat
2462 3794 2625 3849 XXII
2648 3795 2727 3849 M.
2756 3794 2839 3863 Ρ.,

1684 3867 1987 3921 secundum
2042 3866 2491 3921 Welckenarium
2558 3866 2719 3921 XVII
2764 3866 2841 3920 M.

1682 3936 1740 3989 P.
1779 3937 1952 3993 Vetus
1988 3942 2175 3992 autem
2204 3938 2401 4007 Capua
2426 3938 2537 3992 sita
2570 3942 2712 4006 erat,
2740 3938 2838 3992 ubi

1680 4025 1831 4063 nunc
1866 4014 1951 4063 est
1986 4010 2142 4063 vicus
2178 4009 2355 4063 Sama
2398 4010 2601 4063 Maria
2638 4010 2701 4063 do·
2736 4008 2837 4063 Ga-

1673 4096 1805 4149 poa,
1842 4082 1939 4149 qui
1963 4080 2047 4134 111
2070 4081 2148 4135 M.
2169 4081 2231 4135 P.
2268 4081 2443 4135 distat
2478 4080 2550 4135 ab
2582 4098 2649 4135 eo
2694 4082 2835 4149 loco,

1682 4170 1792 4221 quo
1832 4170 1979 4207 nunc
2014 4152 2149 4207 urbs
2188 4153 2377 4222 Capua
2412 4152 2523 4207 site
2558 4156 2661 4220 est,
2698 4153 2837 4207 olim

1680 4222 2001 4279 Casilinum.
2074 4224 2425 4293 Desjardins:
2482 4241 2592 4292 „on
2628 4240 2837 4279 remer-

1680 4311 1900 4421 32²3st
1924 4296 2090 4422 {¹:32⁸
2111 4295 2420 4422 ιὲῗξῗῗῗὲἔ.
2442 4296 2837 4422 ᾶῑῗίῗὲῗῖἶ

1676 4436 1865 4493 retent
1902 4456 1971 4493 en
2010 4438 2143 4493 effet
2179 4440 2239 4493 ιιι
2274 4440 2309 4493 ὲ
2334 4438 2666 4494 Minturnae
2700 4440 2763 4493 ni
2800 4439 2837 4493 ὁ,

1676 4508 1939 4565 &mssa
1962 4510 2023 4563 ni
2050 4513 2085 4565 ὲ
2116 4509 2333 4565 &bana
2359 4510 2421 4565 ιιι
2444 4510 2481 4563 ἐι
2500 4508 2831 4566 Cusanum:

1675 4580 1745 4636 ils
1783 4581 1910 4637 font
1944 4582 2252 4637 seulement
2278 4599 2504 4651 reposer
2540 4582 2623 4637 les
2656 4582 2835 4637 mules
