3092 5059
387 267 482 303 :nv
882 238 1004 305 EX
1047 235 1661 305 PRAEFATIONE
1704 237 2156 309 EDITIONIS
2200 240 2282 306 II.

387 440 647 503 menta
693 427 804 503 ita
857 440 1033 503 sunt
1065 440 1534 529 comparata,
1577 442 1661 505 ut
1716 442 1796 505 et
1828 430 2126 529 possint
2174 431 2470 505 cantari
2521 444 2599 506 et
2628 429 2789 506 for-

385 566 586 629 tasse
636 552 866 629 etiam
921 564 1434 648 cantarentur,
1475 555 1759 654 partim
1812 570 2065 631 autem
2122 553 2315 631 nihil
2352 554 2789 653 significant

387 678 597 755 aliud
662 679 811 755 nisi
881 679 1219 755 carmina
1276 681 1559 777 facere,
1620 682 1961 756 carmina
2024 706 2512 780 componere.
2614 682 2788 759 Hae

387 805 590 880 enim
644 804 1021 880 dictiones
1071 818 1380 883 exortae
1427 819 1605 883 sunt
1676 832 1771 881 ex
1842 807 2161 904 antiqua
2203 808 2551 904 poeticae
2600 808 2789 883 artis

389 930 712 1026 origine,
777 956 922 1005 nec
962 947 1218 1007 tamen
1275 934 1408 1031 qui
1453 944 1730 1030 poetae
1784 931 1873 1007 iis
1908 931 2343 1026 utebantur,
2392 930 2621 1007 simul
2673 933 2784 1007 in-

389 1051 650 1130 dicare
715 1054 1144 1150 voluerunt,
1215 1080 1308 1131 ea
1365 1057 1535 1152 ipsa
1606 1056 1948 1132 carmina
2014 1056 2117 1131 ad
2180 1056 2455 1133 fidium
2522 1072 2787 1133 cantus

389 1203 555 1256 esse
605 1178 1286 1257 accommodanda.
1341 1180 1559 1273 Quae
1616 1206 1787 1256 cum
1842 1180 1948 1255 ita
1998 1182 2171 1274 sint,
2222 1207 2322 1257 ne
2350 1182 2785 1281 eaquidem

388 1288 642 1403 piacet
689 1304 912 1400 rati0,
966 1331 1120 1405 qua
1168 1304 1651 1382 Kirchnerus
1706 1330 2013 1383 carmen
2064 1305 2211 1403 III,
2256 1308 2348 1383 12
2398 1320 2789 1385 tetrastro-

385 1431 593 1529 phon
647 1432 856 1527 fecit,

782 1557 1238 1633 Miserarum
1293 1570 1406 1637 est
1455 1581 1711 1656 neque
1760 1558 2007 1635 amori

785 1682 990 1758 Dare
1041 1682 1315 1759 ludum
1365 1707 1621 1782 neque
1672 1684 1884 1761 dulci

585 1808 796 1885 Mala
839 1809 1022 1883 vino
1075 1808 1336 1885 lavere
1391 1822 1520 1886 aut
1574 1809 1996 1885 exanimari
2048 1822 2473 1885 metuentes

785 1932 1116 2009 patruae
1165 1935 1492 2010 verbera
1535 1933 1871 2030 linguae.
1962 1970 1976 1983 ·

386 2059 551 2135 Nec
613 2084 738 2134 me
801 2058 1144 2155 paenitet
1205 2058 1505 2135 solitam
1583 2058 1808 2133 huius
1874 2058 2232 2133 carminis
2302 2058 2381 2133 in
2434 2058 2789 2157 strophas

390 2200 782 2261 ternorum
845 2210 1206 2261 versuum
1267 2183 1671 2260 dividendi
1734 2184 2133 2276 rationem,
2186 2181 2429 2259 multo
2484 2182 2785 2257 suavio-

388 2336 550 2385 rem
603 2324 682 2386 et
733 2310 978 2407 magis
1029 2308 1501 2405 concinnam,
1560 2334 1927 2385 servasse.
1980 2307 2347 2385 Ceterum
2398 2335 2554 2383 non
2606 2332 2785 2403 pos-

388 2461 550 2511 sum
612 2434 890 2531 facere,
945 2435 1130 2533 quin
1191 2460 1343 2509 uno
1401 2434 1639 2511 verbo
1694 2434 1944 2509 dicam
1981 2458 2215 2531 quam
2254 2448 2557 2531 gratum
2594 2431 2783 2507 mihi

386 2560 620 2635 fuerit
670 2560 976 2655 vidisse,
1023 2562 1250 2636 etiam
1301 2558 1817 2635 aKirchnero
1868 2584 1943 2658 p.
1992 2561 2089 2633 43
2144 2556 2629 2635 scholiastam
2683 2556 2775 2632 il-

388 2683 572 2780 lum,
628 2710 862 2783 quem
915 2686 1308 2786 putabant,
1343 2684 1757 2761 Aemiliam
1807 2708 2123 2779 prorsus
2158 2680 2417 2759 fictum
2470 2707 2559 2758 ac
2606 2681 2779 2756 nul-

383 2808 546 2885 lum
599 2836 764 2887 esse
809 2808 1150 2910 probari.
1239 2808 1456 2885 Idem
1512 2809 1667 2885 iam
1718 2820 1895 2883 ante
1950 2832 2084 2883 sex
2136 2832 2377 2883 annos
2428 2806 2783 2881 evincere

389 2935 644 3011 studui
697 2937 777 3010 in
830 2936 1440 3011 Horatianorum
1491 2934 1761 3031 partic.
1815 2934 1877 3011 Ι.
1928 2932 2404 3032 Aquisgrani
2450 2930 2784 3007 conscri-
2860 2932 2887 2949 ⁶

389 3074 522 3160 pta
573 3086 649 3157 p.
689 3064 770 3156 ὃς
823 3060 1026 3135 idem
1081 3085 1330 3161 nuper
1392 3058 1727 3135 ostendit
1778 3058 2276 3151 Hauthalz'us,
2329 3057 2449 3131 vir
2498 3055 2781 3130 doctis·

391 3186 646 3281 simus,
702 3186 778 3260 in
817 3184 1086 3261 Museo
1123 3182 1492 3259 Rhenano
1543 3212 1613 3260 a.
1656 3186 1869 3259 1846.
1910 3210 1983 3283 p.
2014 3184 2157 3256 516
2186 3207 2375 3281 sqq3
2433 3180 2559 3255 hic
2612 3178 2781 3278 qui-

389 3309 567 3387 dem
597 3336 798 3385 nova
829 3308 1160 3403 ration03
1195 3308 1683 3386 Kirchnerus
1729 3309 1809 3382 in
1844 3307 1926 3383 id
1958 3309 2213 3403 ipsum
2248 3304 2539 3400 incidit,
2574 3303 2782 3403 quod

391 3462 534 3533 ego
591 3437 743 3510 iam
805 3448 966 3509 tum
1019 3434 1412 3533 proposui.
1519 3433 1670 3510 Sed
1724 3432 1919 3507 haec
1966 3430 2357 3505 hactenus.

585 3560 990 3635 Embricae
1039 3586 1109 3634 a.
1162 3558 1236 3634 d.
1287 3558 1382 3633 V.
1435 3557 1617 3633 Kal.
1670 3556 1881 3632 Nov:
1916 3552 2602 3633 MDOGCXLVH.
