3092 5059
820 239 980 305 LIB.
1023 239 1142 305 III.
1189 238 1439 305 GARM.
1493 238 1634 304 XV.
1683 238 1857 305 XVI.

2432 240 2557 307 205

437 428 678 506 Elam
731 428 940 527 cogit
989 454 1208 504 amor
1256 426 1499 501 Nothi

652 552 1024 628 Lascivae
1079 549 1404 626 similem
1455 548 1729 627 ludere
1780 576 2141 651 capreae:

441 679 568 755 Te
610 676 834 753 lanae
887 702 1132 777 prope
1181 674 1526 751 nobilem

655 802 953 878 Tonsae
1005 800 1430 895 Luceriam,
1489 826 1646 874 non
1697 800 2035 877 citharae
2085 800 2361 877 decent

350 963 404 1005 ιε
443 927 620 1004 Nec
669 927 810 1002 flos
869 950 1299 1027 purpureus
1347 950 1568 1001 rosae

663 1052 828 1128 Nec
875 1050 1042 1150 poti
1090 1048 1424 1125 vetulam
1475 1050 1690 1126 faece
1737 1062 1959 1127 tenus
2017 1050 2211 1127 cadi.

1030 1379 1410 1467 GARMEN
1475 1382 1689 1468 XVI.

555 1552 944 1628 Inclusam
995 1548 1312 1622 Danaen
1367 1547 1597 1623 turris
1651 1560 1889 1625 aenea

553 1678 1099 1774 Robustaeque
1149 1672 1354 1748 fores
1409 1686 1486 1747 et
1539 1673 1866 1772 vigilum
1914 1702 2189 1753 canum

137 1880 227 1947 IV,
262 1882 348 1947 10,
373 1882 430 1933 4.
470 1908 549 1917 —
583 1876 840 1945 vetulam]
880 1874 1016 1931 Cum
1051 1872 1308 1955 indigna-

136 1952 288 2005 tione
343 1951 575 2006 dictum
625 1954 735 2005 est:
795 1964 920 2002 cum
977 1945 1168 2000 vetula
1215 1961 1306 1997 sis.

141 2021 306 2076 Oodd.
343 2022 640 2077 fluctuant
675 2022 824 2075 inter
867 2017 1098 2073 vendam
1139 2021 1198 2071 et
1229 2031 1311 2070 ve-

141 2096 281 2163 tula;
315 2095 468 2149 illud
489 2095 800 2151 Commeat.
824 2090 1008 2158 Cruq.,
1027 2088 1308 2171 hoc-tuen-

141 2170 232 2219 tur
279 2168 484 2222 Acron
544 2170 605 2221 et
655 2160 982 2231 PorphyriO.
1057 2158 1311 2214 Otiosum

146 2242 326 2292 autem
374 2243 468 2293 est
515 2237 639 2293 vini
684 2238 1022 2290 vetustatem
1064 2230 1314 2296 laudare,

145 2324 266 2371 cum
323 2308 660 2366 Chloridem
711 2322 816 2361 nec
868 2307 1156 2360 vetustum
1210 2318 1314 2357 nec

143 2396 328 2435 recem
367 2382 578 2437 vinum
614 2382 824 2436 deceat.

528 2495 809 2551 Carmen
845 2496 990 2551 XVI.

213 2591 639 2661 Argumentum
676 2594 938 2649 carminis
979 2592 1228 2648 cernitur
1252 2593 1312 2647 in

153 2658 310 2717 laude
349 2681 562 2720 aureae
595 2664 1017 2731 mediocritatis,
1049 2682 1214 2719 versu
1243 2666 1307 2717 21

152 2731 564 2802 simplicissime
609 2738 926 2807 proposita3
975 2738 1074 2805 qui
1119 2753 1310 2790 versus

154 2818 274 2857 eum
304 2807 754 2877 insequentibus,
781 2808 982 2877 quibus
1009 2807 1147 2877 quid
1170 2808 1312 2861 illud

155 2872 218 2927 de
260 2878 662 2934 mediocritate
706 2880 976 2935 iudicium
1013 2879 1086 2933 ad
1139 2880 1311 2948 ipsius

155 2942 372 3003 Horatii
397 2968 492 3005 res
511 2950 704 3006 valeat
729 2952 1044 3015 exhibetur,
1069 2950 1311 3005 mediam

157 3020 210 3068 et
250 3036 530 3077 summam
577 3024 912 3078 sententiam
955 3027 1012 3077 et
1057 3022 1312 3091 stropha·

159 3103 275 3143 rum
308 3108 552 3149 numero
592 3098 650 3149 et
685 3095 1091 3150 sententiarum
1126 3094 1310 3165 gravi-

157 3162 267 3239 tate
301 3163 502 3221 efficit.
551 3165 817 3222 Nascitur
853 3166 1146 3221 exordium
1181 3182 1310 3235 poe-

161 3232 264 3285 tloeo
315 3237 620 3303 potestatis
665 3239 790 3292 auri
849 3237 1224 3307 descriptione
1279 3255 1313 3291 a

162 3298 342 3361 Danae
379 3308 594 3364 Acrisii
641 3308 762 3363 filia
808 3309 1012 3380 petita3
1061 3308 1312 3363 fabulam

163 3376 404 3441 sequitur
430 3380 550 3449 (vv.
580 3381 629 3434 9.
657 3381 746 3451 10)
765 3380 888 3449 ipsa
923 3380 994 3435 de
1017 3398 1155 3435 auro
1191 3398 1310 3434 sen-

163 3445 334 3528 tentia
367 3467 554 3521 neque
576 3456 763 3507 tamen
787 3452 1044 3578 generali
1071 3451 1310 3522 quadam

165 3520 373 3595 ratione
408 3540 692 3593 expressa,
728 3541 786 3579 se
855 3524 1070 3578 duobus
1107 3524 1312 3592 quibus

165 3589 330 3665 {mnia
372 3592 476 3649 ills
521 3596 775 3665 potentia
821 3595 1098 3665 probatur
1131 3595 1312 3649 modis

167 3656 456 3737 illustrata.
533 3666 644 3723 Suo
694 3666 896 3722 deinde
942 3683 1098 3722 more
1133 3666 1310 3721 Hora·

166 3728 270 3783 tius
315 3736 431 3791 tria
476 3738 636 3793 addit
690 3739 962 3809 exempla,
1015 3756 1187 3792 unum
1241 3755 1310 3793 ex

171 3794 364 3860 tabulis
381 3809 694 3880 primorum
713 3815 1044 3881 temporum,
1072 3809 1312 3864 alterum

171 3884 232 3923 ex
267 3873 607 3935 Graecorum
650 3883 816 3937 rebus
851 3882 1042 3953 gestis,
1077 3882 1310 3935 tertium

85 3956 92 3967 ·
173 3940 472 4027 &Romanis
499 3970 630 4008 suae
665 3954 868 4008 aetatis
905 3958 1216 4023 sumptum3
1253 3958 1312 4007 et

174 4016 392 4099 “fifh-um
440 4024 664 4091 quidem
709 4042 822 4079 non
869 4025 1188 4085 nominibus
1223 4026 1308 4079 in-

175 4094 430 4167 angustum
465 4096 562 4151 sed
599 4097 820 4151 indiciis
853 4097 990 4151 satis
1025 4099 1146 4150 tum
1182 4113 1306 4166 per-

176 4161 368 4220 ⁸P1<mi⁸
399 4167 640 4232 quodam
672 4168 836 4223 modo
871 4172 1086 4223 tectum
1123 4167 1200 4237 (v.
1223 4168 1307 4221 15.

183 4224 277 4295 16)·
347 4232 754 4294 Sententiarum
801 4241 972 4295 series
1017 4239 1154 4294 haec
1197 4243 1308 4295 est:

183 4294 230 4363 1)
270 4309 502 4368 Pecunia
543 4312 744 4382 regina
781 4311 1070 4367 hominum
1116 4310 1310 4365 huma-

182 4380 474 4457 nmnffque
507 4398 696 4437 rerum
739 4386 824 4438 est
859 4384 978 4449 (str.
1023 4386 1208 4451 1—4);
1255 4383 1310 4451 2)

182 4450 402 4503 pumma
461 4458 644 4509 autem
711 4454 900 4526 gignit
957 4454 1309 4523 cupiditates,

185 4522 344 4594 ‘lua-ro
377 4520 492 4578 eius
526 4526 762 4595 imperio
791 4526 1042 4581 animum
1069 4542 1172 4596 ego
1197 4542 1312 4579 non

189 4580 430 4645 subiunxi
482 4595 602 4665 (σιτ.
639 4599 834 4667 5-7);
894 4597 1026 4652 inde
1086 4598 1310 4652 beatam

1401 1873 1579 1928 vitam
1632 1873 1775 1945 dego
1829 1875 1981 1931 intra
2034 1881 2299 1947 angustos
2352 1876 2561 1934 medio·

1404 1944 1623 1999 critatis
1660 1946 1867 2001 limites
1906 1945 2027 2017 (str.
2067 1949 2285 2017 8-11).
2341 1947 2561 2003 Claudi-

1403 2020 1500 2071 tur
1557 2034 1781 2073 carmen
1824 2019 2033 2073 iterum
2080 2020 2267 2089 posita
2309 2022 2563 2091 generali

1404 2090 1701 2156 sententia,
1757 2090 1852 2144 sed
1900 2108 2049 2145 nova
2093 2091 2276 2147 forma
2324 2096 2381 2147 et
2418 2110 2561 2161 quae

1403 2175 1532 2213 cum
1568 2160 1851 2217 brevitate
1889 2163 2231 2232 gravitatem
2256 2162 2399 2218 mire
2434 2180 2563 2219 con·

1403 2230 1760 2358 iupgactlztgic
1805 2233 1876 2288 ad
1912 2232 2081 2360 fimdm
2094 2234 2333 2360 doptime
2370 2234 2561 2361 deogr-

1405 2320 1456 2356 n
1483 2342 1497 2357 .
1706 2322 1835 2359 rum
1888 2322 1999 2374 quo
2134 2322 2165 2361 e
2219 2324 2333 2361 suis
2392 2324 2454 2362 re
2494 2325 2559 2361 us

1404 2374 1488 2428 ita
1531 2376 1776 2445 scripsit,
1824 2376 1883 2430 in
1930 2394 1995 2431 eo
2044 2394 2224 2447 neque
2274 2379 2563 2450 ingratum

1407 2462 1585 2515 neque
1647 2452 2003 2519 arrogantem
2066 2450 2126 2502 in
2180 2450 2561 2506 Maecenatem

1407 2519 1653 2572 animum
1690 2520 1966 2589 prodidit3
2005 2521 2175 2575 immo
2208 2538 2342 2576 vero
2380 2521 2561 2591 qualis

1407 2589 1476 2643 ab
1547 2590 1744 2645 amicis
1814 2592 2025 2660 optime
2100 2594 2561 2662 perspiciebatur,

1404 2662 1538 2715 talis
1576 2662 1745 2717 etiam
1785 2668 1852 2717 ut
1886 2662 1959 2717 ab
2005 2664 2130 2717 aliis
2168 2668 2563 2735 agnosceretur

1405 2737 1464 2787 et
1483 2733 1595 2789 hoc
1618 2735 1864 2789 carmine
1888 2735 2074 2789 voluit
2106 2735 2327 2791 efficere
2356 2742 2414 2791 et
2440 2736 2563 2791 aliis

1405 2803 1476 2859 de
1530 2805 1723 2860 eadem
1785 2824 1847 2861 re
1905 2807 2003 2861 sed
2062 2806 2283 2863 diversa
2342 2808 2561 2863 ratione

1407 2878 1751 2946 conscriptis.
1792 2878 1863 2932 cf.
1889 2877 2003 2932 Sat.
2033 2878 2078 2947 1,
2104 2881 2155 2933 6.
2193 2880 2264 2945 11,
2292 2881 2341 2933 6.
2378 2880 2559 2949 Epist.

1406 2947 1450 3015 1,
1495 2951 1576 3003 19.
1616 2949 1740 3003 ooll.
1778 2950 1822 3017 Ι,
1865 2953 1911 3004 l.
1950 2950 1995 3017 1,
2032 2952 2081 3004 7.
2154 2949 2385 3018 Quando
2421 2951 2561 3007 haec

1405 3020 1783 3089 composuerit
1808 3020 2043 3077 Flaccus
2074 3022 2198 3091 quis
2233 3023 2403 3091 dicat,
2434 3040 2561 3078 cum

1405 3092 1549 3145 nihil
1595 3110 1665 3146 ex
1709 3093 1831 3161 ipso
1868 3093 2118 3149 carmine
2168 3094 2417 3149 invenias
2454 3094 2563 3149 nisi

1404 3161 1518 3217 iam
1558 3164 1833 3232 accepisse
1876 3182 1999 3219 eum
2034 3164 2295 3220 Sabinam
2332 3165 2562 3222 villam?

1405 3232 1657 3289 Fuerunt
1704 3238 1911 3301 tamen,
1958 3237 2054 3305 qui
2103 3254 2153 3291 a.
2193 3239 2297 3291 726
2344 3254 2562 3307 compo·

1404 3305 1574 3359 situm
1614 3322 1841 3362 carmen
1875 3308 2309 3376 suspicarentur,
2360 3325 2427 3363 ac
2460 3326 2561 3379 pu-

1403 3382 1611 3445 tarent,
1650 3396 1714 3433 eo
1754 3382 2010 3449 tempore
2046 3378 2258 3435 factum
2294 3398 2411 3435 esse
2449 3396 2559 3449 quo

1404 3448 1673 3504 Horatius
1710 3450 1927 3505 frustra
1962 3450 2035 3505 ab
2055 3450 2365 3507 Octaviano
2393 3453 2453 3505 in
2474 3469 2559 3507 re-

1403 3521 1559 3591 giam
1602 3522 1677 3576 ad
1719 3521 2039 3577 scribendas
2084 3524 2351 3593 epistulas
2398 3540 2559 3579 voca-

1403 3598 1581 3647 retur.

1477 3663 1545 3719 V.
1569 3667 1615 3717 1.
1653 3664 1905 3720 Acrisius
1925 3666 2267 3735 Argivorum
2298 3684 2400 3721 rex
2432 3684 2559 3723 cum

1405 3734 1695 3791 oraculum
1740 3736 2043 3806 accepisset
2092 3738 2453 3793 interfectum
2502 3756 2561 3794 se

1406 3806 1478 3860 iri
1515 3826 1549 3861 a
1584 3825 1775 3876 puer0,
1820 3826 1985 3877 quem
2012 3808 2203 3862 Danae
2238 3808 2357 3864 filia
2391 3826 2557 3880 pepe·

1403 3879 1587 3947 risset,
1630 3879 1808 3934 filiam
1852 3897 1921 3934 ne
1966 3882 2194 3934 omnino
2238 3886 2465 3950 pareret
2500 3882 2560 3935 in

1404 3968 1633 4005 aeneam
1688 3952 1889 4005 turrim
1946 3951 2190 4006 inclusit.
2274 3952 2382 4007 Sed
2431 3952 2557 4021 lup-

1403 4023 1555 4091 piter
1608 4023 1667 4076 in
1722 4040 1947 4077 auream
2004 4023 2257 4092 pluviam
2309 4028 2561 4077 mutatus

1401 4094 1475 4149 ad
1533 4094 1811 4165 virginem
1867 4094 2141 4162 pervenit.
2214 4094 2375 4149 ovid.
2419 4094 2559 4149 Met.

1402 4164 1497 4233 IV,
1517 4168 1641 4222 611.
1676 4166 1833 4221 Hom.
1854 4166 1918 4219 Il.
1939 4166 2091 4234 XJV,·
2110 4168 2215 4219 319
2232 4184 2352 4235 sqq.
2378 4165 2558 4233 Quam

1402 4236 1655 4293 fabulam
1702 4238 1981 4305 quomodo
2024 4237 2429 4306 interpretatus
2482 4238 2559 4292 sit

1402 4308 1687 4377 Horatius,
1725 4314 1789 4364 ut
1812 4326 2008 4363 aurum
2035 4309 2106 4364 ad
2130 4310 2371 4378 pessima
2393 4326 2559 4378 quae·

1403 4398 1512 4449 que
1561 4381 1777 4436 aditum
1825 4396 2028 4449 parare
2068 4381 2404 4441 ostenderet,
2440 4398 2557 4436 ma-

1403 4452 1671 4507 nifestum
1706 4458 1805 4507 est.
1854 4480 1921 4491 -·
1964 4452 2281 4507 muniam
2352 4452 2439 4507 De
2474 4452 2557 4506 in·

1403 4524 1647 4579 dicativo
1698 4523 1867 4579 modo
1914 4523 1985 4578 cf.
2024 4524 2207 4578 carm.
2298 4564 2314 4593 ,
2355 4526 2437 4587 17,
2472 4526 2559 4579 27.

1406 4626 1471 4635 -
1509 4594 1737 4664 munire]
1776 4595 2011 4650 verbum
2052 4595 2277 4665 poetica
2316 4594 2561 4665 quadam
