<?xml version="1.0" encoding="UTF-8"?>
<!DOCTYPE html PUBLIC "-//W3C//DTD XHTML 1.0 Transitional//EN"
    "http://www.w3.org/TR/xhtml1/DTD/xhtml1-transitional.dtd">
<html xmlns="http://www.w3.org/1999/xhtml" xml:lang="en" lang="en">
 <head>
  <title>
</title>
<meta http-equiv="Content-Type" content="text/html;charset=utf-8" />
  <meta name='ocr-system' content='tesseract 3.04.00' />
  <meta name='ocr-capabilities' content='ocr_page ocr_carea ocr_par ocr_line ocrx_word'/>
</head>
<body>
  <div class='ocr_page' id='page_1' title='image "./qhoratiiflaccio05unkngoog/qhoratiiflaccio05unkngoog_0672.png"; bbox 0 0 3092 5059; ppageno 0'>
   <div class='ocr_carea' id='block_1_1' title="bbox 426 245 550 310">
    <p class='ocr_par' dir='ltr' id='par_1_1' title="bbox 426 245 550 310">
     <span class='ocr_line' id='line_1_1' title="bbox 426 245 550 310; baseline 0 0"><span class='ocrx_word' id='word_1_1' title='bbox 426 245 550 310; x_wconf 82' lang='lat'><strong>642</strong></span> 
     </span>
    </p>
   </div>
   <div class='ocr_carea' id='block_1_2' title="bbox 1513 243 1774 310">
    <p class='ocr_par' dir='ltr' id='par_1_2' title="bbox 1513 243 1774 310">
     <span class='ocr_line' id='line_1_2' title="bbox 1513 243 1774 310; baseline 0.008 -2"><span class='ocrx_word' id='word_1_2' title='bbox 1513 243 1774 310; x_wconf 87' lang='lat' dir='ltr'><strong>LIBER</strong></span> 
     </span>
    </p>
   </div>
   <div class='ocr_carea' id='block_1_3' title="bbox 428 432 2648 1407">
    <p class='ocr_par' dir='ltr' id='par_1_3' title="bbox 532 432 2648 658">
     <span class='ocr_line' id='line_1_3' title="bbox 536 432 2648 512; baseline 0.002 -7"><span class='ocrx_word' id='word_1_3' title='bbox 536 432 867 507; x_wconf 83' lang='lat' dir='ltr'><strong>Doctum</strong></span> <span class='ocrx_word' id='word_1_4' title='bbox 912 434 1377 509; x_wconf 73' lang='lat' dir='ltr'><strong>imitatorem</strong></span> <span class='ocrx_word' id='word_1_5' title='bbox 1430 445 1507 509; x_wconf 91' lang='lat' dir='ltr'><strong>et</strong></span> <span class='ocrx_word' id='word_1_6' title='bbox 1561 433 1794 512; x_wconf 65' lang='lat' dir='ltr'><strong>vivas.</strong></span> <span class='ocrx_word' id='word_1_7' title='bbox 1824 435 2005 510; x_wconf 91' lang='lat' dir='ltr'><strong>hinc</strong></span> <span class='ocrx_word' id='word_1_8' title='bbox 2058 434 2340 512; x_wconf 91' lang='lat' dir='ltr'><strong>ducere</strong></span> <span class='ocrx_word' id='word_1_9' title='bbox 2389 461 2648 511; x_wconf 82' lang='lat' dir='ltr'><strong>voces.</strong></span> 
     </span>
     <span class='ocr_line' id='line_1_4' title="bbox 532 557 2328 658; baseline 0.002 -27"><span class='ocrx_word' id='word_1_10' title='bbox 532 557 931 632; x_wconf 79' lang='lat' dir='ltr'><strong>Interdum</strong></span> <span class='ocrx_word' id='word_1_11' title='bbox 984 559 1331 656; x_wconf 87' lang='lat' dir='ltr'><strong>speciosa</strong></span> <span class='ocrx_word' id='word_1_12' title='bbox 1372 558 1564 633; x_wconf 88' lang='lat' dir='ltr'><strong>locis</strong></span> <span class='ocrx_word' id='word_1_13' title='bbox 1617 571 2068 658; x_wconf 86' lang='lat' dir='ltr'><strong>morataque</strong></span> <span class='ocrx_word' id='word_1_14' title='bbox 2121 572 2328 635; x_wconf 88' lang='lat' dir='ltr'><strong>recte</strong></span> 
     </span>
    </p>

    <p class='ocr_par' dir='ltr' id='par_1_4' title="bbox 434 681 2592 1287">
     <span class='ocr_line' id='line_1_5' title="bbox 434 681 2526 784; baseline 0.004 -30"><span class='ocrx_word' id='word_1_15' title='bbox 434 714 510 754; x_wconf 72' lang='lat'><strong>320</strong></span> <span class='ocrx_word' id='word_1_16' title='bbox 534 681 834 760; x_wconf 85' lang='lat' dir='ltr'><strong>Fabula</strong></span> <span class='ocrx_word' id='word_1_17' title='bbox 888 681 1174 757; x_wconf 88' lang='lat' dir='ltr'><strong>nullius</strong></span> <span class='ocrx_word' id='word_1_18' title='bbox 1224 684 1551 779; x_wconf 86' lang='lat' dir='ltr'><strong>veneris,</strong></span> <span class='ocrx_word' id='word_1_19' title='bbox 1605 685 1771 760; x_wconf 89' lang='lat' dir='ltr'><strong>sine</strong></span> <span class='ocrx_word' id='word_1_20' title='bbox 1821 684 2170 784; x_wconf 89' lang='lat' dir='ltr'><strong>pondere</strong></span> <span class='ocrx_word' id='word_1_21' title='bbox 2221 694 2296 759; x_wconf 89' lang='lat' dir='ltr'><strong>et</strong></span> <span class='ocrx_word' id='word_1_22' title='bbox 2343 699 2526 782; x_wconf 85' lang='lat' dir='ltr'><strong>arte,</strong></span> 
     </span>
     <span class='ocr_line' id='line_1_6' title="bbox 532 806 2569 909; baseline 0.003 -31"><span class='ocrx_word' id='word_1_23' title='bbox 532 806 858 884; x_wconf 86' lang='lat' dir='ltr'><strong>Valdius</strong></span> <span class='ocrx_word' id='word_1_24' title='bbox 912 808 1247 884; x_wconf 89' lang='lat' dir='ltr'><strong>oblectat</strong></span> <span class='ocrx_word' id='word_1_25' title='bbox 1292 809 1666 909; x_wconf 91' lang='lat' dir='ltr'><strong>populum</strong></span> <span class='ocrx_word' id='word_1_26' title='bbox 1721 809 2154 909; x_wconf 79' lang='lat' dir='ltr'><strong>meliusque</strong></span> <span class='ocrx_word' id='word_1_27' title='bbox 2205 825 2569 908; x_wconf 89' lang='lat' dir='ltr'><strong>moratur,</strong></span> 
     </span>
     <span class='ocr_line' id='line_1_7' title="bbox 533 931 2592 1034; baseline 0 -27"><span class='ocrx_word' id='word_1_28' title='bbox 533 931 783 1024; x_wconf 81' lang='lat' dir='ltr'><strong>Quam</strong></span> <span class='ocrx_word' id='word_1_29' title='bbox 836 959 1099 1010; x_wconf 83' lang='lat' dir='ltr'><strong>versus</strong></span> <span class='ocrx_word' id='word_1_30' title='bbox 1148 935 1416 1033; x_wconf 81' lang='lat' dir='ltr'><strong>inopes</strong></span> <span class='ocrx_word' id='word_1_31' title='bbox 1467 961 1727 1010; x_wconf 88' lang='lat' dir='ltr'><strong>rerum</strong></span> <span class='ocrx_word' id='word_1_32' title='bbox 1781 960 2189 1034; x_wconf 83' lang='lat' dir='ltr'><strong>nugaeque</strong></span> <span class='ocrx_word' id='word_1_33' title='bbox 2243 960 2592 1010; x_wconf 84' lang='lat' dir='ltr'><strong>canorae.</strong></span> 
     </span>
     <span class='ocr_line' id='line_1_8' title="bbox 532 1058 2346 1156; baseline 0 -22"><span class='ocrx_word' id='word_1_34' title='bbox 532 1058 759 1134; x_wconf 82' lang='lat' dir='ltr'><strong>Grais</strong></span> <span class='ocrx_word' id='word_1_35' title='bbox 810 1059 1226 1156; x_wconf 86' lang='lat' dir='ltr'><strong>ingenium,</strong></span> <span class='ocrx_word' id='word_1_36' title='bbox 1280 1061 1504 1139; x_wconf 83' lang='lat' dir='ltr'><strong>Grais</strong></span> <span class='ocrx_word' id='word_1_37' title='bbox 1560 1060 1776 1137; x_wconf 82' lang='lat' dir='ltr'><strong>dedit</strong></span> <span class='ocrx_word' id='word_1_38' title='bbox 1827 1087 1960 1138; x_wconf 91' lang='lat' dir='ltr'><strong>ore</strong></span> <span class='ocrx_word' id='word_1_39' title='bbox 2013 1061 2346 1136; x_wconf 79' lang='lat' dir='ltr'><strong>rotundo</strong></span> 
     </span>
     <span class='ocr_line' id='line_1_9' title="bbox 528 1182 2427 1287; baseline 0.001 -29"><span class='ocrx_word' id='word_1_40' title='bbox 528 1182 753 1258; x_wconf 84' lang='lat' dir='ltr'><strong>Musa</strong></span> <span class='ocrx_word' id='word_1_41' title='bbox 798 1183 1037 1284; x_wconf 88' lang='lat' dir='ltr'><strong>loqui,</strong></span> <span class='ocrx_word' id='word_1_42' title='bbox 1093 1199 1403 1287; x_wconf 87' lang='lat' dir='ltr'><strong>praeter</strong></span> <span class='ocrx_word' id='word_1_43' title='bbox 1451 1185 1759 1262; x_wconf 89' lang='lat' dir='ltr'><strong>laudem</strong></span> <span class='ocrx_word' id='word_1_44' title='bbox 1813 1185 2102 1262; x_wconf 86' lang='lat' dir='ltr'><strong>nullius</strong></span> <span class='ocrx_word' id='word_1_45' title='bbox 2155 1187 2427 1262; x_wconf 82' lang='lat' dir='ltr'><strong>avaris.</strong></span> 
     </span>
    </p>

    <p class='ocr_par' dir='ltr' id='par_1_5' title="bbox 428 1308 2198 1407">
     <span class='ocr_line' id='line_1_10' title="bbox 428 1308 2198 1407; baseline 0.004 -28"><span class='ocrx_word' id='word_1_46' title='bbox 428 1339 505 1380; x_wconf 67' lang='grc' dir='ltr'><strong>επ</strong></span> <span class='ocrx_word' id='word_1_47' title='bbox 527 1308 854 1383; x_wconf 83' lang='lat' dir='ltr'><strong>Romani</strong></span> <span class='ocrx_word' id='word_1_48' title='bbox 900 1313 1122 1406; x_wconf 77' lang='lat' dir='ltr'><strong>pueri</strong></span> <span class='ocrx_word' id='word_1_49' title='bbox 1170 1310 1425 1407; x_wconf 86' lang='lat' dir='ltr'><strong>longis</strong></span> <span class='ocrx_word' id='word_1_50' title='bbox 1477 1312 1902 1387; x_wconf 90' lang='lat' dir='ltr'><strong>rationibus</strong></span> <span class='ocrx_word' id='word_1_51' title='bbox 1951 1337 2198 1389; x_wconf 87' lang='lat' dir='ltr'><strong>assem</strong></span> 
     </span>
    </p>
   </div>
   <div class='ocr_carea' id='block_1_4' title="bbox 528 1430 2086 1533">
    <p class='ocr_par' dir='ltr' id='par_1_6' title="bbox 528 1430 2086 1533">
     <span class='ocr_line' id='line_1_11' title="bbox 528 1430 2086 1533; baseline 0.003 -29"><span class='ocrx_word' id='word_1_52' title='bbox 528 1430 845 1508; x_wconf 78' lang='lat' dir='ltr'><strong>Discunt</strong></span> <span class='ocrx_word' id='word_1_53' title='bbox 891 1433 975 1507; x_wconf 86' lang='lat' dir='ltr'><strong>in</strong></span> <span class='ocrx_word' id='word_1_54' title='bbox 1026 1448 1283 1533; x_wconf 87' lang='lat' dir='ltr'><strong>partes</strong></span> <span class='ocrx_word' id='word_1_55' title='bbox 1334 1445 1640 1510; x_wconf 88' lang='lat' dir='ltr'><strong>centum</strong></span> <span class='ocrx_word' id='word_1_56' title='bbox 1697 1433 2086 1511; x_wconf 77' lang='lat' dir='ltr'><strong>diducere.</strong></span> 
     </span>
    </p>
   </div>
   <div class='ocr_carea' id='block_1_5' title="bbox 2186 1435 2454 1530">
    <p class='ocr_par' dir='ltr' id='par_1_7' title="bbox 2186 1435 2454 1530">
     <span class='ocr_line' id='line_1_12' title="bbox 2186 1435 2454 1530; baseline -0.007 -20"><span class='ocrx_word' id='word_1_57' title='bbox 2186 1435 2454 1530; x_wconf 74' lang='lat' dir='ltr'><strong>„Dicat</strong></span> 
     </span>
    </p>
   </div>
   <div class='ocr_carea' id='block_1_6' title="bbox 524 1554 2832 1910">
    <p class='ocr_par' dir='ltr' id='par_1_8' title="bbox 524 1554 2832 1910">
     <span class='ocr_line' id='line_1_13' title="bbox 526 1554 2391 1658; baseline 0.003 -30"><span class='ocrx_word' id='word_1_58' title='bbox 526 1554 767 1630; x_wconf 85' lang='lat' dir='ltr'><strong>Filius</strong></span> <span class='ocrx_word' id='word_1_59' title='bbox 821 1554 1125 1633; x_wconf 88' lang='lat' dir='ltr'><strong>Albini:</strong></span> <span class='ocrx_word' id='word_1_60' title='bbox 1186 1561 1253 1634; x_wconf 90' lang='lat' dir='ltr'><strong>si</strong></span> <span class='ocrx_word' id='word_1_61' title='bbox 1305 1558 1405 1636; x_wconf 89' lang='lat' dir='ltr'><strong>de</strong></span> <span class='ocrx_word' id='word_1_62' title='bbox 1451 1559 1879 1658; x_wconf 82' lang='lat' dir='ltr'><strong>quincunce</strong></span> <span class='ocrx_word' id='word_1_63' title='bbox 1929 1571 2226 1636; x_wconf 84' lang='lat' dir='ltr'><strong>remota</strong></span> <span class='ocrx_word' id='word_1_64' title='bbox 2275 1571 2391 1635; x_wconf 85' lang='lat' dir='ltr'><strong>est</strong></span> 
     </span>
     <span class='ocr_line' id='line_1_14' title="bbox 524 1679 2832 1782; baseline 0.001 -26"><span class='ocrx_word' id='word_1_65' title='bbox 524 1679 789 1778; x_wconf 84' lang='lat' dir='ltr'><strong>Uncia,</strong></span> <span class='ocrx_word' id='word_1_66' title='bbox 820 1683 1010 1781; x_wconf 88' lang='lat' dir='ltr'><strong>quid</strong></span> <span class='ocrx_word' id='word_1_67' title='bbox 1040 1686 1397 1781; x_wconf 78' lang='lat' dir='ltr'><strong>superat?</strong></span> <span class='ocrx_word' id='word_1_68' title='bbox 1435 1683 1750 1759; x_wconf 80' lang='lat' dir='ltr'><strong>Poteras</strong></span> <span class='ocrx_word' id='word_1_69' title='bbox 1789 1680 2148 1760; x_wconf 82' lang='lat' dir='ltr'><strong>dixisse.“</strong></span> <span class='ocrx_word' id='word_1_70' title='bbox 2183 1682 2582 1782; x_wconf 76' lang='lat' dir='ltr'><strong>„Triens.“</strong></span> <span class='ocrx_word' id='word_1_71' title='bbox 2622 1684 2832 1782; x_wconf 79' lang='lat' dir='ltr'><strong>‚‚Eu!</strong></span> 
     </span>
     <span class='ocr_line' id='line_1_15' title="bbox 525 1807 2796 1910; baseline 0.001 -29"><span class='ocrx_word' id='word_1_72' title='bbox 525 1807 711 1881; x_wconf 86' lang='lat' dir='ltr'><strong>Rem</strong></span> <span class='ocrx_word' id='word_1_73' title='bbox 764 1809 1055 1904; x_wconf 87' lang='lat' dir='ltr'><strong>poteris</strong></span> <span class='ocrx_word' id='word_1_74' title='bbox 1104 1834 1413 1884; x_wconf 78' lang='lat' dir='ltr'><strong>servare</strong></span> <span class='ocrx_word' id='word_1_75' title='bbox 1458 1823 1692 1883; x_wconf 85' lang='lat' dir='ltr'><strong>tuam.</strong></span> <span class='ocrx_word' id='word_1_76' title='bbox 1787 1810 2020 1885; x_wconf 88' lang='lat' dir='ltr'><strong>Redit</strong></span> <span class='ocrx_word' id='word_1_77' title='bbox 2062 1808 2308 1906; x_wconf 88' lang='lat' dir='ltr'><strong>uncia,</strong></span> <span class='ocrx_word' id='word_1_78' title='bbox 2363 1808 2554 1910; x_wconf 92' lang='lat' dir='ltr'><strong>quid</strong></span> <span class='ocrx_word' id='word_1_79' title='bbox 2603 1807 2796 1884; x_wconf 82' lang='lat' dir='ltr'><strong>fit?“</strong></span> 
     </span>
    </p>
   </div>
   <div class='ocr_carea' id='block_1_7' title="bbox 425 1929 901 2030">
    <p class='ocr_par' dir='ltr' id='par_1_9' title="bbox 425 1929 901 2030">
     <span class='ocr_line' id='line_1_16' title="bbox 425 1929 901 2030; baseline 0.006 -26"><span class='ocrx_word' id='word_1_80' title='bbox 425 1965 503 2004; x_wconf 65' lang='grc' dir='ltr'><strong>πο</strong></span> <span class='ocrx_word' id='word_1_81' title='bbox 530 1931 847 2030; x_wconf 78' lang='lat' dir='ltr'><strong>„Semis.</strong></span> <span class='ocrx_word' id='word_1_82' title='bbox 856 1929 901 1968; x_wconf 84' lang='lat'><strong>“</strong></span> 
     </span>
    </p>
   </div>
   <div class='ocr_carea' id='block_1_8' title="bbox 1004 1932 2704 2032">
    <p class='ocr_par' dir='ltr' id='par_1_10' title="bbox 1004 1932 2704 2032">
     <span class='ocr_line' id='line_1_17' title="bbox 1004 1932 2704 2032; baseline -0.001 -24"><span class='ocrx_word' id='word_1_83' title='bbox 1004 1932 1114 2008; x_wconf 86' lang='lat' dir='ltr'><strong>At</strong></span> <span class='ocrx_word' id='word_1_84' title='bbox 1161 1933 1351 2009; x_wconf 86' lang='lat' dir='ltr'><strong>haec</strong></span> <span class='ocrx_word' id='word_1_85' title='bbox 1400 1935 1698 2010; x_wconf 86' lang='lat' dir='ltr'><strong>animos</strong></span> <span class='ocrx_word' id='word_1_86' title='bbox 1747 1959 2036 2032; x_wconf 79' lang='lat' dir='ltr'><strong>aerugo</strong></span> <span class='ocrx_word' id='word_1_87' title='bbox 2089 1947 2164 2011; x_wconf 92' lang='lat' dir='ltr'><strong>et</strong></span> <span class='ocrx_word' id='word_1_88' title='bbox 2217 1961 2400 2010; x_wconf 87' lang='lat' dir='ltr'><strong>eura</strong></span> <span class='ocrx_word' id='word_1_89' title='bbox 2445 1933 2704 2030; x_wconf 87' lang='lat' dir='ltr'><strong>peculi</strong></span> 
     </span>
    </p>
   </div>
   <div class='ocr_carea' id='block_1_9' title="bbox 525 2055 2639 2281">
    <p class='ocr_par' dir='ltr' id='par_1_11' title="bbox 525 2055 2639 2281">
     <span class='ocr_line' id='line_1_18' title="bbox 528 2055 2530 2156; baseline -0.002 -18"><span class='ocrx_word' id='word_1_90' title='bbox 528 2063 723 2138; x_wconf 80' lang='lat' dir='ltr'><strong>Cum</strong></span> <span class='ocrx_word' id='word_1_91' title='bbox 781 2055 1021 2136; x_wconf 86' lang='lat' dir='ltr'><strong>semel</strong></span> <span class='ocrx_word' id='word_1_92' title='bbox 1070 2058 1452 2154; x_wconf 89' lang='lat' dir='ltr'><strong>imbuerit,</strong></span> <span class='ocrx_word' id='word_1_93' title='bbox 1504 2085 1902 2156; x_wconf 86' lang='lat' dir='ltr'><strong>speramus</strong></span> <span class='ocrx_word' id='word_1_94' title='bbox 1951 2060 2296 2135; x_wconf 87' lang='lat' dir='ltr'><strong>carmina</strong></span> <span class='ocrx_word' id='word_1_95' title='bbox 2339 2060 2530 2156; x_wconf 87' lang='lat' dir='ltr'><strong>fingi</strong></span> 
     </span>
     <span class='ocr_line' id='line_1_19' title="bbox 525 2182 2639 2281; baseline -0 -24"><span class='ocrx_word' id='word_1_96' title='bbox 525 2184 761 2259; x_wconf 86' lang='lat' dir='ltr'><strong>Posse</strong></span> <span class='ocrx_word' id='word_1_97' title='bbox 811 2182 1125 2260; x_wconf 86' lang='lat' dir='ltr'><strong>linenda</strong></span> <span class='ocrx_word' id='word_1_98' title='bbox 1176 2184 1407 2260; x_wconf 87' lang='lat' dir='ltr'><strong>cedro</strong></span> <span class='ocrx_word' id='word_1_99' title='bbox 1464 2196 1538 2259; x_wconf 87' lang='lat' dir='ltr'><strong>et</strong></span> <span class='ocrx_word' id='word_1_100' title='bbox 1589 2184 1744 2261; x_wconf 82' lang='lat' dir='ltr'><strong>levi</strong></span> <span class='ocrx_word' id='word_1_101' title='bbox 1791 2184 2170 2261; x_wconf 83' lang='lat' dir='ltr'><strong>servanda</strong></span> <span class='ocrx_word' id='word_1_102' title='bbox 2221 2207 2581 2281; x_wconf 81' lang='lat' dir='ltr'><strong>cupresso</strong></span> <span class='ocrx_word' id='word_1_103' title='bbox 2601 2183 2639 2256; x_wconf 81' lang='lat'><strong>⁴?</strong></span> 
     </span>
    </p>
   </div>
   <div class='ocr_carea' id='block_1_10' title="bbox 420 2371 1573 4655">
    <p class='ocr_par' dir='ltr' id='par_1_12' title="bbox 420 2371 1573 4655">
     <span class='ocr_line' id='line_1_20' title="bbox 424 2371 1570 2444; baseline 0.001 -18"><span class='ocrx_word' id='word_1_104' title='bbox 424 2371 719 2444; x_wconf 89' lang='lat' dir='ltr'><strong>dirigenda</strong></span> <span class='ocrx_word' id='word_1_105' title='bbox 762 2377 915 2434; x_wconf 86' lang='lat' dir='ltr'><strong>sunt,</strong></span> <span class='ocrx_word' id='word_1_106' title='bbox 958 2391 1025 2427; x_wconf 85' lang='lat' dir='ltr'><strong>ex</strong></span> <span class='ocrx_word' id='word_1_107' title='bbox 1079 2371 1435 2443; x_wconf 85' lang='lat' dir='ltr'><strong>philosophia</strong></span> <span class='ocrx_word' id='word_1_108' title='bbox 1476 2390 1570 2442; x_wconf 88' lang='lat' dir='ltr'><strong>pe·</strong></span> 
     </span>
     <span class='ocr_line' id='line_1_21' title="bbox 423 2444 1572 2514; baseline 0 -17"><span class='ocrx_word' id='word_1_109' title='bbox 423 2445 655 2498; x_wconf 89' lang='lat' dir='ltr'><strong>tendum</strong></span> <span class='ocrx_word' id='word_1_110' title='bbox 691 2449 791 2498; x_wconf 86' lang='lat' dir='ltr'><strong>est.</strong></span> <span class='ocrx_word' id='word_1_111' title='bbox 834 2473 895 2484; x_wconf 89' lang='lat'><em>-</em></span> <span class='ocrx_word' id='word_1_112' title='bbox 945 2444 1091 2514; x_wconf 69' lang='lat' dir='ltr'><strong>hinc]</strong></span> <span class='ocrx_word' id='word_1_113' title='bbox 1138 2445 1209 2500; x_wconf 83' lang='lat' dir='ltr'><strong>ab</strong></span> <span class='ocrx_word' id='word_1_114' title='bbox 1249 2444 1572 2514; x_wconf 80' lang='lat' dir='ltr'><strong>exemplari,</strong></span> 
     </span>
     <span class='ocr_line' id='line_1_22' title="bbox 425 2515 1571 2584; baseline 0.001 -15"><span class='ocrx_word' id='word_1_115' title='bbox 425 2515 497 2569; x_wconf 83' lang='lat' dir='ltr'><strong>ad</strong></span> <span class='ocrx_word' id='word_1_116' title='bbox 535 2516 684 2584; x_wconf 92' lang='lat' dir='ltr'><strong>quod</strong></span> <span class='ocrx_word' id='word_1_117' title='bbox 721 2517 1096 2571; x_wconf 81' lang='lat' dir='ltr'><strong>instituendae</strong></span> <span class='ocrx_word' id='word_1_118' title='bbox 1134 2523 1263 2571; x_wconf 86' lang='lat' dir='ltr'><strong>sunt</strong></span> <span class='ocrx_word' id='word_1_119' title='bbox 1293 2515 1448 2570; x_wconf 77' lang='lat' dir='ltr'><strong>vivae</strong></span> <span class='ocrx_word' id='word_1_120' title='bbox 1479 2532 1571 2570; x_wconf 86' lang='lat' dir='ltr'><strong>vo-</strong></span> 
     </span>
     <span class='ocr_line' id='line_1_23' title="bbox 426 2587 1571 2656; baseline -0.002 -14"><span class='ocrx_word' id='word_1_121' title='bbox 426 2601 511 2642; x_wconf 73' lang='lat' dir='ltr'><strong>ces</strong></span> <span class='ocrx_word' id='word_1_122' title='bbox 536 2589 571 2640; x_wconf 90' lang='lat' dir='ltr'><strong>i.</strong></span> <span class='ocrx_word' id='word_1_123' title='bbox 595 2605 641 2642; x_wconf 90' lang='lat' dir='ltr'><strong>e.</strong></span> <span class='ocrx_word' id='word_1_124' title='bbox 667 2604 830 2642; x_wconf 80' lang='lat' dir='ltr'><strong>voces</strong></span> <span class='ocrx_word' id='word_1_125' title='bbox 856 2605 1239 2656; x_wconf 85' lang='lat' dir='ltr'><strong>personarum,</strong></span> <span class='ocrx_word' id='word_1_126' title='bbox 1264 2587 1571 2656; x_wconf 87' lang='lat' dir='ltr'><strong>hominum,</strong></span> 
     </span>
     <span class='ocr_line' id='line_1_24' title="bbox 426 2657 1570 2729; baseline 0.002 -18"><span class='ocrx_word' id='word_1_127' title='bbox 426 2659 521 2726; x_wconf 87' lang='lat' dir='ltr'><strong>qui</strong></span> <span class='ocrx_word' id='word_1_128' title='bbox 583 2658 989 2713; x_wconf 86' lang='lat' dir='ltr'><strong>describuntur.</strong></span> <span class='ocrx_word' id='word_1_129' title='bbox 1057 2689 1122 2698; x_wconf 88' lang='lat'><strong>—-</strong></span> <span class='ocrx_word' id='word_1_130' title='bbox 1192 2660 1341 2713; x_wconf 80' lang='lat' dir='ltr'><strong>vivas</strong></span> <span class='ocrx_word' id='word_1_131' title='bbox 1396 2657 1570 2729; x_wconf 79' lang='lat' dir='ltr'><strong>voces]</strong></span> 
     </span>
     <span class='ocr_line' id='line_1_25' title="bbox 423 2730 1572 2800; baseline 0.002 -18"><span class='ocrx_word' id='word_1_132' title='bbox 423 2731 571 2784; x_wconf 85' lang='lat' dir='ltr'><strong>Ante</strong></span> <span class='ocrx_word' id='word_1_133' title='bbox 622 2730 928 2800; x_wconf 85' lang='lat' dir='ltr'><strong>Cruqnium</strong></span> <span class='ocrx_word' id='word_1_134' title='bbox 981 2731 1333 2785; x_wconf 81' lang='lat' dir='ltr'><strong>scribebatur</strong></span> <span class='ocrx_word' id='word_1_135' title='bbox 1386 2745 1572 2799; x_wconf 81' lang='lat' dir='ltr'><strong>vera83</strong></span> 
     </span>
     <span class='ocr_line' id='line_1_26' title="bbox 424 2801 1572 2871; baseline 0 -17"><span class='ocrx_word' id='word_1_136' title='bbox 424 2801 565 2855; x_wconf 87' lang='lat' dir='ltr'><strong>illud</strong></span> <span class='ocrx_word' id='word_1_137' title='bbox 600 2806 786 2856; x_wconf 89' lang='lat' dir='ltr'><strong>tamen</strong></span> <span class='ocrx_word' id='word_1_138' title='bbox 808 2803 1005 2871; x_wconf 81' lang='lat' dir='ltr'><strong>(vivas)</strong></span> <span class='ocrx_word' id='word_1_139' title='bbox 1038 2804 1096 2856; x_wconf 91' lang='lat' dir='ltr'><strong>in</strong></span> <span class='ocrx_word' id='word_1_140' title='bbox 1122 2802 1379 2856; x_wconf 87' lang='lat' dir='ltr'><strong>omnibus</strong></span> <span class='ocrx_word' id='word_1_141' title='bbox 1412 2801 1572 2855; x_wconf 88' lang='lat' dir='ltr'><strong>libris</strong></span> 
     </span>
     <span class='ocr_line' id='line_1_27' title="bbox 425 2873 1572 2943; baseline 0.002 -18"><span class='ocrx_word' id='word_1_142' title='bbox 425 2873 657 2941; x_wconf 86' lang='lat' dir='ltr'><strong>Cruquii</strong></span> <span class='ocrx_word' id='word_1_143' title='bbox 710 2878 999 2943; x_wconf 86' lang='lat' dir='ltr'><strong>repertum</strong></span> <span class='ocrx_word' id='word_1_144' title='bbox 1046 2878 1145 2928; x_wconf 86' lang='lat' dir='ltr'><strong>est.</strong></span> <span class='ocrx_word' id='word_1_145' title='bbox 1200 2903 1267 2912; x_wconf 95' lang='lat'><strong>—-</strong></span> <span class='ocrx_word' id='word_1_146' title='bbox 1329 2874 1572 2942; x_wconf 76' lang='lat' dir='ltr'><strong>speciosa</strong></span> 
     </span>
     <span class='ocr_line' id='line_1_28' title="bbox 423 2944 1572 3030; baseline -0.001 -32"><span class='ocrx_word' id='word_1_147' title='bbox 423 2945 579 3014; x_wconf 78' lang='lat' dir='ltr'><strong>locis]</strong></span> <span class='ocrx_word' id='word_1_148' title='bbox 637 2945 928 3000; x_wconf 72' lang='lat' dir='ltr'><strong>sententiis</strong></span> <span class='ocrx_word' id='word_1_149' title='bbox 984 2945 1249 3030; x_wconf 80' lang='lat' dir='ltr'><strong>gravibus</strong></span> <span class='ocrx_word' id='word_1_150' title='bbox 1298 2944 1572 2998; x_wconf 85' lang='lat' dir='ltr'><strong>moribus-</strong></span> 
     </span>
     <span class='ocr_line' id='line_1_29' title="bbox 425 3015 1571 3087; baseline -0.002 -18"><span class='ocrx_word' id='word_1_151' title='bbox 425 3033 533 3084; x_wconf 86' lang='lat' dir='ltr'><strong>que</strong></span> <span class='ocrx_word' id='word_1_152' title='bbox 567 3019 721 3070; x_wconf 81' lang='lat' dir='ltr'><strong>recte</strong></span> <span class='ocrx_word' id='word_1_153' title='bbox 744 3016 1038 3087; x_wconf 77' lang='lat' dir='ltr'><strong>descriptis</strong></span> <span class='ocrx_word' id='word_1_154' title='bbox 1076 3035 1297 3071; x_wconf 80' lang='lat' dir='ltr'><strong>eximia.</strong></span> <span class='ocrx_word' id='word_1_155' title='bbox 1336 3015 1571 3083; x_wconf 79' lang='lat' dir='ltr'><strong>Quintil.</strong></span> 
     </span>
     <span class='ocr_line' id='line_1_30' title="bbox 423 3085 1573 3170; baseline 0 -30"><span class='ocrx_word' id='word_1_156' title='bbox 423 3085 545 3151; x_wconf 84' lang='lat' dir='ltr'><strong>VII,</strong></span> <span class='ocrx_word' id='word_1_157' title='bbox 584 3090 633 3156; x_wconf 90' lang='lat'><strong>1,</strong></span> <span class='ocrx_word' id='word_1_158' title='bbox 676 3090 772 3141; x_wconf 84' lang='lat'><strong>41-</strong></span> <span class='ocrx_word' id='word_1_159' title='bbox 852 3089 1153 3158; x_wconf 88' lang='lat' dir='ltr'><strong>„plerique,</strong></span> <span class='ocrx_word' id='word_1_160' title='bbox 1218 3087 1573 3170; x_wconf 82' lang='lat' dir='ltr'><strong>eloquentiae</strong></span> 
     </span>
     <span class='ocr_line' id='line_1_31' title="bbox 423 3157 1572 3214; baseline 0.001 -4"><span class='ocrx_word' id='word_1_161' title='bbox 423 3157 632 3211; x_wconf 78' lang='lat' dir='ltr'><strong>famam</strong></span> <span class='ocrx_word' id='word_1_162' title='bbox 672 3158 1017 3214; x_wconf 83' lang='lat' dir='ltr'><strong>adfectantes</strong></span> <span class='ocrx_word' id='word_1_163' title='bbox 1043 3160 1291 3214; x_wconf 89' lang='lat' dir='ltr'><strong>contenti</strong></span> <span class='ocrx_word' id='word_1_164' title='bbox 1326 3163 1455 3213; x_wconf 88' lang='lat' dir='ltr'><strong>sunt</strong></span> <span class='ocrx_word' id='word_1_165' title='bbox 1492 3159 1572 3212; x_wconf 93' lang='lat' dir='ltr'><strong>lo-</strong></span> 
     </span>
     <span class='ocr_line' id='line_1_32' title="bbox 424 3229 1571 3299; baseline 0 -16"><span class='ocrx_word' id='word_1_166' title='bbox 424 3229 500 3283; x_wconf 89' lang='lat' dir='ltr'><strong>cis</strong></span> <span class='ocrx_word' id='word_1_167' title='bbox 538 3230 799 3299; x_wconf 87' lang='lat' dir='ltr'><strong>speciosis</strong></span> <span class='ocrx_word' id='word_1_168' title='bbox 836 3232 1001 3286; x_wconf 91' lang='lat' dir='ltr'><strong>modo</strong></span> <span class='ocrx_word' id='word_1_169' title='bbox 1030 3232 1119 3286; x_wconf 87' lang='lat' dir='ltr'><strong>vel</strong></span> <span class='ocrx_word' id='word_1_170' title='bbox 1154 3231 1297 3284; x_wconf 87' lang='lat' dir='ltr'><strong>nihil</strong></span> <span class='ocrx_word' id='word_1_171' title='bbox 1334 3229 1405 3285; x_wconf 88' lang='lat' dir='ltr'><strong>ad</strong></span> <span class='ocrx_word' id='word_1_172' title='bbox 1443 3246 1571 3299; x_wconf 91' lang='lat' dir='ltr'><strong>pro-</strong></span> 
     </span>
     <span class='ocr_line' id='line_1_33' title="bbox 421 3301 1570 3357; baseline 0.001 -3"><span class='ocrx_word' id='word_1_173' title='bbox 421 3301 707 3356; x_wconf 86' lang='lat' dir='ltr'><strong>bationem</strong></span> <span class='ocrx_word' id='word_1_174' title='bbox 730 3302 1198 3357; x_wconf 85' lang='lat' dir='ltr'><strong>conferentibus.“</strong></span> <span class='ocrx_word' id='word_1_175' title='bbox 1224 3301 1399 3356; x_wconf 88' lang='lat' dir='ltr'><strong>Tacit.</strong></span> <span class='ocrx_word' id='word_1_176' title='bbox 1424 3305 1570 3354; x_wconf 89' lang='lat' dir='ltr'><strong>Ann.</strong></span> 
     </span>
     <span class='ocr_line' id='line_1_34' title="bbox 422 3372 1573 3442; baseline 0 -16"><span class='ocrx_word' id='word_1_177' title='bbox 422 3372 464 3437; x_wconf 91' lang='lat'><strong>1,</strong></span> <span class='ocrx_word' id='word_1_178' title='bbox 502 3373 596 3426; x_wconf 88' lang='lat'><strong>81:</strong></span> <span class='ocrx_word' id='word_1_179' title='bbox 656 3373 939 3442; x_wconf 86' lang='lat' dir='ltr'><strong>„speciosa</strong></span> <span class='ocrx_word' id='word_1_180' title='bbox 993 3374 1197 3439; x_wconf 78' lang='lat' dir='ltr'><strong>verbis,</strong></span> <span class='ocrx_word' id='word_1_181' title='bbox 1260 3391 1321 3428; x_wconf 93' lang='lat' dir='ltr'><strong>re</strong></span> <span class='ocrx_word' id='word_1_182' title='bbox 1382 3373 1573 3427; x_wconf 88' lang='lat' dir='ltr'><strong>inania</strong></span> 
     </span>
     <span class='ocr_line' id='line_1_35' title="bbox 423 3444 1572 3514; baseline 0.003 -18"><span class='ocrx_word' id='word_1_183' title='bbox 423 3447 522 3497; x_wconf 87' lang='lat' dir='ltr'><strong>aut</strong></span> <span class='ocrx_word' id='word_1_184' title='bbox 557 3444 843 3499; x_wconf 67' lang='lat' dir='ltr'><strong>subdolaf‘</strong></span> <span class='ocrx_word' id='word_1_185' title='bbox 872 3475 938 3484; x_wconf 88' lang='lat'><strong>—-</strong></span> <span class='ocrx_word' id='word_1_186' title='bbox 974 3445 1183 3500; x_wconf 75' lang='lat' dir='ltr'><strong>nullius</strong></span> <span class='ocrx_word' id='word_1_187' title='bbox 1219 3445 1450 3514; x_wconf 73' lang='lat' dir='ltr'><strong>veneris]</strong></span> <span class='ocrx_word' id='word_1_188' title='bbox 1487 3461 1572 3499; x_wconf 89' lang='lat' dir='ltr'><strong>ce-</strong></span> 
     </span>
     <span class='ocr_line' id='line_1_36' title="bbox 421 3515 1570 3571; baseline 0.002 -3"><span class='ocrx_word' id='word_1_189' title='bbox 421 3520 609 3570; x_wconf 85' lang='lat' dir='ltr'><strong>terum</strong></span> <span class='ocrx_word' id='word_1_190' title='bbox 632 3515 903 3570; x_wconf 86' lang='lat' dir='ltr'><strong>destituta</strong></span> <span class='ocrx_word' id='word_1_191' title='bbox 940 3517 991 3571; x_wconf 88' lang='lat' dir='ltr'><strong>le</strong></span> <span class='ocrx_word' id='word_1_192' title='bbox 1032 3533 1129 3570; x_wconf 88' lang='lat' dir='ltr'><strong>ore</strong></span> <span class='ocrx_word' id='word_1_193' title='bbox 1166 3533 1233 3570; x_wconf 87' lang='lat' dir='ltr'><strong>ac</strong></span> <span class='ocrx_word' id='word_1_194' title='bbox 1263 3520 1570 3570; x_wconf 82' lang='lat' dir='ltr'><strong>venustate.</strong></span> 
     </span>
     <span class='ocr_line' id='line_1_37' title="bbox 424 3586 1569 3658; baseline -0.002 -17"><span class='ocrx_word' id='word_1_195' title='bbox 424 3615 491 3625; x_wconf 89' lang='lat'><strong>--</strong></span> <span class='ocrx_word' id='word_1_196' title='bbox 528 3586 645 3641; x_wconf 70' lang='lat' dir='ltr'><strong>sine</strong></span> <span class='ocrx_word' id='word_1_197' title='bbox 666 3587 925 3658; x_wconf 76' lang='lat' dir='ltr'><strong>pondere]</strong></span> <span class='ocrx_word' id='word_1_198' title='bbox 963 3604 1034 3642; x_wconf 90' lang='lat' dir='ltr'><strong>o.</strong></span> <span class='ocrx_word' id='word_1_199' title='bbox 1060 3587 1241 3658; x_wconf 81' lang='lat' dir='ltr'><strong>Epist.</strong></span> <span class='ocrx_word' id='word_1_200' title='bbox 1275 3587 1347 3656; x_wconf 92' lang='lat'><strong>11,</strong></span> <span class='ocrx_word' id='word_1_201' title='bbox 1374 3589 1424 3652; x_wconf 87' lang='lat'><strong>2,</strong></span> <span class='ocrx_word' id='word_1_202' title='bbox 1452 3589 1569 3641; x_wconf 83' lang='lat'><strong>112.</strong></span> 
     </span>
     <span class='ocr_line' id='line_1_38' title="bbox 422 3657 1570 3799; baseline 0.001 -16"><span class='ocrx_word' id='word_1_203' title='bbox 422 3687 493 3791; x_wconf 67' lang='grc' dir='ltr'><em>ἴ</em></span> <span class='ocrx_word' id='word_1_204' title='bbox 509 3657 1570 3799; x_wconf 59' lang='lat' dir='ltr'><strong>{³2²‘⁹⁰⁶‹3¹2¹;1⁶;“2.?{“5fflm0¹.23⁰f253</strong></span> 
     </span>
     <span class='ocr_line' id='line_1_39' title="bbox 425 3803 1572 3872; baseline 0.002 -19"><span class='ocrx_word' id='word_1_205' title='bbox 425 3817 543 3854; x_wconf 85' lang='lat' dir='ltr'><strong>sum</strong></span> <span class='ocrx_word' id='word_1_206' title='bbox 583 3819 750 3869; x_wconf 89' lang='lat' dir='ltr'><strong>quam</strong></span> <span class='ocrx_word' id='word_1_207' title='bbox 774 3803 1077 3856; x_wconf 84' lang='lat' dir='ltr'><strong>verborum</strong></span> <span class='ocrx_word' id='word_1_208' title='bbox 1115 3803 1204 3857; x_wconf 81' lang='lat' dir='ltr'><strong>vel</strong></span> <span class='ocrx_word' id='word_1_209' title='bbox 1230 3804 1572 3872; x_wconf 86' lang='lat' dir='ltr'><strong>optimorum</strong></span> 
     </span>
     <span class='ocr_line' id='line_1_40' title="bbox 423 3873 1570 3942; baseline 0.001 -16"><span class='ocrx_word' id='word_1_210' title='bbox 423 3877 593 3942; x_wconf 89' lang='lat' dir='ltr'><strong>atque</strong></span> <span class='ocrx_word' id='word_1_211' title='bbox 620 3873 1101 3929; x_wconf 86' lang='lat' dir='ltr'><strong>ornatissimorum</strong></span> <span class='ocrx_word' id='word_1_212' title='bbox 1138 3875 1353 3928; x_wconf 84' lang='lat' dir='ltr'><strong>sonitus</strong></span> <span class='ocrx_word' id='word_1_213' title='bbox 1390 3873 1570 3928; x_wconf 88' lang='lat' dir='ltr'><strong>inanis</strong></span> 
     </span>
     <span class='ocr_line' id='line_1_41' title="bbox 421 3944 1570 4006; baseline 0.001 -9"><span class='ocrx_word' id='word_1_214' title='bbox 421 3944 577 3998; x_wconf 86' lang='lat' dir='ltr'><strong>nulla</strong></span> <span class='ocrx_word' id='word_1_215' title='bbox 613 3944 862 4000; x_wconf 84' lang='lat' dir='ltr'><strong>subiecta</strong></span> <span class='ocrx_word' id='word_1_216' title='bbox 912 3945 1259 4000; x_wconf 61' lang='lat' dir='ltr'><strong>sententiaY‘</strong></span> <span class='ocrx_word' id='word_1_217' title='bbox 1322 3946 1458 3999; x_wconf 87' lang='lat' dir='ltr'><strong>ibid.</strong></span> <span class='ocrx_word' id='word_1_218' title='bbox 1495 3944 1570 4006; x_wconf 88' lang='lat' dir='ltr'><strong>H,</strong></span> 
     </span>
     <span class='ocr_line' id='line_1_42' title="bbox 429 4015 1571 4088; baseline 0.002 -20"><span class='ocrx_word' id='word_1_219' title='bbox 429 4017 517 4068; x_wconf 89' lang='grc'><strong>17·</strong></span> <span class='ocrx_word' id='word_1_220' title='bbox 560 4017 996 4086; x_wconf 84' lang='lat' dir='ltr'><strong>„sententiarum</strong></span> <span class='ocrx_word' id='word_1_221' title='bbox 1036 4017 1334 4088; x_wconf 81' lang='lat' dir='ltr'><strong>gravitate,</strong></span> <span class='ocrx_word' id='word_1_222' title='bbox 1366 4015 1571 4085; x_wconf 77' lang='lat' dir='ltr'><strong>ponde·</strong></span> 
     </span>
     <span class='ocr_line' id='line_1_43' title="bbox 422 4086 1568 4144; baseline 0 -3"><span class='ocrx_word' id='word_1_223' title='bbox 422 4087 577 4141; x_wconf 76' lang='lat' dir='ltr'><strong>ribus</strong></span> <span class='ocrx_word' id='word_1_224' title='bbox 627 4089 925 4143; x_wconf 84' lang='lat' dir='ltr'><strong>verborum</strong></span> <span class='ocrx_word' id='word_1_225' title='bbox 971 4094 1055 4144; x_wconf 88' lang='lat' dir='ltr'><strong>est</strong></span> <span class='ocrx_word' id='word_1_226' title='bbox 1103 4089 1387 4142; x_wconf 87' lang='lat' dir='ltr'><strong>utendum.</strong></span> <span class='ocrx_word' id='word_1_227' title='bbox 1393 4088 1426 4117; x_wconf 90' lang='lat'>“</span> <span class='ocrx_word' id='word_1_228' title='bbox 1499 4086 1568 4141; x_wconf 84' lang='lat' dir='ltr'><strong>cf.</strong></span> 
     </span>
     <span class='ocr_line' id='line_1_44' title="bbox 422 4157 1569 4300; baseline 0.003 -19.003"><span class='ocrx_word' id='word_1_229' title='bbox 422 4157 601 4298; x_wconf 51' lang='lat' dir='ltr'><strong>npiqt</strong></span> <span class='ocrx_word' id='word_1_230' title='bbox 624 4157 711 4282; x_wconf 58' lang='lat' dir='ltr'><strong>ig</strong></span> <span class='ocrx_word' id='word_1_231' title='bbox 730 4157 1378 4300; x_wconf 39' lang='lat' dir='ltr'><strong>&amp;qm—zrfrrggzw]</strong></span> <span class='ocrx_word' id='word_1_232' title='bbox 1388 4159 1569 4298; x_wconf 51' lang='lat' dir='ltr'><strong>{pileg-</strong></span> 
     </span>
     <span class='ocr_line' id='line_1_45' title="bbox 420 4271 1567 4371; baseline 0.003 -18"><span class='ocrx_word' id='word_1_233' title='bbox 420 4299 573 4371; x_wconf 85' lang='lat' dir='ltr'><strong>gido,</strong></span> <span class='ocrx_word' id='word_1_234' title='bbox 596 4301 833 4370; x_wconf 85' lang='lat' dir='ltr'><strong>tumide,</strong></span> <span class='ocrx_word' id='word_1_235' title='bbox 860 4306 1076 4368; x_wconf 67' lang='lat' dir='ltr'><strong>ornam,</strong></span> <span class='ocrx_word' id='word_1_236' title='bbox 1102 4303 1299 4371; x_wconf 89' lang='lat' dir='ltr'><strong>polit0,</strong></span> <span class='ocrx_word' id='word_1_237' title='bbox 1329 4271 1567 4365; x_wconf 84' lang='lat' dir='ltr'><strong>erudite,</strong></span> 
     </span>
     <span class='ocr_line' id='line_1_46' title="bbox 422 4371 1569 4457; baseline 0.001 -32"><span class='ocrx_word' id='word_1_238' title='bbox 422 4371 726 4439; x_wconf 52' lang='lat' dir='ltr'><strong>perfectof‘</strong></span> <span class='ocrx_word' id='word_1_239' title='bbox 760 4373 966 4426; x_wconf 87' lang='lat' dir='ltr'><strong>Comm.</strong></span> <span class='ocrx_word' id='word_1_240' title='bbox 992 4373 1157 4457; x_wconf 90' lang='lat' dir='ltr'><strong>Cruq.</strong></span> <span class='ocrx_word' id='word_1_241' title='bbox 1188 4374 1317 4428; x_wconf 86' lang='lat' dir='ltr'><strong>vide</strong></span> <span class='ocrx_word' id='word_1_242' title='bbox 1336 4374 1569 4428; x_wconf 82' lang='lat' dir='ltr'><strong>Passow.</strong></span> 
     </span>
     <span class='ocr_line' id='line_1_47' title="bbox 422 4440 1564 4514; baseline 0.004 -21"><span class='ocrx_word' id='word_1_243' title='bbox 422 4441 528 4495; x_wconf 87' lang='lat' dir='ltr'><strong>lex.</strong></span> <span class='ocrx_word' id='word_1_244' title='bbox 564 4460 649 4512; x_wconf 87' lang='lat' dir='ltr'><strong>gr.</strong></span> <span class='ocrx_word' id='word_1_245' title='bbox 682 4460 723 4497; x_wconf 85' lang='lat' dir='ltr'><strong>s.</strong></span> <span class='ocrx_word' id='word_1_246' title='bbox 761 4462 811 4499; x_wconf 85' lang='lat' dir='ltr'><strong>v.</strong></span> <span class='ocrx_word' id='word_1_247' title='bbox 852 4440 1193 4514; x_wconf 74' lang='grc' dir='ltr'><strong>στρογγύλος.</strong></span> <span class='ocrx_word' id='word_1_248' title='bbox 1258 4445 1368 4498; x_wconf 86' lang='lat' dir='ltr'><strong>Cic.</strong></span> <span class='ocrx_word' id='word_1_249' title='bbox 1405 4443 1564 4498; x_wconf 86' lang='lat' dir='ltr'><strong>Brut.</strong></span> 
     </span>
     <span class='ocr_line' id='line_1_48' title="bbox 422 4513 1566 4582; baseline 0.005 -19"><span class='ocrx_word' id='word_1_250' title='bbox 422 4513 509 4578; x_wconf 82' lang='lat'><strong>78,</strong></span> <span class='ocrx_word' id='word_1_251' title='bbox 546 4513 674 4566; x_wconf 83' lang='lat'><strong>272:</strong></span> <span class='ocrx_word' id='word_1_252' title='bbox 740 4519 899 4582; x_wconf 82' lang='lat' dir='ltr'><strong>„erat</strong></span> <span class='ocrx_word' id='word_1_253' title='bbox 956 4517 1255 4570; x_wconf 77' lang='lat' dir='ltr'><strong>verborum</strong></span> <span class='ocrx_word' id='word_1_254' title='bbox 1308 4521 1368 4570; x_wconf 92' lang='lat' dir='ltr'><strong>et</strong></span> <span class='ocrx_word' id='word_1_255' title='bbox 1420 4514 1566 4569; x_wconf 86' lang='lat' dir='ltr'><strong>dele·</strong></span> 
     </span>
     <span class='ocr_line' id='line_1_49' title="bbox 424 4583 1564 4655; baseline 0.004 -20"><span class='ocrx_word' id='word_1_256' title='bbox 424 4585 543 4636; x_wconf 84' lang='lat' dir='ltr'><strong>ctus</strong></span> <span class='ocrx_word' id='word_1_257' title='bbox 598 4583 821 4654; x_wconf 80' lang='lat' dir='ltr'><strong>elegans</strong></span> <span class='ocrx_word' id='word_1_258' title='bbox 865 4591 920 4640; x_wconf 83' lang='lat' dir='ltr'><strong>et</strong></span> <span class='ocrx_word' id='word_1_259' title='bbox 967 4591 1101 4655; x_wconf 89' lang='lat' dir='ltr'><strong>apta</strong></span> <span class='ocrx_word' id='word_1_260' title='bbox 1154 4591 1212 4640; x_wconf 90' lang='lat' dir='ltr'><strong>et</strong></span> <span class='ocrx_word' id='word_1_261' title='bbox 1264 4587 1421 4654; x_wconf 82' lang='lat' dir='ltr'><strong>quasi</strong></span> <span class='ocrx_word' id='word_1_262' title='bbox 1475 4603 1564 4640; x_wconf 82' lang='lat' dir='ltr'><strong>ro-</strong></span> 
     </span>
    </p>
   </div>
   <div class='ocr_carea' id='block_1_11' title="bbox 1659 2371 2832 4569">
    <p class='ocr_par' dir='ltr' id='par_1_13' title="bbox 1659 2371 2832 4569">
     <span class='ocr_line' id='line_1_50' title="bbox 1665 2371 2828 2439; baseline -0.001 -13"><span class='ocrx_word' id='word_1_263' title='bbox 1665 2372 1840 2427; x_wconf 78' lang='lat' dir='ltr'><strong>tunda</strong></span> <span class='ocrx_word' id='word_1_264' title='bbox 1877 2371 2274 2427; x_wconf 63' lang='lat' dir='ltr'><strong>constructiof‘</strong></span> <span class='ocrx_word' id='word_1_265' title='bbox 2330 2401 2395 2411; x_wconf 90' lang='lat'>—</span> <span class='ocrx_word' id='word_1_266' title='bbox 2433 2375 2656 2439; x_wconf 79' lang='lat' dir='ltr'><strong>praeter</strong></span> <span class='ocrx_word' id='word_1_267' title='bbox 2701 2372 2828 2424; x_wconf 76' lang='lat' dir='ltr'><strong>lau-</strong></span> 
     </span>
     <span class='ocr_line' id='line_1_51' title="bbox 1665 2443 2832 2530; baseline -0.003 -32"><span class='ocrx_word' id='word_1_268' title='bbox 1665 2443 1802 2530; x_wconf 69' lang='lat' dir='ltr'><strong>dan]</strong></span> <span class='ocrx_word' id='word_1_269' title='bbox 1875 2444 2141 2528; x_wconf 86' lang='lat' dir='ltr'><strong>Xenoph.</strong></span> <span class='ocrx_word' id='word_1_270' title='bbox 2189 2443 2359 2498; x_wconf 80' lang='lat' dir='ltr'><strong>Mem.</strong></span> <span class='ocrx_word' id='word_1_271' title='bbox 2440 2443 2542 2510; x_wconf 91' lang='lat'><strong>111,</strong></span> <span class='ocrx_word' id='word_1_272' title='bbox 2607 2444 2664 2501; x_wconf 83' lang='grc'>3</span> <span class='ocrx_word' id='word_1_273' title='bbox 2729 2444 2832 2495; x_wconf 84' lang='lat'><strong>13:</strong></span> 
     </span>
     <span class='ocr_line' id='line_1_52' title="bbox 1667 2509 2832 2598; baseline -0.003 -28"><span class='ocrx_word' id='word_1_274' title='bbox 1667 2555 1699 2584; x_wconf 90' lang='lat'><strong>‚‚</strong></span> <span class='ocrx_word' id='word_1_275' title='bbox 1685 2511 1860 2584; x_wconf 72' lang='grc' dir='ltr'><strong>,Ἀλλὰ</strong></span> <span class='ocrx_word' id='word_1_276' title='bbox 1915 2517 2026 2586; x_wconf 76' lang='grc' dir='ltr'><strong>μὲν</strong></span> <span class='ocrx_word' id='word_1_277' title='bbox 2079 2509 2200 2568; x_wconf 72' lang='grc' dir='ltr'><strong><em>οἷ’-τε</em></strong></span> <span class='ocrx_word' id='word_1_278' title='bbox 2256 2509 2539 2598; x_wconf 73' lang='grc' dir='ltr'><strong><em>εὐφωνίᾳ</em></strong></span> <span class='ocrx_word' id='word_1_279' title='bbox 2559 2515 2832 2566; x_wconf 70' lang='grc' dir='ltr'><strong>τοσοῦτοι·</strong></span> 
     </span>
     <span class='ocr_line' id='line_1_53' title="bbox 1667 2578 2832 2672; baseline -0.001 -33"><span class='ocrx_word' id='word_1_280' title='bbox 1667 2585 2028 2672; x_wconf 76' lang='grc' dir='ltr'><strong>διαφέρουσιν</strong></span> <span class='ocrx_word' id='word_1_281' title='bbox 2083 2582 2383 2652; x_wconf 72' lang='grc' dir='ltr'><strong>Ἀθηναῖοι</strong></span> <span class='ocrx_word' id='word_1_282' title='bbox 2465 2585 2574 2638; x_wconf 72' lang='grc' dir='ltr'><strong>τῶν</strong></span> <span class='ocrx_word' id='word_1_283' title='bbox 2643 2578 2832 2638; x_wconf 72' lang='grc' dir='ltr'><strong><em>ἄλλων</em></strong></span> 
     </span>
     <span class='ocr_line' id='line_1_54' title="bbox 1666 2651 2826 2744; baseline -0.003 -33"><span class='ocrx_word' id='word_1_284' title='bbox 1666 2651 1792 2712; x_wconf 75' lang='grc' dir='ltr'>οὔτε</span> <span class='ocrx_word' id='word_1_285' title='bbox 1863 2675 2138 2730; x_wconf 77' lang='grc' dir='ltr'><strong>σωμαιων</strong></span> <span class='ocrx_word' id='word_1_286' title='bbox 2205 2662 2434 2744; x_wconf 72' lang='grc' dir='ltr'><strong>μεγέθει</strong></span> <span class='ocrx_word' id='word_1_287' title='bbox 2501 2661 2594 2708; x_wconf 73' lang='grc' dir='ltr'><strong>καὶ</strong></span> <span class='ocrx_word' id='word_1_288' title='bbox 2663 2651 2826 2730; x_wconf 69' lang='grc' dir='ltr'><strong>ῥώμῃ</strong></span> 
     </span>
     <span class='ocr_line' id='line_1_55' title="bbox 1666 2723 2830 2817; baseline -0.003 -35"><span class='ocrx_word' id='word_1_289' title='bbox 1666 2745 1804 2784; x_wconf 79' lang='grc' dir='ltr'>οσον</span> <span class='ocrx_word' id='word_1_290' title='bbox 1839 2731 2210 2817; x_wconf 77' lang='grc' dir='ltr'><strong>φιλοτιμίᾳ,</strong></span> <span class='ocrx_word' id='word_1_291' title='bbox 2243 2725 2382 2814; x_wconf 78' lang='grc' dir='ltr'><em>ἥπερ</em></span> <span class='ocrx_word' id='word_1_292' title='bbox 2407 2723 2647 2798; x_wconf 72' lang='grc' dir='ltr'><strong>μάλιστα</strong></span> <span class='ocrx_word' id='word_1_293' title='bbox 2687 2747 2830 2797; x_wconf 71' lang='grc' dir='ltr'><strong><em>παρ-</em></strong></span> 
     </span>
     <span class='ocr_line' id='line_1_56' title="bbox 1666 2796 2829 2871; baseline -0.004 -17"><span class='ocrx_word' id='word_1_294' title='bbox 1666 2796 1839 2862; x_wconf 77' lang='grc' dir='ltr'><strong>οξύνει</strong></span> <span class='ocrx_word' id='word_1_295' title='bbox 1894 2799 2039 2871; x_wconf 83' lang='grc' dir='ltr'><em>πρὸς</em></span> <span class='ocrx_word' id='word_1_296' title='bbox 2101 2797 2166 2853; x_wconf 77' lang='grc' dir='ltr'><strong>τὰ</strong></span> <span class='ocrx_word' id='word_1_297' title='bbox 2234 2797 2370 2853; x_wconf 75' lang='grc' dir='ltr'><strong><em>καλὰ</em></strong></span> <span class='ocrx_word' id='word_1_298' title='bbox 2425 2803 2518 2851; x_wconf 76' lang='grc' dir='ltr'><strong>καὶ</strong></span> <span class='ocrx_word' id='word_1_299' title='bbox 2573 2800 2829 2870; x_wconf 56' lang='grc' dir='ltr'><strong><em>ἓνημαέ·</em></strong></span> 
     </span>
     <span class='ocr_line' id='line_1_57' title="bbox 1667 2871 2830 2940; baseline -0.004 -13"><span class='ocrx_word' id='word_1_300' title='bbox 1667 2902 1734 2912; x_wconf 91' lang='lat'><em>-</em></span> <span class='ocrx_word' id='word_1_301' title='bbox 1779 2873 1988 2927; x_wconf 75' lang='lat' dir='ltr'><strong>nullius</strong></span> <span class='ocrx_word' id='word_1_302' title='bbox 2033 2871 2243 2940; x_wconf 77' lang='lat' dir='ltr'><strong>avaris]</strong></span> <span class='ocrx_word' id='word_1_303' title='bbox 2298 2871 2505 2926; x_wconf 83' lang='lat' dir='ltr'><strong>nullius</strong></span> <span class='ocrx_word' id='word_1_304' title='bbox 2551 2888 2658 2940; x_wconf 84' lang='lat' dir='ltr'><strong>pro</strong></span> <span class='ocrx_word' id='word_1_305' title='bbox 2701 2871 2830 2924; x_wconf 85' lang='lat' dir='ltr'><strong>nul·</strong></span> 
     </span>
     <span class='ocr_line' id='line_1_58' title="bbox 1664 2941 2828 3012; baseline -0.003 -15"><span class='ocrx_word' id='word_1_306' title='bbox 1664 2944 1772 2997; x_wconf 91' lang='lat' dir='ltr'><strong>lius</strong></span> <span class='ocrx_word' id='word_1_307' title='bbox 1825 2945 1924 3012; x_wconf 89' lang='lat' dir='ltr'><strong>rei,</strong></span> <span class='ocrx_word' id='word_1_308' title='bbox 1971 2948 2037 2998; x_wconf 87' lang='lat' dir='ltr'><strong>ut</strong></span> <span class='ocrx_word' id='word_1_309' title='bbox 2086 2942 2248 2997; x_wconf 83' lang='lat' dir='ltr'><strong>ovid.</strong></span> <span class='ocrx_word' id='word_1_310' title='bbox 2287 2943 2421 2998; x_wconf 77' lang='lat' dir='ltr'><strong>Met.</strong></span> <span class='ocrx_word' id='word_1_311' title='bbox 2459 2943 2503 3003; x_wconf 91' lang='lat'><strong>1,</strong></span> <span class='ocrx_word' id='word_1_312' title='bbox 2545 2945 2626 2995; x_wconf 85' lang='lat'><strong>17</strong></span> <span class='ocrx_word' id='word_1_313' title='bbox 2703 2941 2828 3010; x_wconf 81' lang='lat' dir='ltr'><strong>XV,</strong></span> 
     </span>
     <span class='ocr_line' id='line_1_59' title="bbox 1666 3013 2828 3098; baseline -0.001 -31"><span class='ocrx_word' id='word_1_314' title='bbox 1666 3017 1787 3068; x_wconf 82' lang='grc'>242.</span> <span class='ocrx_word' id='word_1_315' title='bbox 1839 3045 1900 3054; x_wconf 88' lang='grc'><strong>--</strong></span> <span class='ocrx_word' id='word_1_316' title='bbox 1952 3014 2178 3098; x_wconf 56' lang='lat' dir='ltr'><strong>Albini]</strong></span> <span class='ocrx_word' id='word_1_317' title='bbox 2214 3031 2412 3068; x_wconf 86' lang='lat' dir='ltr'><strong>nomen</strong></span> <span class='ocrx_word' id='word_1_318' title='bbox 2449 3013 2828 3068; x_wconf 81' lang='lat' dir='ltr'><strong>faeneratoris</strong></span> 
     </span>
     <span class='ocr_line' id='line_1_60' title="bbox 1666 3083 2830 3148; baseline -0.004 -6"><span class='ocrx_word' id='word_1_319' title='bbox 1666 3086 1950 3142; x_wconf 75' lang='lat' dir='ltr'><strong>cuiusdam</strong></span> <span class='ocrx_word' id='word_1_320' title='bbox 1980 3087 2154 3148; x_wconf 82' lang='lat' dir='ltr'><strong>avari,</strong></span> <span class='ocrx_word' id='word_1_321' title='bbox 2193 3085 2350 3140; x_wconf 85' lang='lat' dir='ltr'><strong>cuius</strong></span> <span class='ocrx_word' id='word_1_322' title='bbox 2375 3102 2507 3139; x_wconf 85' lang='lat' dir='ltr'><strong>sanc</strong></span> <span class='ocrx_word' id='word_1_323' title='bbox 2529 3083 2682 3138; x_wconf 85' lang='lat' dir='ltr'><strong>filius</strong></span> <span class='ocrx_word' id='word_1_324' title='bbox 2709 3103 2830 3138; x_wconf 76' lang='lat' dir='ltr'><strong>ma-</strong></span> 
     </span>
     <span class='ocr_line' id='line_1_61' title="bbox 1665 3156 2826 3226; baseline -0.002 -14"><span class='ocrx_word' id='word_1_325' title='bbox 1665 3158 1814 3212; x_wconf 84' lang='lat' dir='ltr'><strong>xime</strong></span> <span class='ocrx_word' id='word_1_326' title='bbox 1851 3163 2014 3226; x_wconf 88' lang='lat' dir='ltr'><strong>aptus</strong></span> <span class='ocrx_word' id='word_1_327' title='bbox 2050 3162 2135 3211; x_wconf 79' lang='lat' dir='ltr'><strong>est</strong></span> <span class='ocrx_word' id='word_1_328' title='bbox 2171 3157 2268 3226; x_wconf 88' lang='lat' dir='ltr'><strong>qui</strong></span> <span class='ocrx_word' id='word_1_329' title='bbox 2297 3175 2330 3212; x_wconf 83' lang='lat' dir='ltr'><strong>a</strong></span> <span class='ocrx_word' id='word_1_330' title='bbox 2363 3174 2421 3210; x_wconf 91' lang='lat' dir='ltr'><strong>m</strong></span> <span class='ocrx_word' id='word_1_331' title='bbox 2502 3156 2640 3210; x_wconf 82' lang='lat' dir='ltr'><strong>&#39;stro</strong></span> <span class='ocrx_word' id='word_1_332' title='bbox 2669 3157 2826 3224; x_wconf 83' lang='lat' dir='ltr'><strong>(nam</strong></span> 
     </span>
     <span class='ocr_line' id='line_1_62' title="bbox 1665 3175 2824 3294; baseline -0.003 -11"><span class='ocrx_word' id='word_1_333' title='bbox 1665 3231 1726 3284; x_wconf 90' lang='lat' dir='ltr'><strong>in</strong></span> <span class='ocrx_word' id='word_1_334' title='bbox 1761 3229 1953 3283; x_wconf 85' lang='lat' dir='ltr'><strong>ludum</strong></span> <span class='ocrx_word' id='word_1_335' title='bbox 1993 3229 2333 3282; x_wconf 83' lang='lat' dir='ltr'><strong>litterarium</strong></span> <span class='ocrx_word' id='word_1_336' title='bbox 2368 3228 2406 3281; x_wconf 92' lang='lat' dir='ltr'><strong>h</strong></span> <span class='ocrx_word' id='word_1_337' title='bbox 2412 3175 2516 3280; x_wconf 52' lang='grc' dir='ltr'><strong>,ΕΙ-Ι</strong></span> <span class='ocrx_word' id='word_1_338' title='bbox 2537 3229 2824 3294; x_wconf 82' lang='lat' dir='ltr'><strong>ducimur)</strong></span> 
     </span>
     <span class='ocr_line' id='line_1_63' title="bbox 1666 3300 2822 3370; baseline -0.002 -15"><span class='ocrx_word' id='word_1_339' title='bbox 1666 3301 1736 3355; x_wconf 90' lang='lat' dir='ltr'><strong>de</strong></span> <span class='ocrx_word' id='word_1_340' title='bbox 1771 3319 1832 3355; x_wconf 89' lang='lat' dir='ltr'><strong>re</strong></span> <span class='ocrx_word' id='word_1_341' title='bbox 1860 3300 2176 3355; x_wconf 87' lang='lat' dir='ltr'><strong>nummaria</strong></span> <span class='ocrx_word' id='word_1_342' title='bbox 2201 3301 2599 3370; x_wconf 84' lang='lat' dir='ltr'><strong>interrogetur.</strong></span> <span class='ocrx_word' id='word_1_343' title='bbox 2629 3329 2695 3338; x_wconf 92' lang='lat'>—</span> <span class='ocrx_word' id='word_1_344' title='bbox 2715 3315 2822 3368; x_wconf 75' lang='lat' dir='ltr'><strong>po-</strong></span> 
     </span>
     <span class='ocr_line' id='line_1_64' title="bbox 1665 3371 2824 3442; baseline -0.002 -16"><span class='ocrx_word' id='word_1_345' title='bbox 1665 3379 1812 3426; x_wconf 75' lang='lat' dir='ltr'><strong>teras</strong></span> <span class='ocrx_word' id='word_1_346' title='bbox 1849 3371 2079 3441; x_wconf 71' lang='lat' dir='ltr'><strong>dixisse]</strong></span> <span class='ocrx_word' id='word_1_347' title='bbox 2118 3371 2380 3442; x_wconf 80' lang='lat' dir='ltr'><strong>Magistri</strong></span> <span class='ocrx_word' id='word_1_348' title='bbox 2415 3376 2548 3424; x_wconf 87' lang='lat' dir='ltr'><strong>sunt</strong></span> <span class='ocrx_word' id='word_1_349' title='bbox 2583 3387 2824 3440; x_wconf 86' lang='lat' dir='ltr'><strong>puerum</strong></span> 
     </span>
     <span class='ocr_line' id='line_1_65' title="bbox 1665 3441 2826 3526; baseline -0.001 -29"><span class='ocrx_word' id='word_1_350' title='bbox 1665 3461 1779 3498; x_wconf 93' lang='lat' dir='ltr'><strong>non</strong></span> <span class='ocrx_word' id='word_1_351' title='bbox 1828 3441 2286 3526; x_wconf 86' lang='lat' dir='ltr'><strong>reprehendentis</strong></span> <span class='ocrx_word' id='word_1_352' title='bbox 2333 3441 2430 3496; x_wconf 90' lang='lat' dir='ltr'><strong>sed</strong></span> <span class='ocrx_word' id='word_1_353' title='bbox 2479 3442 2688 3496; x_wconf 82' lang='lat' dir='ltr'><strong>leniter</strong></span> <span class='ocrx_word' id='word_1_354' title='bbox 2729 3460 2826 3496; x_wconf 84' lang='lat' dir='ltr'><strong>ex·</strong></span> 
     </span>
     <span class='ocr_line' id='line_1_66' title="bbox 1668 3513 2826 3584; baseline -0.003 -15"><span class='ocrx_word' id='word_1_355' title='bbox 1668 3517 1892 3569; x_wconf 87' lang='lat' dir='ltr'><strong>citantis</strong></span> <span class='ocrx_word' id='word_1_356' title='bbox 1918 3519 1976 3569; x_wconf 89' lang='lat' dir='ltr'><strong>et</strong></span> <span class='ocrx_word' id='word_1_357' title='bbox 2000 3514 2120 3584; x_wconf 89' lang='lat' dir='ltr'><strong>ipsa</strong></span> <span class='ocrx_word' id='word_1_358' title='bbox 2146 3514 2312 3568; x_wconf 90' lang='lat' dir='ltr'><strong>laude</strong></span> <span class='ocrx_word' id='word_1_359' title='bbox 2347 3513 2420 3568; x_wconf 78' lang='lat' dir='ltr'><strong>ad</strong></span> <span class='ocrx_word' id='word_1_360' title='bbox 2455 3513 2826 3584; x_wconf 83' lang='lat' dir='ltr'><strong>cogitandum</strong></span> 
     </span>
     <span class='ocr_line' id='line_1_67' title="bbox 1667 3585 2824 3654; baseline -0.001 -14"><span class='ocrx_word' id='word_1_361' title='bbox 1667 3587 2024 3640; x_wconf 83' lang='lat' dir='ltr'><strong>stimulantis.</strong></span> <span class='ocrx_word' id='word_1_362' title='bbox 2101 3585 2193 3640; x_wconf 90' lang='lat' dir='ltr'><strong>Sic</strong></span> <span class='ocrx_word' id='word_1_363' title='bbox 2225 3585 2422 3640; x_wconf 88' lang='lat' dir='ltr'><strong>melius</strong></span> <span class='ocrx_word' id='word_1_364' title='bbox 2461 3601 2632 3652; x_wconf 87' lang='lat' dir='ltr'><strong>quam</strong></span> <span class='ocrx_word' id='word_1_365' title='bbox 2670 3585 2824 3654; x_wconf 87' lang='lat' dir='ltr'><strong>quod</strong></span> 
     </span>
     <span class='ocr_line' id='line_1_68' title="bbox 1667 3656 2824 3728; baseline -0.004 -15"><span class='ocrx_word' id='word_1_366' title='bbox 1667 3657 1793 3713; x_wconf 86' lang='lat' dir='ltr'><strong>aliis</strong></span> <span class='ocrx_word' id='word_1_367' title='bbox 1828 3659 2041 3728; x_wconf 81' lang='lat' dir='ltr'><strong>placuit</strong></span> <span class='ocrx_word' id='word_1_368' title='bbox 2077 3675 2144 3711; x_wconf 89' lang='lat' dir='ltr'><strong>ex</strong></span> <span class='ocrx_word' id='word_1_369' title='bbox 2185 3656 2824 3726; x_wconf 12' lang='lat' dir='ltr'><strong>MSS poterat.Ho1-</strong></span> 
     </span>
     <span class='ocr_line' id='line_1_69' title="bbox 1665 3727 2824 3799; baseline -0.001 -16"><span class='ocrx_word' id='word_1_370' title='bbox 1665 3729 1844 3784; x_wconf 85' lang='lat' dir='ltr'><strong>kelius</strong></span> <span class='ocrx_word' id='word_1_371' title='bbox 1880 3747 1948 3784; x_wconf 85' lang='lat' dir='ltr'><strong>ex</strong></span> <span class='ocrx_word' id='word_1_372' title='bbox 1981 3730 2302 3784; x_wconf 89' lang='lat' dir='ltr'><strong>coniectura</strong></span> <span class='ocrx_word' id='word_1_373' title='bbox 2327 3727 2554 3799; x_wconf 67' lang='lat' dir='ltr'><strong>poteris,</strong></span> <span class='ocrx_word' id='word_1_374' title='bbox 2595 3727 2824 3782; x_wconf 83' lang='lat' dir='ltr'><strong>Schnei-</strong></span> 
     </span>
     <span class='ocr_line' id='line_1_70' title="bbox 1667 3797 2824 3870; baseline -0.002 -16"><span class='ocrx_word' id='word_1_375' title='bbox 1667 3801 1913 3855; x_wconf 85' lang='lat' dir='ltr'><strong>dewinus</strong></span> <span class='ocrx_word' id='word_1_376' title='bbox 1953 3815 2236 3870; x_wconf 73' lang='lat' dir='ltr'><strong>properas.</strong></span> <span class='ocrx_word' id='word_1_377' title='bbox 2295 3829 2360 3840; x_wconf 89' lang='lat'>—</span> <span class='ocrx_word' id='word_1_378' title='bbox 2417 3797 2588 3868; x_wconf 76' lang='lat' dir='ltr'><strong>redit]</strong></span> <span class='ocrx_word' id='word_1_379' title='bbox 2639 3798 2824 3852; x_wconf 79' lang='lat' dir='ltr'><strong>Siad</strong></span> 
     </span>
     <span class='ocr_line' id='line_1_71' title="bbox 1667 3871 2821 3940; baseline -0.001 -15"><span class='ocrx_word' id='word_1_380' title='bbox 1667 3873 2031 3940; x_wconf 85' lang='lat' dir='ltr'><strong>quincuncem</strong></span> <span class='ocrx_word' id='word_1_381' title='bbox 2069 3871 2296 3925; x_wconf 87' lang='lat' dir='ltr'><strong>additur</strong></span> <span class='ocrx_word' id='word_1_382' title='bbox 2331 3871 2514 3936; x_wconf 77' lang='lat' dir='ltr'><strong>uncia,</strong></span> <span class='ocrx_word' id='word_1_383' title='bbox 2539 3871 2608 3924; x_wconf 85' lang='lat' dir='ltr'><strong>fit</strong></span> <span class='ocrx_word' id='word_1_384' title='bbox 2631 3871 2821 3930; x_wconf 83' lang='lat' dir='ltr'><strong>semis.</strong></span> 
     </span>
     <span class='ocr_line' id='line_1_72' title="bbox 1666 3942 2820 3998; baseline -0.002 -1"><span class='ocrx_word' id='word_1_385' title='bbox 1666 3944 1701 3997; x_wconf 90' lang='lat' dir='ltr'><strong>i.</strong></span> <span class='ocrx_word' id='word_1_386' title='bbox 1740 3961 1783 3998; x_wconf 88' lang='lat' dir='ltr'><strong>e.</strong></span> <span class='ocrx_word' id='word_1_387' title='bbox 1822 3943 2056 3997; x_wconf 88' lang='lat' dir='ltr'><strong>dimidia</strong></span> <span class='ocrx_word' id='word_1_388' title='bbox 2131 3959 2222 3998; x_wconf 86' lang='lat' dir='ltr'><strong>ars</strong></span> <span class='ocrx_word' id='word_1_389' title='bbox 2259 3943 2398 3996; x_wconf 83' lang='lat' dir='ltr'><strong>assis</strong></span> <span class='ocrx_word' id='word_1_390' title='bbox 2435 3942 2554 3996; x_wconf 85' lang='lat' dir='ltr'><strong>sive</strong></span> <span class='ocrx_word' id='word_1_391' title='bbox 2593 3959 2692 3996; x_wconf 80' lang='lat' dir='ltr'><strong>sex</strong></span> <span class='ocrx_word' id='word_1_392' title='bbox 2717 3959 2820 3996; x_wconf 85' lang='lat' dir='ltr'><strong>un-</strong></span> 
     </span>
     <span class='ocr_line' id='line_1_73' title="bbox 1665 4013 2824 4084; baseline -0.002 -14"><span class='ocrx_word' id='word_1_393' title='bbox 1665 4015 1799 4070; x_wconf 87' lang='lat' dir='ltr'><strong>ciae.</strong></span> <span class='ocrx_word' id='word_1_394' title='bbox 1847 4044 1912 4054; x_wconf 92' lang='lat'>—</span> <span class='ocrx_word' id='word_1_395' title='bbox 2119 4014 2164 4084; x_wconf 77' lang='lat' dir='ltr'><strong>i]</strong></span> <span class='ocrx_word' id='word_1_396' title='bbox 2214 4013 2284 4068; x_wconf 90' lang='lat' dir='ltr'><strong>de</strong></span> <span class='ocrx_word' id='word_1_397' title='bbox 2331 4013 2591 4083; x_wconf 84' lang='lat' dir='ltr'><strong>pecunia,</strong></span> <span class='ocrx_word' id='word_1_398' title='bbox 2649 4031 2824 4082; x_wconf 78' lang='lat' dir='ltr'><strong>quam</strong></span> 
     </span>
     <span class='ocr_line' id='line_1_74' title="bbox 1665 4085 2824 4155; baseline -0.001 -15"><span class='ocrx_word' id='word_1_399' title='bbox 1665 4104 1764 4141; x_wconf 86' lang='lat' dir='ltr'><strong>sua</strong></span> <span class='ocrx_word' id='word_1_400' title='bbox 1800 4085 1906 4140; x_wconf 87' lang='lat' dir='ltr'><strong>sibi</strong></span> <span class='ocrx_word' id='word_1_401' title='bbox 1943 4085 2065 4155; x_wconf 86' lang='lat' dir='ltr'><strong>quis</strong></span> <span class='ocrx_word' id='word_1_402' title='bbox 2103 4102 2238 4140; x_wconf 83' lang='lat' dir='ltr'><strong>cura</strong></span> <span class='ocrx_word' id='word_1_403' title='bbox 2276 4089 2332 4139; x_wconf 88' lang='lat' dir='ltr'><strong>et</strong></span> <span class='ocrx_word' id='word_1_404' title='bbox 2352 4085 2698 4154; x_wconf 82' lang='lat' dir='ltr'><strong>parsimonia</strong></span> <span class='ocrx_word' id='word_1_405' title='bbox 2721 4103 2824 4154; x_wconf 81' lang='lat' dir='ltr'><strong>pa-</strong></span> 
     </span>
     <span class='ocr_line' id='line_1_75' title="bbox 1663 4155 2822 4228; baseline -0.003 -16"><span class='ocrx_word' id='word_1_406' title='bbox 1663 4158 1827 4212; x_wconf 83' lang='lat' dir='ltr'><strong>ravit.</strong></span> <span class='ocrx_word' id='word_1_407' title='bbox 1873 4157 1942 4212; x_wconf 82' lang='lat' dir='ltr'><strong>cf.</strong></span> <span class='ocrx_word' id='word_1_408' title='bbox 1973 4157 2140 4228; x_wconf 86' lang='lat' dir='ltr'><strong>Verg.</strong></span> <span class='ocrx_word' id='word_1_409' title='bbox 2173 4155 2308 4210; x_wconf 86' lang='lat' dir='ltr'><strong>Buc.</strong></span> <span class='ocrx_word' id='word_1_410' title='bbox 2353 4159 2399 4222; x_wconf 90' lang='lat'><strong>1,</strong></span> <span class='ocrx_word' id='word_1_411' title='bbox 2425 4156 2512 4218; x_wconf 80' lang='lat'><strong>32,</strong></span> <span class='ocrx_word' id='word_1_412' title='bbox 2551 4156 2648 4209; x_wconf 85' lang='lat' dir='ltr'><strong>ubi</strong></span> <span class='ocrx_word' id='word_1_413' title='bbox 2687 4173 2822 4225; x_wconf 83' lang='lat' dir='ltr'><strong>pro-</strong></span> 
     </span>
     <span class='ocr_line' id='line_1_76' title="bbox 1662 4227 2822 4368; baseline 0 -86"><span class='ocrx_word' id='word_1_414' title='bbox 1662 4231 1784 4299; x_wconf 91' lang='lat' dir='ltr'><strong>prie</strong></span> <span class='ocrx_word' id='word_1_415' title='bbox 1807 4230 2052 4368; x_wconf 42' lang='lat' dir='ltr'><strong>p‘psigunli</strong></span> <span class='ocrx_word' id='word_1_416' title='bbox 2079 4227 2521 4365; x_wconf 51' lang='lat' dir='ltr'><strong>esmbulgm</strong></span> <span class='ocrx_word' id='word_1_417' title='bbox 2543 4227 2616 4281; x_wconf 90' lang='lat' dir='ltr'><strong>de</strong></span> <span class='ocrx_word' id='word_1_418' title='bbox 2633 4245 2822 4352; x_wconf 49' lang='grc' dir='ltr'>εἶτα.</span> 
     </span>
     <span class='ocr_line' id='line_1_77' title="bbox 1667 4315 2822 4367; baseline -0.001 -13"><span class='ocrx_word' id='word_1_419' title='bbox 1667 4316 1930 4354; x_wconf 84' lang='lat' dir='ltr'><strong>—cero</strong></span> <span class='ocrx_word' id='word_1_420' title='bbox 1990 4317 2112 4354; x_wconf 91' lang='lat' dir='ltr'><strong>oeo</strong></span> <span class='ocrx_word' id='word_1_421' title='bbox 2303 4315 2374 4354; x_wconf 88' lang='lat' dir='ltr'><strong>no</strong></span> <span class='ocrx_word' id='word_1_422' title='bbox 2467 4315 2644 4367; x_wconf 88' lang='lat' dir='ltr'><strong>equo</strong></span> <span class='ocrx_word' id='word_1_423' title='bbox 2727 4317 2822 4354; x_wconf 84' lang='lat' dir='ltr'><strong>or-</strong></span> 
     </span>
     <span class='ocr_line' id='line_1_78' title="bbox 1663 4369 2818 4441; baseline -0.002 -16"><span class='ocrx_word' id='word_1_424' title='bbox 1663 4371 1938 4441; x_wconf 80' lang='lat' dir='ltr'><strong>phyrioz,</strong></span> <span class='ocrx_word' id='word_1_425' title='bbox 1943 4371 2091 4437; x_wconf 89' lang='lat' dir='ltr'><strong>,libri</strong></span> <span class='ocrx_word' id='word_1_426' title='bbox 2119 4371 2215 4440; x_wconf 92' lang='lat' dir='ltr'><strong>qui</strong></span> <span class='ocrx_word' id='word_1_427' title='bbox 2250 4377 2352 4425; x_wconf 82' lang='lat' dir='ltr'><strong>aut</strong></span> <span class='ocrx_word' id='word_1_428' title='bbox 2375 4369 2542 4424; x_wconf 84' lang='lat' dir='ltr'><strong>cedro</strong></span> <span class='ocrx_word' id='word_1_429' title='bbox 2567 4369 2818 4424; x_wconf 86' lang='lat' dir='ltr'><strong>inlinun-</strong></span> 
     </span>
     <span class='ocr_line' id='line_1_79' title="bbox 1659 4442 2816 4512; baseline -0.001 -15"><span class='ocrx_word' id='word_1_430' title='bbox 1659 4449 1754 4497; x_wconf 87' lang='lat' dir='ltr'><strong>tur</strong></span> <span class='ocrx_word' id='word_1_431' title='bbox 1798 4447 1896 4496; x_wconf 86' lang='lat' dir='ltr'><strong>aut</strong></span> <span class='ocrx_word' id='word_1_432' title='bbox 1941 4460 2069 4497; x_wconf 84' lang='lat' dir='ltr'><strong>arca</strong></span> <span class='ocrx_word' id='word_1_433' title='bbox 2113 4443 2356 4512; x_wconf 87' lang='lat' dir='ltr'><strong>cupressi</strong></span> <span class='ocrx_word' id='word_1_434' title='bbox 2405 4442 2610 4496; x_wconf 81' lang='lat' dir='ltr'><strong>inclusi</strong></span> <span class='ocrx_word' id='word_1_435' title='bbox 2657 4447 2816 4507; x_wconf 74' lang='lat' dir='ltr'><strong>sunt,</strong></span> 
     </span>
     <span class='ocr_line' id='line_1_80' title="bbox 1659 4514 2366 4569; baseline -0.004 0"><span class='ocrx_word' id='word_1_436' title='bbox 1659 4534 1694 4569; x_wconf 89' lang='lat' dir='ltr'><strong>a</strong></span> <span class='ocrx_word' id='word_1_437' title='bbox 1729 4514 1895 4567; x_wconf 87' lang='lat' dir='ltr'><strong>tineis</strong></span> <span class='ocrx_word' id='word_1_438' title='bbox 1929 4530 2042 4567; x_wconf 89' lang='lat' dir='ltr'><strong>non</strong></span> <span class='ocrx_word' id='word_1_439' title='bbox 2075 4519 2366 4568; x_wconf 84' lang='lat' dir='ltr'><strong>vexantur.</strong></span> 
     </span>
    </p>
   </div>
   <div class='ocr_carea' id='block_1_12' title="bbox 1727 4583 2818 4654">
    <p class='ocr_par' dir='ltr' id='par_1_14' title="bbox 1727 4583 2818 4654">
     <span class='ocr_line' id='line_1_81' title="bbox 1727 4583 2818 4654; baseline 0.002 -16"><span class='ocrx_word' id='word_1_440' title='bbox 1727 4583 2111 4639; x_wconf 33' lang='lat' dir='ltr'><strong>VU338—346</strong></span> <span class='ocrx_word' id='word_1_441' title='bbox 2149 4585 2818 4654; x_wconf 61' lang='grc' dir='ltr'><strong>Δὶεεηοιιαιῖσμοε·</strong></span> 
     </span>
    </p>
   </div>
   <div class='ocr_carea' id='block_1_13' title="bbox 3066 4001 3072 5015">
    <p class='ocr_par' dir='ltr' id='par_1_15' title="bbox 3066 4001 3072 5015">
     <span class='ocr_line' id='line_1_82' title="bbox 3066 4001 3072 5015; baseline 0 0"><span class='ocrx_word' id='word_1_442' title='bbox 3066 4001 3072 5015; x_wconf 95' lang='lat' dir='ltr'><strong> </strong></span> 
     </span>
    </p>
   </div>
  </div>
 </body>
</html>
