3092 5059
1097 218 1262 288 LIB.
1307 219 1358 287 Ι.
1404 218 1653 287 GARM.
1701 219 1815 287 111.
2338 236 2347 245 ’
2569 218 2650 283 45

759 408 934 485 Non
984 409 1380 508 tangenda
1429 423 1631 487 rates
1686 408 2126 485 transiliunt
2175 407 2400 483 vada.

466 568 518 608 κ
553 533 834 611 Audax
888 536 1148 611 omnia
1199 536 1504 634 perpeti

751 661 960 739 Gens
1011 659 1350 735 humana
1385 660 1544 735 ruit
1594 684 1735 757 per
1793 660 2110 735 vetitum
2156 661 2413 755 nefas3

550 785 828 861 Audax
877 785 1134 886 Iapeti
1181 812 1419 883 genus

753 910 1031 1009 Ignem
1086 912 1366 989 fraude
1418 910 1625 986 mala
1674 910 2032 1008 gentibus
2084 910 2363 987 intulit.

551 1037 738 1112 Post
785 1038 1051 1135 ignem
1103 1036 1443 1113 aetheria
1495 1037 1728 1113 domo

463 1198 516 1237 ω
751 1160 1227 1241 Subductum
1281 1163 1565 1240 macies
1617 1175 1693 1240 et
1742 1188 1945 1239 nova
1996 1163 2333 1239 febrium

551 1288 812 1365 Terris
863 1290 1210 1366 incubuit
1259 1289 1534 1366 cohors

747 1413 1194 1515 Semotique
1244 1415 1456 1513 prius
1509 1413 1730 1491 tarda
1780 1414 2191 1491 necessitas

552 1539 722 1613 Leti
769 1540 1142 1637 corripuit
1185 1540 1539 1639 gradum.

753 1664 1137 1765 Expertus
1191 1691 1522 1741 vacuum
1566 1664 1954 1741 Daedalus
2006 1678 2189 1742 aera

465 1821 518 1861 ss
553 1790 835 1865 Pennis
887 1815 1041 1865 non
1091 1790 1388 1865 homini
1433 1790 1667 1888 datis3

751 1914 1112 2015 Perrupit
1161 1914 1605 1993 Acheronta
1656 1914 2085 1993 Herculeus
2138 1915 2382 1993 labor.

551 2040 682 2115 Nil
732 2038 1188 2115 mortalibus
1243 2038 1464 2115 ardui
1513 2054 1663 2119 est:

239 2289 310 2338 In
329 2289 572 2353 utroque
591 2283 767 2338 verbo
797 2284 945 2337 inest
960 2283 1292 2354 gravissima
1317 2289 1398 2339 te-

235 2356 522 2411 meritatis
541 2356 818 2409 humanae
837 2355 1081 2423 notati03
1099 2372 1230 2409 nam
1244 2361 1398 2410 tran·

241 2428 401 2482 silire
440 2444 664 2497 quoque
706 2427 956 2481 levitatis
993 2432 1080 2482 est
1115 2432 1174 2481 et
1211 2444 1400 2495 super-

237 2500 387 2555 biae.
446 2530 512 2539 —
567 2498 760 2553 audax
797 2498 1030 2567 perpeti]
1078 2498 1206 2552 vide
1243 2499 1316 2552 ad
1355 2497 1400 2565 Ι,

244 2574 298 2635 1,
341 2574 425 2625 18.
471 2600 538 2609 --
582 2570 808 2626 vetitum
842 2571 1024 2638 nefas]
1062 2569 1402 2651 adjectivum

237 2658 516 2769 33:¹42
537 2642 1402 2781 'ifffflaeffssfflffltss

239 2802 478 2855 peccare
515 2785 784 2851 homines,
821 2784 918 2839 sed
962 2801 1122 2841 ruere
1169 2802 1262 2840 eos
1298 2801 1401 2854 per

241 2857 479 2925 scelera,
539 2875 684 2925 quae
748 2858 958 2911 scelera
1021 2874 1138 2913 esse
1203 2857 1397 2911 sciant.

243 2928 674 2999 Supervacanea
729 2928 1114 2999 Oudendorpii
1163 2929 1396 2984 coniect.

237 3002 468 3056 vetitum
500 2999 564 3055 in
605 3002 765 3069 nefas
801 3005 861 3055 et
895 3000 1176 3055 Bartschii
1206 3016 1400 3071 perpe·

243 3078 400 3127 tuum
437 3073 502 3125 in
535 3074 714 3140 nefas.
1187 3136 1192 3141 ,

314 3142 382 3199 V.
402 3146 492 3197 27.
531 3143 720 3214 Iapeti
751 3145 948 3226 yenus]
983 3143 1149 3209 filius,
1174 3143 1398 3197 Prome-

237 3216 422 3271 theus.
475 3214 792 3269 Communis
829 3216 1123 3283 sententia,
1163 3232 1302 3283 quae
1339 3214 1402 3267 in

241 3287 334 3341 his
379 3286 564 3341 tribus
601 3286 870 3356 exemplis
919 3286 1196 3341 humanae
1231 3286 1398 3341 auda·

242 3359 367 3413 ciac
421 3360 572 3413 inest
631 3357 1038 3428 (Prometheus,
1099 3358 1399 3426 Daedalus,

243 3430 556 3498 Hercules),
593 3434 785 3500 aperte
821 3430 1160 3499 proponitur
1195 3430 1268 3485 ab
1287 3430 1399 3484 Ho-

241 3502 398 3557 ratio
435 3502 615 3556 Carm.
655 3501 754 3562 111,
791 3503 844 3568 4,
882 3503 952 3557 65
991 3519 1113 3571 sqq.
1153 3500 1400 3556 Fabulae

241 3574 398 3628 enim
449 3572 518 3627 de
554 3572 906 3635 Prometheo,
957 3573 1224 3642 Daeda10‚
1260 3574 1398 3628 Her·

245 3646 372 3701 cule
409 3644 641 3699 humani
685 3646 906 3715 generis
954 3650 1235 3702 certamen
1273 3662 1399 3701 con·

241 3718 430 3773 tinent
466 3734 594 3771 cum
629 3716 822 3772 divina
849 3722 1054 3772 mente.
1099 3748 1160 3757 -·
1202 3716 1402 3784 fraude

243 3788 419 3859 mala]
457 3788 585 3844 Non
619 3788 761 3845 bene
789 3792 1188 3859 compararunt
1222 3788 1400 3843 dolum

242 3861 466 3929 malum,
505 3878 632 3915 cum
664 3860 824 3915 dolus
861 3864 1032 3915 etiam
1067 3861 1246 3915 bonus
1281 3876 1402 3915 esse

239 3932 440 4003 possit,
480 3930 636 3987 fraus
671 3950 784 3987 non
817 3934 1014 4002 possit.
1051 3932 1120 3987 In
1148 3932 1256 3987 adj.
1287 3948 1400 3987 ma-

241 4006 332 4059 lus
383 4004 530 4057 inest
577 4005 870 4073 pernicies,
915 4022 1061 4073 quae
1097 4022 1166 4059 ex
1201 4002 1400 4059 fraude

241 4076 303 4131 in
339 4076 608 4131 mortales
644 4075 826 4129 fluxit.
857 4105 924 4116 —
949 4076 1146 4132 macies
1175 4082 1226 4131 et
1259 4090 1402 4129 nova

238 4147 484 4215 febrium
527 4146 738 4217 cohors]
785 4146 872 4201 Ob
921 4148 1240 4204 Promethei
1284 4147 1400 4201 fur-

243 4226 368 4274 tum
423 4220 560 4273 irati
613 4219 694 4273 dii
753 4218 1070 4275 Pandoram
1129 4220 1402 4273 miserunt

241 4308 370 4346 cum
406 4289 659 4345 febribus
697 4295 756 4347 et
790 4292 1017 4359 morbis,
1061 4290 1260 4360 quibus
1301 4289 1400 4343 ho-

243 4362 1062 4489 ussasxzsaesszzssssm
1103 4361 1400 4502 ...t-{2225

245 4505 318 4560 cf.
377 4503 478 4558 Sil.
532 4505 660 4559 Ital.
713 4504 832 4575 XV,
879 4508 986 4561 208
1052 4504 1404 4573 „celeratque

247 4578 366 4631 vias
413 4582 470 4631 et
521 4578 760 4647 corripit
803 4596 1004 4647 agmen
1041 4576 1266 4630 Pernici
1313 4592 1398 4629 ra·

1501 2281 1698 2351 pidum
1734 2282 1953 2337 cursu“.
1992 2276 2201 2354 Vergil.
2229 2284 2273 2353 1,
2303 2286 2424 2341 418.
2456 2313 2525 2325 —·—
2559 2302 2653 2341 va-

1499 2370 1659 2409 cuum
1696 2353 1852 2424 αένα]
1888 2355 2183 2409 Eiusmodi
2218 2357 2483 2427 epitheta,
2514 2375 2659 2426 quae

1501 2426 1734 2495 propria
1782 2432 1841 2481 et
1881 2432 2153 2496 perpetua
2199 2428 2572 2497 appellantur,
2624 2448 2662 2485 a

1501 2502 1707 2552 natura
1763 2516 1954 2552 rerum
2000 2499 2199 2567 petita,
2244 2500 2483 2555 ornandi
2541 2506 2656 2555 stu-

1502 2568 1599 2623 dio
1652 2569 1723 2623 ab
1776 2570 2022 2639 antiquis
2076 2571 2257 2639 poetis
2314 2570 2658 2627 adhibentur

1503 2646 1563 2695 et
1596 2640 2014 2711 vituperatione
2048 2647 2255 2697 carent.
2323 2642 2415 2699 Sic
2454 2659 2658 2713 aequor

1503 2712 1787 2780 liquidum,
1826 2730 2003 2782 aquae
2037 2714 2297 2783 liquidae,
2345 2716 2479 2785 aqui
2515 2715 2657 2770 lani-

1501 2784 1637 2851 9eri,
1695 2785 1880 2839 aem-iae
1925 2801 2113 2853 aurae,
2167 2784 2277 2840 alia
2332 2787 2526 2841 multa.
2586 2785 2659 2841 cf.

1502 2854 1730 2909 Pindar.
1771 2854 1856 2909 Ol.
1887 2855 1928 2923 I,
1968 2858 2025 2909 6:
2065 2852 2273 2927 ἐρήμας
2310 2858 2382 2911 δι’
2420 2862 2657 2928 αἰθέρος.

1506 2955 1572 2965 -
1602 2925 1881 2995 perrupit]
1919 2926 2133 2983 Ultima
2150 2929 2365 2996 syllaba
2392 2930 2505 2984 arsi
2526 2948 2655 2999 pro·

1503 2998 1747 3053 ducitur.
1816 2998 1933 3053 Nec
1967 3016 2191 3069 operam
2230 3001 2541 3070 perdidisse
2577 3002 2660 3057 vi-

1504 3069 1689 3137 detur,
1728 3070 1827 3139 qui
1868 3069 2069 3125 docere
2114 3072 2347 3137 studuit,
2384 3073 2660 3140 syllabam

1503 3142 1551 3195 it
1588 3141 1647 3196 in
1684 3141 1791 3197 hac
1820 3140 2005 3197 forma
2033 3144 2281 3213 antiquis
2310 3145 2659 3213 temporibus

1500 3212 1735 3283 longam
1775 3213 1946 3269 fuisse
1982 3232 2251 3285 suamque
2286 3220 2534 3271 veterem
2563 3234 2663 3272 na·

1503 3290 1692 3341 turam
1812 3290 1935 3341 stes.
1970 3286 2143 3341 etiam
2176 3304 2343 3357 saepe
2382 3305 2657 3351 servasse:

1503 3356 1671 3428 Verg.
1776 3375 1930 3428 eorg.
1988 3358 2059 3425 ΙΙ,
2112 3360 2236 3412 211.
2309 3362 2447 3414 Aen.
2508 3360 2659 3429 VIII,

1503 3430 1627 3483 363.
1667 3430 1737 3499 Χ,
1774 3432 1861 3483 67.
1902 3430 2061 3483 ovid.
2102 3430 2233 3485 Met.
2271 3431 2368 3494 IX,
2398 3432 2521 3485 612.
2562 3431 2659 3486 Ce-

1503 3506 1689 3555 terum
1723 3500 1993 3557 Horatius
2030 3502 2089 3555 in
2127 3503 2401 3572 epistulis,
2438 3504 2501 3557 in
2530 3505 2659 3557 Art.

1543 3576 1654 3627 oet.
1692 3576 1753 3627 et
1786 3574 1847 3627 in
1882 3571 1977 3627 IV.
2016 3574 2197 3629 Carm.
2242 3575 2389 3629 libro
2436 3592 2661 3630 omnem

1578 3662 1648 3699 no
1696 3645 1979 3699 licentiam
2031 3647 2237 3701 omisit.
2311 3646 2440 3701 Non
2474 3664 2659 3702 neces-

1503 3716 1653 3770 saria
1698 3717 1877 3786 igitur
1921 3721 2047 3772 erat
2092 3718 2413 3775 coniectura
2464 3736 2657 3787 perru-

1502 3788 1708 3857 pitque.
1784 3788 1853 3843 cf.
1892 3788 1949 3843 C.
1986 3789 2053 3843 F.
2092 3788 2175 3843 W.
2217 3790 2421 3845 Miiller
2463 3791 2657 3845 Plaut-

1501 3860 1725 3928 prosod.
1762 3878 1819 3930 p.
1847 3863 1937 3915 71.
2014 3861 2283 3917 Dziatsko
2320 3862 2395 3918 ad
2432 3861 2659 3917 Terent.

1503 3930 1729 3987 Phorm.
1766 3950 1823 4001 p.
1854 3934 1939 3987 25.

1576 4002 1641 4057 V.
1680 4006 1768 4057 37.
1824 4004 2007 4074 ardui]
2070 4004 2140 4061 cf.
2197 4004 2311 4060 Sat.
2364 4005 2409 4074 I,
2459 4004 2513 4072 2,
2568 4006 2657 4059 84.

1504 4074 1629 4128 Liv.
1652 4074 1773 4132 VII.
1803 4074 1873 4130 26
1908 4076 2097 4145 ἦοιιίιιε
2133 4077 2329 4146 populi
2368 4094 2433 4131 ea
2466 4076 2655 4130 classis

1504 4145 1695 4211 fuerit,
1742 4147 1887 4201 nihil
1930 4150 2073 4204 certi
2106 4148 2242 4203 est.“
2320 4147 2395 4202 id.
2432 4146 2531 4214 IX,
2571 4149 2653 4201 16.

1505 4217 1757 4281 XXXVI.
1800 4220 1851 4272 7.
1885 4218 2064 4288 XXII,
2111 4220 2198 4273 40.
2236 4221 2321 4273 61.
2394 4218 2655 4273 Kellerus

1503 4289 1645 4343 olim
1704 4308 1774 4345 ex
1828 4291 1989 4347 codd.
2050 4290 2338 4346 arduumst
2396 4290 2655 4355 (arduum

1503 4365 1630 4427 est),
1669 4380 1817 4417 nuno
1853 4367 2040 4419 autem
2076 4361 2240 4417 ardui
2266 4366 2345 4417 est
2405 4363 2657 4417 raetulit.

1507 4432 1764 4502 Δνᾶιιίεἰ,
1816 4434 1967 4503 quod
2012 4432 2232 4489 Miiller.
2274 4436 2331 4487 et
2516 4434 2655 4489 tein-

1501 4504 1731 4573 habent,
1769 4506 1993 4575 antiqui
2011 4504 2403 4575 pronuntiasse
2428 4506 2661 4574 quidem

1501 4576 1786 4641 videntur,
1824 4595 1937 4632 non
1963 4576 2262 4646 scripsisse.
2320 4576 2427 4631 Est
2460 4578 2520 4631 in
2544 4576 2661 4631 fine
