3092 5059
472 219 597 284 536

1359 214 1980 282 EPISTULARUM

567 406 899 482 Invitus:
953 405 1138 504 fuge
1191 431 1506 503 magna3
1563 405 1749 482 licet
1800 406 1941 481 sub
1995 431 2337 505 paupere
2382 419 2585 482 tecto

571 532 820 628 Reges
875 544 950 607 et
999 557 1272 631 regum
1319 532 1474 606 vita
1524 556 2028 631 praecurrere
2071 533 2379 606 amicos.

578 656 870 734 Cervus
917 681 1200 754 equum
1256 681 1517 754 pugna
1570 655 1843 732 melior
1894 657 2427 733 communibus
2471 657 2737 732 herbis

487 809 538 852 ω
574 779 944 874 Pellebat,
1000 779 1246 854 donec
1299 779 1554 853 minor
1606 779 1684 853 in
1734 780 2151 855 certamine
2202 779 2438 878 longo

571 905 1029 1002 Imploravit
1081 929 1262 1002 opes
1314 903 1651 979 hominis
1705 904 2165 1003 frenumque
2220 906 2543 1003 recepit3

577 1029 730 1106 Sed
779 1042 1187 1128 postquam
1243 1030 1486 1106 victor
1536 1029 1831 1106 violens
1886 1029 2232 1106 discessit
2281 1031 2379 1106 ab
2430 1031 2681 1126 hoste,

574 1154 748 1230 Non
802 1155 1140 1253 equitem
1186 1154 1442 1251 dorso,
1496 1180 1653 1230 non
1706 1157 2014 1231 frenum
2067 1155 2367 1256 depulit
2416 1181 2576 1232 ore.

577 1277 704 1355 Sic
759 1281 891 1379 qui
941 1281 1393 1380 pauperiem
1445 1282 1736 1358 veritus
1787 1281 2089 1378 potiore
2142 1280 2471 1357 metallis

492 1438 543 1477 ιο
580 1403 973 1480 Libertate
1027 1418 1256 1501 caret,
1313 1404 1711 1480 dominum
1768 1406 1997 1482 vehet
2046 1407 2443 1505 improbus
2490 1417 2737 1503 atque

575 1528 873 1606 Serviet
913 1543 1338 1626 aeternum,
1395 1531 1577 1629 quia
1622 1557 1862 1631 parvo
1912 1533 2199 1608 nesciet
2248 1531 2385 1606 uti.

580 1653 722 1732 Cui
773 1680 930 1729 non
985 1655 1392 1730 conveniet
1441 1682 1580 1732 sua
1630 1682 1776 1748 res,
1832 1669 1915 1732 ut
1966 1655 2259 1732 calceus
2314 1654 2522 1751 olim,

577 1778 658 1856 Si
710 1778 909 1877 pede
961 1779 1209 1854 maior
1259 1780 1424 1878 erit,
1479 1782 1893 1876 subvertet,
1947 1780 2013 1854 si
2064 1781 2338 1878 minor,
2393 1793 2592 1856 uret.

578 1904 856 1980 Laetus
905 1917 1108 1980 sorte
1161 1917 1292 1980 tua
1341 1905 1553 1981 vives
1601 1905 2008 2002 sapienter,
2062 1907 2325 2001 Aristi,

492 2061 542 2100 ιι
577 2029 740 2106 Nec
793 2055 916 2106 me
968 2030 1310 2108 dimittes
1361 2033 1928 2130 incastigatum,
1985 2035 2121 2108 ubi
2172 2032 2399 2132 plura

477 2281 529 2341 3,
553 2281 632 2332 16.
659 2307 727 2320 -
746 2278 916 2350 reyes]
944 2278 1130 2334 Stoica
1149 2279 1288 2336 haee
1305 2285 1391 2335 est
1407 2287 1625 2335 senten·

477 2350 574 2415 tia,
620 2369 686 2406 ac
729 2351 957 2421 proprie
1003 2351 1313 2421 accipiendi
1361 2358 1492 2407 sunt
1543 2371 1631 2407 re-

477 2423 974 2566 mussffiffii
985 2424 1629 2564 ἲξὲΐᾷἲῗᾶιῗέῗῗῗ

481 2568 532 2633 7,
567 2567 620 2618 8.
683 2595 747 2604 -
807 2565 1004 2621 cm
1041 2565 1251 2636 equum]
1297 2566 1387 2621 Ex
1437 2568 1632 2623 fabula

480 2637 740 2707 Aesopia,
797 2654 909 2707 qua
953 2637 1090 2693 olim
1139 2637 1485 2693 Stesichorus
1532 2639 1631 2694 Hi-

477 2725 755 2763 merenses
811 2709 1030 2763 monuit
1083 2727 1155 2764 ne
1211 2727 1268 2764 se
1313 2709 1633 2765 Phalaridis

478 2780 768 2848 tyrannidi
800 2780 1131 2835 subicerent.
1199 2781 1375 2836 Paulo
1411 2787 1633 2837 mutata

480 2851 675 2907 fabula
713 2857 797 2906 est
833 2852 982 2921 apud
1020 2851 1334 2907 Phaedrum
1366 2853 1460 2920 IV,
1484 2855 1534 2908 4.
1564 2883 1629 2893 -

480 2923 693 2992 melior]
739 2923 808 2977 de
855 2923 1206 2992 fortitudine,
1249 2930 1314 2979 ut
1360 2925 1540 2981 Carm.
1590 2925 1631 2986 1,

486 2997 572 3055 15.
606 2995 691 3047 28.
731 2995 831 3062 111,
869 2996 921 3063 6,
963 2998 1046 3049 16.
1085 2995 1201 3050 Sat.
1238 2996 1310 3058 11,
1347 2999 1398 3062 5,
1443 3000 1523 3052 19.
1564 3027 1629 3037 -

477 3065 629 3136 opes]
667 3065 750 3121 De
785 3067 987 3136 plurali
1027 3067 1097 3122 cf.
1127 3069 1304 3122 Carm.
1345 3068 1442 3131 111,
1464 3072 1514 3133 3,
1546 3071 1631 3123 28.

481 3137 588 3207 Ep.
624 3137 696 3206 Π,
733 3141 786 3207 2,
828 3141 954 3206 136,
990 3139 1290 3210 singularis
1325 3139 1432 3195 hoc
1467 3159 1632 3195 sensu

481 3209 846 3277 frequentior.
890 3239 954 3250 --
999 3211 1176 3266 vietor
1218 3211 1444 3282 violens]
1495 3213 1631 3283 Epi-

479 3281 676 3336 theton
709 3282 911 3336 violens
947 3287 1216 3352 tanquam
1248 3283 1546 3340 molestum
1574 3291 1633 3340 et

480 3370 950 3422 supervacaneum
1027 3355 1328 3414 exturbare
1399 3361 1633 3412 conatus

480 3429 566 3478 est
581 3424 866 3480 Bentleius
905 3429 962 3479 et
998 3427 1338 3481 substituere
1371 3433 1471 3482 aut
1492 3428 1633 3483 victo

479 3495 695 3566 sonipes
719 3502 818 3551 aut
853 3497 1028 3552 victor
1054 3497 1273 3552 domito.
1311 3499 1436 3554 Non
1472 3500 1631 3567 bene,

482 3568 746 3636 quoniam
784 3568 890 3624 hoc
932 3569 1270 3625 adiectivum
1311 3589 1380 3627 ex
1427 3576 1633 3626 natura

482 3639 757 3694 victorum
802 3640 1040 3711 petitum
1088 3642 1315 3712 egregie
1364 3643 1634 3697 describit

482 3728 703 3780 equum,
751 3713 848 3780 qui
893 3729 1021 3766 eum
1065 3729 1298 3783 magnus
1333 3714 1440 3769 sibi
1479 3715 1630 3768 vide·

481 3787 639 3836 retur
672 3783 854 3839 victor
888 3783 1326 3854 violentiamque
1367 3787 1538 3840 animi
1572 3793 1632 3842 et

479 3855 806 3910 iactantiam
839 3872 975 3925 prae
1011 3873 1068 3910 se
1103 3855 1294 3918 ferret,
1329 3857 1534 3913 inscius
1572 3859 1632 3912 in

481 3926 812 3982 servitutem
849 3927 1126 3983 inciderat
1161 3929 1418 3984 hominis.
1481 3929 1631 3984 Hau-

482 3999 590 4067 ptii
638 3999 1014 4054 coniecturam
1052 4000 1241 4054 ridens
1285 4018 1390 4071 pro
1430 4002 1633 4056 violens

481 4070 750 4140 probavit
769 4069 1098 4136 Meinekius,
1137 4077 1471 4142 receperunt
1507 4091 1633 4128 cum

480 4140 702 4196 Bentlei
738 4143 886 4198 victo
927 4144 1155 4198 Linker.
1195 4143 1450 4200 Mueller.
1486 4145 1633 4199 Eok-

483 4214 643 4268 stein.
689 4213 897 4270 Contra
932 4215 1196 4270 Lehrsius
1234 4234 1304 4271 ex
1340 4233 1451 4270 una
1488 4217 1632 4270 anti-

483 4302 596 4353 qua
631 4284 907 4342 editione:
945 4289 1121 4344 victor
1157 4288 1313 4344 victe.
1387 4287 1633 4342 Doeder-

482 4355 667 4419 linius,
703 4357 1011 4430 Kriigerus‚
1048 4358 1305 4414 Kellerus
1345 4377 1396 4414 v.
1433 4359 1634 4414 violens

484 4434 794 4483 servarunt.

555 4498 619 4553 V.
644 4501 730 4554 39.
771 4499 862 4557 Sic
885 4501 1004 4573 qm]
1042 4502 1258 4558 Eadem
1290 4503 1512 4558 ratione
1535 4503 1633 4571 qui

485 4568 783 4638 splendore
829 4589 1158 4642 magnarum
1203 4590 1392 4629 rerum
1437 4579 1633 4644 captus

1722 2281 2405 2407 *fflssitffissssff
2428 2278 2869 2406 ‘'P‘’ffisstifffi

1724 2424 1954 2479 divitias
1988 2428 2046 2478 et
2072 2424 2301 2478 delicias
2340 2423 2725 2490 laudantibus,
2750 2423 2867 2476 dum

1723 2499 2116 2567 paupertatem
2137 2495 2333 2564 quavis
2358 2495 2583 2549 ratione
2606 2495 2867 2562 malisque

1724 2568 1941 2623 artibus
2008 2567 2233 2622 vincere
2292 2567 2499 2632 studet,
2558 2567 2867 2622 libertatem

1724 2640 1899 2694 animi
1936 2639 2127 2708 perdit
2168 2655 2546 2709 mag-numque
2570 2639 2681 2692 sibi
2708 2639 2865 2707 impo-

1724 2713 1811 2765 nit
1839 2711 2147 2777 dominum,
2168 2727 2333 2778 quem
2356 2727 2649 2778 nunquam
2677 2710 2749 2764 ad
2770 2727 2867 2762 ma·

1724 2785 1845 2838 iora
1870 2799 2090 2852 semper
2110 2782 2341 2837 tendens
2370 2782 2585 2851 poterit
2602 2787 2864 2836 excutere.

1724 2855 1777 2909 Is
1814 2861 2004 2910 autem
2037 2854 2296 2908 dominus
2328 2855 2451 2923 ipsa
2474 2859 2564 2908 est
2588 2854 2762 2907 animi
2784 2869 2861 2906 eu-

1724 2928 1933 2996 piditas
1962 2931 2432 2996 externarumque
2456 2943 2651 2980 rerum
2678 2941 2863 2995 augen-

1724 2999 1924 3054 darum
1960 3003 2235 3067 perpetua
2270 2996 2463 3052 fames.
2494 3025 2563 3037 —
2598 2997 2865 3052 dominun

1722 3070 1893 3141 vehet]
1920 3069 1996 3154 cf..
2012 3069 2190 3138 Epod.
2222 3071 2305 3132 17,
2328 3071 2415 3153 ⁷5¹·
2440 3069 2722 3124 Futurum
2740 3073 2861 3150 tem·

1723 3148 2221 3280 ffsaaefflzzssz
2246 3141 2863 3282 οέῗίωρἲεῖέἔῖὲὶῒηξ

1724 3285 2005 3356 praesenti
2051 3283 2215 3339 vehit.
2288 3283 2451 3352 Quod
2503 3286 2603 3354 qui
2654 3287 2861 3354 praetu-

1724 3357 1927 3423 lerunt,
1972 3361 2037 3410 ut
2070 3356 2395 3411 Doederlin.
2442 3362 2503 3410 et
2538 3355 2761 3410 Miffler.
2804 3370 2860 3407 eo

1724 3430 1835 3484 iam
1872 3433 2126 3497 tempore
2164 3427 2462 3492 hominem,
2501 3445 2613 3497 quo
2640 3441 2862 3496 pauper·

1722 3505 1899 3555 tatem
1944 3500 2157 3554 veritus
2212 3500 2481 3554 libertate
2524 3503 2734 3564 careat,
2776 3497 2859 3550 do·

1722 3573 1939 3626 minum
1998 3572 2200 3626 vehere
2258 3569 2634 3626 adfirmarunt
2646 3591 2661 3639 ;
2726 3575 2859 3624 reete

1724 3644 1969 3712 quidem,
2004 3643 2101 3697 sed
2138 3641 2392 3697 futurum
2430 3643 2598 3706 vend,
2640 3655 2857 3711 quocum

1724 3715 2029 3784 coniungas
2085 3714 2256 3770 velim
2310 3720 2605 3776 manum,
2666 3715 2857 3767 instans

1724 3794 1942 3857 tempus
1976 3804 2089 3841 non
2124 3787 2383 3841 excludit.
2458 3785 2742 3854 Improba-s
2774 3784 2857 3837 ha-

1724 3859 1821 3914 bet
1865 3875 2085 3914 causam
2145 3875 2244 3913 cur
2289 3858 2530 3924 serviat3
2591 3861 2679 3911 est
2726 3855 2854 3910 enim

1724 3930 2075 3998 immodicus,
2111 3931 2533 3998 intemperatus.
2562 3957 2631 3968 -
2668 3933 2731 3981 ut
2761 3925 2855 3980 cal-

1722 4019 1849 4058 ceus
1905 3999 2055 4070 olim]
2116 4001 2361 4071 Epictet.
2422 4000 2712 4055 Enchirid.
2770 3997 2852 4050 39:

1728 4078 1994 4143 „Me‘rpov
2048 4067 2285 4140 κτήσεως
2331 4071 2391 4126 τὸ
2448 4073 2615 4142 σῶμα
2664 4065 2853 4135 ἑκάστῃ

1726 4143 1799 4204 ὥς
1832 4143 1863 4198 ὁ
1904 4145 2043 4204 ποῦς
2080 4141 2495 4216 ὑποδήματος.“
2556 4143 2665 4198 Dio
2704 4142 2851 4207 Chry·

1726 4222 1856 4271 sost.
1884 4216 1979 4271 Or.
2006 4220 2089 4271 17.
2116 4235 2169 4287 p.
2196 4218 2319 4270 4⁷2.
2347 4215 2441 4270 R.=
2484 4219 2631 4284 „Kal
2668 4213 2853 4277 ἐσθῆτα

1725 4289 1837 4360 μὲν
1875 4284 2054 4348 οὐδεὶς
2088 4283 2337 4356 βούλεται
2371 4291 2540 4358 μείζω
2563 4289 2661 4341 τοῦ
2686 4279 2848 4354 onipe-

1725 4380 1816 4420 τος
1848 4361 2019 4430 ἔχειν,
2058 4359 2131 4419 ὠς
2166 4353 2519 4431 δύσχρηστον
2551 4353 2644 4412 ὄν·
2680 4353 2851 4410 oei-alar

1728 4432 1791 4485 δὲ
1830 4432 1905 4501 τῷ
1942 4436 2105 4486 παντὶ
2152 4435 2319 4504 μείζω
2365 4431 2456 4504 τῇς
2490 4435 2682 4501 χρείας
2724 4429 2851 4513 ⁸1²⁴*

1725 4499 1963 4562 ἅπαντες
2022 4504 2413 4572 ἐπιθυμοῦσιν,
2482 4498 2583 4556 οὐκ
2653 4501 2846 4556 excom.

1728 4570 1811 4628 ὅτι
1847 4575 2003 4628 τοῦτο
2042 4577 2251 4630 ἐκείνου
2282 4569 2717 4646 χαλεπάεερον.“
2776 4567 2847 4624 De
