3092 5059
390 193 514 264 638

1692 0 1829 14 -ι-Ι-

1430 193 1690 266 LIBER

491 385 650 460 Aut
700 411 981 483 operae
1034 383 1302 462 celeris
1352 387 1678 462 nimium
1733 409 2072 485 curaque
2124 389 2452 464 carentis

494 508 654 586 Aut
700 511 1100 608 ignoratae
1147 511 1429 608 premit
1478 511 1659 588 artis
1711 499 2035 587 crimine
2085 512 2314 612 turpi.

491 635 666 710 Non
716 635 966 735 quivis
1020 635 1231 713 videt
1277 636 1782 714 immodulata
1832 650 2193 735 poemata
2240 637 2492 736 iudex,

494 759 587 833 Et
640 760 817 838 data
866 761 1227 836 Romanis
1281 762 1505 837 venia
1551 774 1664 838 est
1716 762 2040 860 indigna
2091 765 2364 863 poetis.

387 917 465 957 m
488 884 897 962 Idcircone
950 913 1187 984 vager
1236 889 1722 987 scribamque
1770 887 2143 964 licenter?
2199 915 2298 964 an
2355 915 2622 966 omnes

488 1010 803 1086 Visuros
854 1023 1170 1108 peccata
1221 1025 1485 1108 putem
1538 1037 1712 1088 mea
1765 1024 1967 1087 tutus
2023 1025 2100 1088 et
2141 1013 2345 1089 intra

488 1133 719 1231 Spem
774 1137 1044 1212 veniae
1096 1139 1414 1212 cautus?
1471 1137 1712 1212 vitavi
1764 1137 2100 1235 denique
2153 1136 2482 1236 culpam,

485 1259 659 1336 Non
708 1259 1018 1338 laudem
1070 1261 1340 1338 merui.

1444 1261 1606 1336 Vos
1661 1261 2139 1362 exemplaria
2189 1259 2493 1338 Graeca

487 1386 879 1462 Nocturna
930 1398 1227 1464 versate
1280 1413 1533 1468 manu.
1586 1400 1886 1464 versate
1939 1387 2237 1463 diurna.

391 1541 467 1580 νισι
491 1511 598 1587 At
646 1511 885 1587 vestri
928 1511 1201 1612 proavi
1250 1511 1645 1588 Plautinos
1697 1527 1774 1588 et
1823 1539 2182 1589 numeros
2236 1524 2312 1588 et

486 1635 935 1713 Laudavere
986 1636 1207 1732 sales,
1262 1636 1583 1712 nimium
1626 1638 2006 1735 patienter
2037 1649 2475 1736 utrumque,

487 1760 603 1836 Ne
655 1759 907 1837 dicam
960 1759 1211 1853 stulte,
1263 1761 1539 1856 mirati,
1588 1763 1649 1836 si
1701 1761 1933 1836 modo
1989 1788 2136 1862 ego
2190 1775 2268 1839 et
2317 1788 2454 1837 vos

487 1885 784 1963 Scimus
834 1886 1298 1962 inurbanum
1348 1884 1616 1987 lepido
1668 1911 2044 1987 seponere
2097 1887 2308 1963 dicto

486 2009 1114 2110 Legitimumque
1164 2037 1435 2088 sonum
1492 2009 1754 2108 digitis
1803 2012 2170 2088 callemus
2221 2027 2300 2090 et
2345 2037 2556 2090 aure.

386 2169 463 2209 m
486 2134 850 2233 Ignotum
902 2137 1246 2235 tragicae
1298 2161 1540 2234 genus
1597 2135 1982 2212 invenisse
2033 2135 2422 2214 Camenae

384 2403 613 2474 egregie
646 2403 905 2458 imitatur
931 2401 1100 2456 Ennii
1134 2403 1381 2457 senarios
1406 2419 1535 2473 pro-

384 2479 513 2544 pter
548 2474 712 2529 huius
749 2475 924 2544 ipsius
960 2475 1117 2542 pedis
1160 2474 1536 2543 frequentiam

384 2546 553 2600 nimis
600 2563 803 2617 graves
845 2563 913 2600 ac
954 2545 1197 2600 tardos.“
1273 2545 1535 2601 Orellius.

388 2645 455 2656 —
499 2619 697 2685 proruit
739 2615 979 2684 mimine]
1022 2616 1219 2687 Pergit
1261 2622 1429 2688 poeta
1477 2619 1535 2671 in

385 2694 820 2758 προςωποποιίᾳ,
844 2705 975 2742 nam
1000 2689 1213 2743 iambus
1238 2706 1269 2743 e
1305 2690 1418 2744 suis
1456 2706 1537 2743 se-

386 2761 549 2814 dibus
586 2760 795 2814 eiectus
831 2760 990 2828 quasi
1026 2767 1317 2815 accusator
1352 2762 1537 2832 surgit

385 2833 651 2901 turpique
688 2831 921 2886 crimine
968 2831 1175 2886 nimiae
1224 2831 1534 2887 festinatio-

385 2904 473 2958 nis
510 2907 609 2958 aut
643 2903 901 2958 inscitiae
936 2918 1126 2956 versus
1162 2905 1370 2972 premit
1407 2904 1443 2958 i.
1482 2922 1534 2959 e.

386 2981 627 3030 accusat.
700 2974 771 3030 cf.
820 2975 945 3030 Liv.
982 2974 1081 3037 111,
1124 2977 1207 3041 13,
1247 2978 1304 3028 1:
1365 2975 1533 3044 „Pre-

384 3047 560 3101 mebat
593 3063 785 3101 rerum
808 3053 1033 3116 praeter
1067 3047 1357 3117 vulgatam
1395 3047 1533 3101 invi·

386 3117 538 3172 diam
572 3117 775 3173 crimen
810 3117 1035 3172 unumf‘
1083 3147 1148 3157 —
1194 3117 1365 3188 videt]
1406 3117 1535 3174 vide

386 3189 460 3244 ad
496 3188 613 3243 Sat.
654 3189 745 3258 11,·
766 3193 811 3254 1,
860 3191 944 3243 15.
1018 3187 1239 3254 Versus,
1282 3194 1348 3244 ut
1380 3189 1532 3244 vide·

386 3264 499 3322 tur,
555 3261 627 3315 de
670 3261 951 3315 industria
996 3261 1141 3315 male
1190 3261 1374 3316 factus
1422 3267 1534 3329 est3

384 3331 579 3387 docuit
614 3333 761 3386 enim
799 3331 1064 3386 Lehrsius
1100 3331 1290 3401 (Jahn.
1328 3334 1533 3387 Annal.

384 3402 579 3474 philol.
635 3403 788 3458 1860.
836 3406 885 3458 8.
923 3420 979 3472 p.
1015 3405 1145 3470 613)
1183 3403 1349 3459 haec:
1410 3405 1534 3473 „ein

379 3475 541 3544 jeder
578 3475 915 3529 Hexameter
955 3475 1057 3529 hat
1100 3475 1190 3528 ein
1227 3475 1534 3530 Wortende

384 3547 667 3602 entweder
718 3546 865 3600 nach
919 3547 1019 3601 der
1074 3547 1287 3601 dritten
1343 3546 1536 3617 Lange

384 3618 521 3673 oder
592 3618 733 3673 nach
797 3618 899 3672 der
958 3617 1165 3672 darauf
1234 3617 1315 3672 fol
1356 3619 1531 3674 enden

384 3690 569 3744 Kiirze
606 3689 743 3744 oder
776 3689 917 3744 nach
944 3689 1047 3744 der
1082 3689 1301 3744 vierten
1372 3695 1532 3760 ange.

384 3761 654 3816 Horatius
679 3761 949 3816 brauchte
978 3779 1087 3814 nur
1110 3761 1229 3816 dies
1250 3779 1319 3815 zu
1344 3767 1533 3816 unter-

384 3833 583 3901 lassen,
632 3850 727 3887 um
764 3832 1134 3888 immodulata
1168 3839 1430 3902 poemata
1465 3851 1532 3887 zu

382 3903 770 3960 bezeichnen.“
822 3933 889 3944 —·
938 3903 1230 3974 idcircone]
1268 3905 1415 3959 Num
1451 3905 1532 3958 in·

384 3977 549 4031 scitia
582 3976 779 4047 populi
816 3980 873 4032 et
905 3975 1134 4030 licentia
1163 3977 1345 4044 poetis
1384 3977 1533 4046 apud

384 4065 485 4102 nos
548 4065 805 4104 concessa
860 4047 1037 4102 fretus
1090 4047 1357 4117 nullaque
1410 4049 1533 4118 lege

383 4121 687 4175 obstrictus
724 4119 899 4174 malos
935 4135 1127 4174 versus
1168 4117 1409 4174 faciam?
1460 4137 1531 4174 an

383 4192 614 4247 meliore
651 4190 861 4245 iudicio
892 4207 1039 4258 usus,
1069 4207 1257 4244 omnes
1280 4209 1407 4246 cum
1431 4209 1531 4260 pu·

382 4269 499 4319 tem
552 4280 678 4319 mea
732 4262 875 4316 vitia
922 4262 1153 4330 visuros,
1201 4261 1263 4316 id
1312 4262 1533 4318 efficere

384 4335 655 4402 studeam,
702 4338 768 4388 ut
802 4339 961 4388 tutus
998 4334 1103 4387 sim
1141 4351 1174 4388 a
1206 4333 1438 4388 crimine
1475 4341 1532 4388 et

386 4422 453 4460 ea
496 4409 718 4461 tantum
766 4405 1067 4460 admittam
1111 4422 1255 4474 quae
1312 4405 1531 4461 veniam

384 4475 673 4532 habitura·
702 4476 1037 4532 videantur?
1118 4475 1241 4531 Hoc
1291 4477 1531 4532 alterum

386 4546 595 4601 rectius
640 4548 865 4616 quidem
908 4553 1009 4616 est,
1057 4547 1155 4602 sed
1202 4549 1373 4603 altius
1416 4549 1527 4604 eni-

1631 2402 1862 2458 tendum
1907 2407 1994 2457 est
2040 2403 2240 2474 poetis,
2287 2403 2502 2458 scilicet
2545 2408 2614 2458 nt
2663 2403 2790 2457 imi—

1630 2479 1823 2528 tentur
1859 2475 2202 2544 exemplaria
2237 2491 2454 2545 graeca,
2500 2491 2646 2544 quae
2697 2475 2793 2529 his

1632 2563 1854 2616 quoque
1890 2545 2058 2600 rebus
2093 2564 2212 2600 sum
2221 2563 2368 2600 mam
2385 2563 2580 2600 curam
2613 2563 2786 2600 nava-

1629 2623 1779 2672 runt.
1819 2617 1962 2672 Nam
1999 2619 2097 2686 qui
2133 2619 2342 2673 crimen
2378 2617 2544 2685 vitat,
2582 2617 2632 2671 is
2669 2617 2790 2672 oul-

1629 2707 1761 2759 pam
1797 2689 1980 2743 solum
2014 2689 2238 2755 vitavit3
2285 2695 2484 2744 contra
2520 2689 2620 2758 qui
2655 2706 2790 2758 per·

1629 2760 1932 2815 fect-issima
1957 2761 2180 2829 quaerit
2217 2765 2276 2814 et
2307 2761 2543 2826 invenit,
2581 2761 2628 2814 is
2667 2761 2786 2814 lau-

1629 2833 1756 2886 dem
1775 2833 1996 2886 meruit.
2020 2832 2359 2898 Doederlin.‚
2383 2833 2789 2902 interrogatio·

1629 2905 1714 2958 nis
1740 2904 1901 2974 signo
1925 2909 2054 2973 post
2087 2920 2207 2959 mea
2231 2904 2461 2958 inducto
2498 2921 2590 2958 vv.
2629 2909 2788 2958 tum

1628 2980 1680 3029 et
1711 3016 1724 3028 .
1758 3015 1771 3027 .
1803 2981 1996 3030 cauma
2054 2993 2181 3029 cum
2234 2975 2418 3030 vitavi
2469 2976 2787 3041 coniunxit,

1629 3046 1778 3116 quod
1817 3063 1916 3100 cur
1953 3064 1988 3101 a
2011 3047 2425 3102 Weissenfelsio
2462 3046 2559 3099 1.l.
2595 3063 2654 3116 p.
2682 3047 2786 3099 172

1627 3118 1941 3188 praelatum
1996 3117 2089 3186 sit,
2143 3136 2255 3173 non
2299 3119 2436 3173 satis
2481 3123 2660 3186 patet.
2711 3147 2780 3158 —

1625 3188 1793 3245 vitavi
1841 3189 2096 3259 denique]
2159 3195 2225 3244 ut
2274 3189 2524 3244 breviter
2571 3189 2785 3258 dicam3

1627 3261 1698 3316 ef.
1747 3260 1858 3315 Sat.
1907 3260 1950 3326 1,
1995 3262 2048 3328 4,
2093 3263 2180 3315 80.
2255 3263 2322 3315 Δ.
2371 3260 2434 3314 Ρ.
2470 3263 2560 3314 23.
2599 3289 2666 3300 -
2701 3263 2784 3315 At

1626 3332 1816 3402 vestm]
1866 3332 1958 3386 Sic
1999 3349 2191 3388 omnes
2237 3333 2395 3388 codd.
2438 3333 2636 3402 paucis
2691 3349 2786 3386 ex·

1627 3405 1821 3487 ceptis,
1857 3404 1919 3457 in
1954 3405 2160 3486 quibus
2194 3409 2279 3460 est
2311 3405 2508 3473 nostri,
2533 3404 2688 3472 quod
2707 3421 2780 3458 ex

1626 3469 1972 3616 ffifijrggliffissi
1993 3493 2180 3602 addam
2216 3481 2650 3603 Ηῖξῖϋιῖἷιῐιιιῖιι
2679 3479 2780 3600 eg:

1628 3635 1788 3673 sones
1825 3618 2005 3673 solum
2041 3619 2137 3674 sed
2162 3637 2350 3673 omnes
2377 3619 2552 3673 etiam
2578 3619 2778 3673 Roma—

1627 3707 1744 3750 nos.
1766 3708 1906 3759 quos
1929 3691 2193 3760 sperabat
2215 3689 2352 3745 haec
2375 3691 2620 3745 lecturos
2645 3707 2776 3744 esse.

1629 3789 1695 3802 --
1748 3762 2064 3830 Plautinos]
2111 3761 2180 3816 cf.
2230 3762 2413 3833 Epist.
2449 3762 2521 3826 11,
2569 3767 2614 3828 1,
2663 3763 2776 3816 1⁰50.

1627 3833 1800 3887 Aliud
1848 3833 1920 3888 de
1954 3833 2158 3889 Plauto
2203 3834 2476 3889 iudicium
2519 3834 2657 3888 tulit
2693 3833 2774 3888 ci-

1627 3922 1755 3960 cero
1799 3905 1870 3960 de
1916 3904 2022 3959 off.
2061 3905 2104 3966 Ι,
2143 3907 2228 3960 29.
2301 3905 2380 3959 Et
2426 3904 2498 3959 cf.
2546 3905 2774 3974 Quintil.

1627 3977 1698 4046 X,
1752 3980 1797 4036 1,
1846 3978 1938 4031 99:
2016 3977 2116 4045 „In
2183 3977 2476 4032 comoedia
2541 3977 2778 4031 maxime

1627 4048 2032 4116 claudicamus3
2069 4049 2202 4104 lieet
2227 4048 2406 4102 Varro
2437 4047 2644 4117 Musas,
2673 4050 2776 4102 Ae-

1626 4120 1691 4173 lii
1729 4119 1959 4174 Stilonis
1993 4121 2288 4180 sententia.
2325 4119 2594 4174 Plautino
2629 4120 2776 4174 dicat

1627 4208 1878 4246 sermone
1921 4192 2203 4246 locuturas
2249 4190 2434 4256 fuisse,
2479 4192 2530 4245 si
2579 4191 2776 4246 Latine

1627 4263 1782 4332 loqui
1807 4263 2066 4318 vellent.“
2095 4292 2168 4302 —
2201 4262 2418 4332 amitis]
2456 4263 2773 4318 Terentiam.

1626 4336 1796 4400 2253:
1838 4352 2104 4404 „moram,
2130 4334 2306 4402 Quam
2333 4335 2554 4404 pollicis
2579 4351 2775 4389 sonore

1627 4406 1717 4458 vel
1763 4406 1964 4476 plausu
2008 4406 2168 4476 pedis
2213 4405 2636 4473 Discrimina-e,
2681 4404 2776 4474 qui

1628 4476 1832 4532 docent
1886 4485 2084 4547 artem,
2141 4478 2374 4532 solent-‘⁴
2447 4477 2776 4545 Quintilian.

1627 4548 1722 4612 IX,
1760 4553 1811 4617 4,
1857 4551 1953 4604 51:
2019 4554 2306 4619 „tempora
2358 4549 2530 4603 etiam
2587 4549 2770 4604 animo
