3092 5059
1138 238 1413 305 LIBER.
1487 238 1742 306 GARM.
1782 240 1856 307 V.

2575 241 2698 307 305

702 425 947 502 Maius
998 426 1317 524 ραι-8110,
1372 427 1620 503 maius
1671 426 2074 505 infundam
2127 428 2272 504 tibi

896 550 1345 627 Fastidienti
1396 551 1784 652 poculum,

698 674 1077 775 Priusque
1132 676 1431 752 caelum
1483 675 1682 753 sidet
1733 677 2056 753 inferius
2110 681 2307 757 mari

616 834 671 873 so
905 800 1219 877 Tellure
1271 813 1624 899 porrecta
1673 828 1925 901 super,

702 926 955 1019 Quam
1008 952 1167 1001 non
1220 952 1483 1004 amore
1533 928 1644 1003 sic
1695 954 1870 1003 meo
1915 928 2217 1027 flagres,
2265 931 2374 1007 uti

900 1051 1259 1128 Bitumen
1306 1052 1488 1127 atris
1532 1052 1863 1151 ignibus.

701 1176 858 1255 Sub
910 1178 1104 1254 haec
1153 1202 1347 1275 puer
1399 1178 1556 1254 iam
1605 1205 1760 1254 non
1805 1191 1894 1255 ut
1945 1193 2120 1257 ante
2169 1182 2530 1259 mollibus

900 1302 1182 1380 Lenire
1233 1303 1489 1380 verbis
1535 1305 1832 1402 impias,

612 1458 665 1500 ss
704 1427 857 1505 Sed
913 1427 1190 1506 dubius
1243 1427 1451 1505 unde
1503 1444 1894 1529 rumperet
1945 1430 2352 1529 silentium,

908 1554 1119 1629 Misit
1168 1554 1582 1653 Thyesteas
1635 1580 1942 1653 preces:
2207 1545 2214 1553 ’

704 1678 1020 1753 Venena
1070 1702 1433 1775 magnum
1492 1678 1608 1754 fas
1662 1681 2056 1779 nefasque,
2111 1706 2269 1755 non
2319 1680 2580 1757 valent

911 1804 1382 1881 Convertere
1432 1803 1850 1879 humanam
1901 1804 2172 1880 vicem.

300 2028 439 2065 mus.
480 2040 543 2049 —
581 2008 802 2077 vocata]
836 2008 1125 2063 Sententia
1160 2009 1299 2065 haec
1342 2014 1451 2065 est:

302 2081 377 2137 ad
428 2098 519 2137 me
572 2098 855 2148 recurres,
910 2080 1008 2135 sed
1067 2098 1180 2134 non
1233 2082 1459 2137 Marsae

302 2170 468 2208 voces
504 2153 545 2207 i.
594 2170 640 2208 e.
688 2169 801 2207 non
862 2153 1123 2223 vulgaria
1177 2154 1455 2207 omnibus-

303 2242 413 2295 que
477 2227 615 2279 nota
669 2227 835 2279 erunt
902 2224 1151 2278 carmina
1166 2264 1180 2292 ‚
1254 2226 1457 2294 quibus

304 2313 459 2351 mens
494 2301 597 2351 tua
631 2300 834 2352 vocata
870 2296 943 2349 ad
979 2314 1069 2351 me
1106 2296 1334 2361 redibit,
1360 2297 1459 2351 sed
1483 2321 1495 2331 ·

302 2369 484 2423 maius
507 2368 721 2438 parabo
742 2366 1090 2422 veneficium.
1119 2366 1282 2423 ovid.
1302 2371 1371 2422 A.
1385 2371 1457 2422 A.

302 2439 377 2509 11,
401 2441 529 2493 106:
571 2438 830 2508 „Philtra
853 2444 1059 2493 nocent
1095 2441 1294 2494 animis
1318 2441 1453 2494 vim-

307 2527 416 2579 que
456 2511 676 2565 furoris
722 2510 983 2565 habent.“
1071 2511 1260 2566 Aliter
1297 2511 1457 2565 Com-

305 2587 476 2636 ment.
516 2583 710 2653 Cruq.:
776 2583 892 2651 „ita
928 2588 985 2636 te
1021 2580 1263 2653 defigam
1299 2584 1459 2637 novis

306 2658 365 2708 et
424 2655 665 2709 insolitis
718 2652 1003 2737 maleficiis
1016 2693 1040 2737 ‚⁸
1098 2660 1183 2738 ut·
1214 2659 1460 2709 mentem

304 2730 1221 2867 atssqsffib02iss¹⁹ffl..?t{:33‡„
1241 2726 1459 2853 {2333

305 2869 503 2939 populi
538 2870 622 2924 ita
672 2886 1015 2924 venenorum
1066 2868 1224 2924 fuere
1268 2869 1457 2939 periti,

305 2945 373 2995 ut
408 2948 467 2996 et
509 2941 691 2995 saliva
713 2940 869 2996 soliti
902 2940 1015 2994 sint
1050 2941 1223 2995 etiam
1243 2958 1459 2995 morsus

306 3028 507 3067 curare
550 3012 926 3082 serpentum.“
984 3041 1053 3053 —-
1103 3012 1321 3067 Marsis
1370 3028 1457 3067 vo-

306 3084 477 3153 cibus]
533 3084 735 3139 Marsis
790 3083 1153 3139 carminibus:
1209 3084 1280 3139 de
1340 3084 1459 3153 qui·⁵

305 3155 411 3210 bus
448 3154 661 3210 Gellius
686 3156 833 3223 XVI,
874 3158 970 3209 ll:
1010 3154 1249 3223 „Marsis
1284 3155 1459 3210 homi·

304 3227 473 3282 nibus
496 3227 555 3282 vi
582 3227 826 3296 quadam
862 3227 1099 3297 genitali
1124 3226 1319 3281 datum
1355 3232 1456 3291 est,

306 3304 375 3353 ut
416 3299 763 3369 serpentium
818 3298 1225 3352 virulentorum
1284 3299 1457 3353 domi-

305 3375 461 3425 tores
511 3372 628 3425 sint
681 3374 739 3425 et
799 3370 1207 3425 incentionibus
1260 3370 1461 3423 herba·

306 3458 552 3567 ωιιιῗὲιεέι
576 3442 740 3569 εοιίρίὶ
748 3442 963 3567 faciant
984 3441 1461 3567 mfgelggumfini·

306 3530 519 3568 racu.
651 3530 1462 3581 .ac.nn.,:„ox

308 3584 675 3648 Numantina,
722 3586 881 3654 prior
932 3602 1075 3639 uxor
1120 3585 1255 3653 eius,
1302 3600 1461 3639 accu-

310 3661 434 3711 sata
470 3657 723 3713 iniecisse
768 3656 1109 3711 carminibus
1159 3660 1217 3710 et
1262 3655 1463 3711 venefi-

311 3728 413 3783 ciis
450 3728 769 3783 vecordiam
808 3730 1035 3791 marito,
1082 3729 1271 3782 insons
1318 3728 1461 3782 iudi·

311 3802 523 3855 catur.“
580 3800 759 3869 Epod.
801 3802 887 3868 17,
924 3802 1010 3853 28.
1049 3800 1164 3855 Sat.
1204 3800 1247 3867 1,
1286 3802 1337 3867 9,
1375 3801 1461 3853 29.

314 3900 381 3911 -
415 3870 755 3940 fastidienti]
790 3888 895 3925 me.
932 3900 1004 3911 -—
1040 3872 1184 3926 atris
1221 3869 1463 3942 iynibus]

310 3960 445 3997 nam
498 3946 685 3997 atrum
728 3942 915 4011 ipsum
966 3942 1221 3997 bitumen
1276 3948 1463 3997 atrum

312 4014 532 4069 fumum
570 4014 705 4069 edit.
780 4014 851 4069 cf.
893 4014 1059 4085 Verg.
1110 4014 1309 4085 Georg.
1364 4014 1464 4081 ΙΙΙ,

312 4088 435 4141 451.
474 4114 541 4126 -
579 4086 679 4141 sub
712 4084 865 4157 haec]
911 4084 1116 4140 Statim
1165 4092 1464 4156 postquam

316 4158 550 4213 Canidia
630 4158 767 4213 haec
838 4158 1000 4213 dixit.
1094 4157 1245 4213 Haec
1316 4158 1465 4211 enim

312 4230 594 4299 particula
646 4233 948 4298 utrumque
1013 4232 1233 4299 tempus
1292 4230 1465 4300 signi·

312 4300 449 4359 fleat
485 4304 544 4356 et
580 4302 731 4370 quod
765 4302 1023 4371 proxime
1060 4302 1307 4370 aliquam
1344 4318 1466 4355 rem

352 4372 603 4429 raecedit
636 4378 696 4427 et
742 4372 893 4443 quod
947 4374 1143 4427 statim
1195 4372 1464 4441 sequitur.

368 4462 401 4499 e
454 4462 569 4514 qua
620 4462 684 4501 re
731 4461 997 4515 compara
1044 4444 1158 4499 Sat.
1194 4444 1269 4512 11,
1306 4442 1359 4512 8,
1396 4446 1465 4497 43

312 4520 374 4571 et
428 4516 610 4571 Carm.
656 4516 703 4585 Ι,
751 4516 803 4585 9,
861 4518 943 4570 19.
1018 4515 1133 4571 Sat.
1188 4515 1265 4581 Π,
1324 4518 1369 4581 1,
1414 4516 1464 4569 9.

312 4586 389 4657 11,
432 4590 487 4655 7,
536 4588 654 4641 109.
727 4587 911 4658 Epist.
950 4587 1022 4655 11,
1051 4589 1114 4655 ,2,
1154 4588 1273 4641 169.
1350 4586 1467 4641 Sat.

418 4708 645 4751 Horatius
671 4708 746 4753 ed.
772 4708 1110 4759 Dsslenburger
1140 4708 1214 4749 ed.
1244 4706 1344 4750 vn.

1549 2011 1620 2079 H,
1672 2013 1722 2079 7,
1776 2013 1864 2066 33.
1936 2011 1981 2079 Ι,
2031 2011 2080 2076 1,
2135 2014 2218 2065 10.
2290 2009 2472 2080 Epist.
2519 2009 2566 2071 1.
2623 2012 2704 2071 16,

1550 2084 1637 2136 22.
1686 2112 1752 2121 —-
1803 2082 2022 2153 dubius]
2069 2087 2228 2137 tanto
2284 2083 2432 2137 enim
2468 2082 2704 2139 horrore

1550 2154 1785 2209 obrutus
1824 2158 1963 2222 erat,
2002 2158 2068 2209 ut
2116 2154 2375 2216 nesciret,
2422 2153 2568 2208 unde
2621 2154 2711 2207 in-

1551 2226 1820 2295 crepandi
1860 2226 2088 2280 initium
2137 2230 2380 2295 caperet.
2424 2255 2484 2263 —
2533 2224 2702 2294 Thye-

1551 2303 1697 2352 steas
1741 2298 1950 2367 preces]
1996 2298 2125 2352 vide
2178 2297 2290 2351 Cic.
2328 2296 2488 2352 Tusc.
2537 2296 2582 2359 Ι,
2619 2297 2708 2349 44.

1552 2399 1618 2409 -
1668 2370 1896 2438 venena]
1942 2368 2293 2424 Difficillime.
2335 2385 2402 2423 ac
2447 2368 2706 2422 diversis-

1552 2440 1692 2495 sime
1737 2444 1958 2495 tentata
2009 2442 2202 2509 verba,
2263 2440 2312 2494 si
2369 2458 2505 2494 sana
2556 2442 2707 2507 sunt,

1553 2512 1766 2582 optime
1785 2528 1912 2566 cum
1931 2512 2207 2567 Lambino
2239 2512 2321 2566 ita
2343 2510 2622 2580 expedias,
2640 2516 2708 2564 ut

1555 2601 1624 2638 ex
1658 2583 1846 2639 verbis
1883 2600 1998 2638 non
2033 2586 2212 2639 calend
2249 2584 2433 2653 ipsum
2467 2583 2706 2637 verbum

1551 2657 1734 2711 valent
1753 2656 1957 2709 omissa
1988 2661 2229 2725 negante
2248 2655 2530 2724 particula
2550 2670 2704 2723 repe-

1553 2731 1666 2781 tas:
1703 2727 1962 2797 „Venena
1981 2726 2336 2781 confundunt
2352 2726 2438 2780 fas
2459 2731 2516 2779 et
2531 2724 2709 2797 nesae,

1555 2817 1682 2853 cum
1718 2797 1952 2853 venefici
1978 2798 2063 2853 fas
2085 2799 2324 2866 violent3
2353 2798 2449 2852 sed
2480 2797 2710 2851 venenis

1555 2888 1668 2996 pon
1684 2874 1877 2996 ppttaest
1894 2887 2014 2995 sqrs
2035 2870 2311 2995 qumanae
2335 2870 2486 2952 vitae
2508 2869 2708 2952 immu-

1583 2960 1685 2997 ari.
1849 2959 1921 2996 ue
1965 2958 2050 2997 ice
2103 2958 2334 2996 venenis
2361 2958 2486 2995 iura
2523 2957 2711 2994 omma

1556 3014 1801 3068 humana
1811 2959 1902 3069 qac
1937 3014 2129 3068 divina
2159 3012 2546 3083 perfringatis,
2575 3010 2709 3067 effu-

1555 3102 1690 3156 gere
1739 3090 1930 3140 tamen
1975 3102 2088 3139 non
2137 3084 2398 3153 poteritis
2435 3084 2575 3152 quin
2618 3100 2710 3137 ve-

1558 3162 1804 3211 strorum
1839 3155 2246 3211 maleficiorum
2280 3172 2490 3225 poenas
2513 3154 2706 3209 detis.“

1557 3228 1845 3283 Bentleius
1891 3228 2236 3283 coniecerat:
2300 3227 2560 3296 „Venena
2594 3242 2709 3281 ma-

1557 3300 1688 3369 9ica
1723 3300 1808 3354 fas
1861 3300 2127 3369 nefasque
2173 3317 2288 3353 non
2331 3299 2538 3365 valent,
2579 3298 2712 3352 Non

1557 3377 1780 3426 vertere
1837 3372 2107 3425 humanas
2153 3372 2348 3426 vices.“
2432 3370 2542 3423 Pro
2595 3385 2710 3423 ma-

1557 3458 1724 3513 qrmm
1779 3442 2039 3513 Rutgers.
2095 3442 2361 3511 magicum
2423 3442 2709 3495 divinave-

1559 3518 1675 3583 rat3
1741 3532 1884 3583 quae
1953 3514 2127 3568 verba
2188 3514 2370 3568 solent
2426 3512 2710 3568 confundi.

1560 3586 1843 3655 Hauptius
1876 3586 2166 3657 ingeniose
2203 3586 2432 3655 scripsit
2480 3600 2714 3655 „venena

1560 3672 1725 3784 2151?
1761 3658 2020 3797 3:2⁰ssqu
2056 3658 2714 3783 fflzwfflmssffizzf

1561 3800 1788 3855 Linker.
1846 3800 2039 3855 Lehrs.
2099 3800 2354 3855 Mueller.
2423 3799 2708 3854 Eckstein.

1560 3871 1952 3941 Peerlkampio
1989 3873 2048 3925 in
2072 3877 2316 3926 mentem
2343 3871 2524 3925 venit:
2565 3869 2708 3938 „Ve-

1558 3960 1706 3999 nena
1737 3958 1993 4013 maqnum
2036 3942 2130 4009 fas
2175 3944 2435 4011 nefasque
2477 3957 2588 3995 mm
2621 3956 2714 3994 va-

1563 4018 1676 4070 lent
1695 4014 2010 4070 Convertere
2029 4014 2262 4068 immam·
2283 4013 2450 4077 viee,“
2476 4011 2571 4066 sed
2595 4028 2708 4064 ma-

1565 4088 1692 4141 vult
1727 4105 1854 4141 cum
1891 4086 2092 4141 Guieto
2131 4090 2190 4140 et
2224 4084 2480 4139 Bentleio
2521 4098 2714 4137 versus

1561 4159 1764 4213 delere.
1835 4157 2085 4227 Madvig.
2129 4175 2197 4211 ex
2234 4158 2411 4211 coni.:
2452 4170 2714 4223 „conver-

1561 4235 1698 4284 tere.
1733 4230 1992 4285 Humana
2028 4230 2168 4297 vice,
2195 4229 2334 4282 diris
2373 4244 2537 4297 agam
2561 4226 2716 4280 vos.“

1559 4302 1728 4355 Nam:
1787 4318 1965 4371 „puer
2015 4302 2262 4370 primum
2311 4300 2556 4353 humana
2592 4298 2714 4351 vice

1559 4377 1620 4427 et
1653 4373 1870 4428 ultione
1893 4414 1906 4427 .
1930 4412 1944 4426 .
1963 4389 2022 4427 se
2045 4390 2240 4442 magas
2268 4374 2522 4425 acturum
2546 4368 2714 4439 dicit;

1559 4444 1778 4513 deinde,
1804 4462 1932 4499 cum
1957 4460 2028 4498 ex
2053 4443 2372 4497 hominibus
2397 4442 2714 4509 excesserit,

1558 4516 1810 4569 manium
1847 4516 1972 4570 iure
2007 4520 2066 4570 et
2099 4518 2382 4585 potestate
2424 4514 2714 4568 usurum.“

1559 4586 1814 4643 Kellerus
1851 4604 1922 4642 ex
1959 4587 2250 4658 ingeniosa
2295 4592 2354 4642 et
2392 4585 2546 4641 facili
2582 4602 2714 4641 con·

2250 4685 2320 4739 20
