3092 5059
871 234 1360 303 PRAEFATIO
1405 233 1855 302 EDITIONIS
1901 235 2043 301 V11.
2569 260 2665 299 xxi

264 449 489 522 quam
549 424 620 499 si
668 424 1268 503 Brambaekium
1319 424 1593 500 ducem
1672 434 2077 523 sequentes
2148 449 2317 499 eam
2372 420 2663 522 ample-

261 560 643 625 cteremur
677 574 1054 643 normam,
1113 574 1344 648 quam
1373 546 1893 639 Quintilianus
1930 546 2249 645 eiusque
2300 546 2663 645 aequales

259 672 746 749 constituisse
796 672 1266 749 viderentur.

451 794 970 883 Vratislaviae
1023 795 1226 875 Idib.
1277 796 1651 873 Februar-
1700 795 2393 877 MDCCCLXXV.

1105 1548 1170 1631 P
1193 1543 1530 1631 RAEF
1554 1544 1625 1631 A
1648 1546 1850 1631 ΤΙΟ

1146 1733 1601 1802 Enrrloms
1644 1736 1787 1802 vn.

468 2055 586 2129 De
645 2066 865 2129 sexta
913 2053 1224 2129 Horatii
1288 2054 1444 2129 mei
1512 2053 1853 2131 editione
1894 2051 2137 2128 multo
2190 2064 2269 2129 et
2322 2053 2539 2128 eitius
2594 2066 2673 2127 et

267 2177 850 2254 benevolentius
941 2177 1253 2277 publice
1337 2178 1759 2253 iudicatum
1853 2191 1965 2254 est
2044 2178 2172 2269 (ef.
2252 2180 2517 2256 Mewes
2589 2178 2669 2253 in

267 2301 646 2377 Zeitsehr.
699 2302 752 2375 f.
802 2301 1352 2401 Gymnasialw.
1415 2307 1627 2377 1877.
1682 2302 1957 2379 Octob.
2022 2302 2308 2380 Fritsolz
2348 2304 2433 2378 in
2474 2302 2668 2379 Bur-

266 2428 434 2503 sian
507 2426 1090 2503 Jahresberieht
1154 2430 1368 2503 1875.
1425 2430 1610 2505 fase.
1648 2432 1799 2523 3p.
1836 2430 1979 2502 184
2013 2453 2184 2526 sqq.
2251 2428 2347 2505 E.
2412 2429 2521 2503 W.
2590 2428 2671 2503 in

270 2551 652 2650 Philolog.
691 2551 1082 2651 Anzeiger
1121 2555 1339 2627 1875.
1393 2578 1469 2651 p.
1517 2556 1683 2627 221.
1756 2551 2125 2630 Kicnstler
2170 2553 2255 2629 in
2298 2552 2670 2629 Zeitsehr.

191 2678 198 2683 ’
267 2678 320 2751 f.
371 2676 810 2776 Philologie
856 2676 1154 2755 XVIII.
1193 2679 1382 2755 fase.
1423 2682 1491 2753 5.
1574 2677 2109 2780 Hirschfelder
2159 2678 2237 2751 in
2295 2678 2667 2754 Zeitsehr.

269 2802 322 2877 f.
366 2802 918 2902 Gymnasialw.
951 2802 1260 2881 XXIX.
1298 2808 1412 2879 10.
1447 2830 1523 2905 p.
1573 2808 1705 2880 601
1734 2800 1905 2904 sq.),
1950 2829 2181 2903 quam
2232 2803 2452 2879 licuit
2500 2830 2671 2905 spe—

266 2954 472 3025 rare;
553 2954 752 3028 quae
814 2941 1072 3005 autem
1134 2957 1183 3005 a
1231 2930 1421 3007 viris
1475 2930 1937 3007 doctissimis
1990 2941 2257 3007 notata
2304 2929 2427 3005 vel
2473 2930 2672 3005 desi-

272 3053 534 3131 derata
578 3068 776 3151 sunt,
841 3053 934 3131 iis
1011 3054 1112 3135 ad
1165 3054 1729 3135 emendandam
1796 3056 2201 3153 septimam
2257 3054 2671 3131 editionem

266 3180 598 3257 libenter
668 3206 846 3257 usus
909 3208 1104 3257 sum.
1198 3181 1628 3281 Praecipue
1700 3182 1793 3257 iis
1863 3206 2069 3257 nune
2122 3181 2489 3285 satisfeci,
2538 3180 2673 3279 qui

270 3317 762 3401 conspectum
835 3318 1252 3384 metrorum
1322 3308 1423 3403 ad
1489 3333 1657 3385 eam
1714 3332 2068 3383 normam
2121 3307 2671 3383 transforman-

271 3429 454 3507 dum
525 3456 688 3505 esse
751 3445 1230 3527 censuerunt,
1313 3458 1511 3531 quae
1582 3431 1817 3509 hodie
1870 3430 2050 3506 viris
2102 3456 2362 3507 rerum
2416 3430 2672 3505 metri·

270 3580 532 3631 carum
601 3556 868 3652 peritis
935 3557 1262 3655 probata
1333 3570 1470 3652 est,
1543 3582 1699 3655 qua
1763 3556 2081 3655 quidem
2164 3556 2243 3631 in
2307 3580 2391 3631 re
2460 3555 2671 3654 quod

273 3681 642 3780 optimum
687 3680 964 3757 ducem
1015 3682 1238 3780 sequi
1275 3681 1510 3778 licuit,
1569 3706 1725 3757 non
1770 3707 2084 3779 possum
2136 3681 2319 3757 satis
2370 3679 2668 3773 laetari3

271 3805 484 3879 cuius
563 3805 766 3881 enim
841 3806 1294 3883 auctoritate
1367 3820 1444 3882 et
1521 3805 1842 3881 oonsilio
1922 3804 2195 3881 melius
2274 3806 2385 3881 uti
2456 3806 2672 3902 potui

271 3954 504 4028 quam
557 3930 1038 4026 Rossbaekii‚
1108 3934 1246 4030 qui
1317 3933 1507 4032 quid
1579 3932 2019 4009 faciendum
2088 3944 2285 4008 esset
2340 3930 2673 4028 benigne

269 4066 346 4129 et
395 4054 648 4130 amice
694 4056 1169 4131 monstravit.
1226 4055 1378 4134 Sed
1435 4058 1669 4133 etiam
1723 4055 1823 4133 ad
1864 4055 2396 4133 constituenda
2436 4056 2673 4133 verba

269 4192 546 4279 poetae
613 4180 906 4256 contuli
971 4207 1508 4283 quaecumque
1583 4185 1665 4257 in
1734 4183 1951 4257 novis
2016 4182 2141 4259 vel
2206 4182 2672 4259 editionibus

273 4303 392 4380 vel
465 4306 1235 4383 commentationibus
1314 4306 1617 4404 prolata
1684 4319 1762 4383 et
1820 4308 2151 4403 probata
2200 4320 2404 4400 sunt3
2472 4307 2673 4383 inter

273 4454 462 4527 quos
514 4429 760 4505 libros
788 4429 1166 4526 imprimis
1212 4432 1685 4509 nominanda
1732 4446 1915 4509 sunt
1966 4431 2273 4511 Kellerz’
2304 4430 2668 4528 Epilego-

273 4580 521 4653 mena,
575 4555 712 4654 qui
779 4553 994 4653 liber,
1049 4582 1494 4657 quanquam
1566 4558 1647 4633 in
1716 4583 1811 4634 eo
1884 4558 2117 4637 etiam
2180 4556 2671 4639 inveniuntur
