<?xml version="1.0" encoding="UTF-8"?>
<!DOCTYPE html PUBLIC "-//W3C//DTD XHTML 1.0 Transitional//EN"
    "http://www.w3.org/TR/xhtml1/DTD/xhtml1-transitional.dtd">
<html xmlns="http://www.w3.org/1999/xhtml" xml:lang="en" lang="en">
 <head>
  <title>
</title>
<meta http-equiv="Content-Type" content="text/html;charset=utf-8" />
  <meta name='ocr-system' content='tesseract 3.04.00' />
  <meta name='ocr-capabilities' content='ocr_page ocr_carea ocr_par ocr_line ocrx_word'/>
</head>
<body>
  <div class='ocr_page' id='page_1' title='image "./qhoratiiflaccio05unkngoog_0449.png"; bbox 0 0 3092 5059; ppageno 0'>
   <div class='ocr_carea' id='block_1_1' title="bbox 1134 258 1756 331">
    <p class='ocr_par' dir='ltr' id='par_1_1' title="bbox 1134 258 1756 331">
     <span class='ocr_line' id='line_1_1' title="bbox 1134 258 1756 331; baseline 0.006 -6"><span class='ocrx_word' id='word_1_1' title='bbox 1134 258 1297 329; x_wconf 91' lang='lat' dir='ltr'><strong>LIB.</strong></span> <span class='ocrx_word' id='word_1_2' title='bbox 1346 262 1431 329; x_wconf 95' lang='lat' dir='ltr'><strong>II.</strong></span> <span class='ocrx_word' id='word_1_3' title='bbox 1476 260 1662 331; x_wconf 82' lang='lat' dir='ltr'><strong>SAT.</strong></span> <span class='ocrx_word' id='word_1_4' title='bbox 1703 263 1756 330; x_wconf 94' lang='lat' dir='ltr'><strong>I.</strong></span> 
     </span>
    </p>
   </div>
   <div class='ocr_carea' id='block_1_2' title="bbox 2525 265 2650 331">
    <p class='ocr_par' dir='ltr' id='par_1_2' title="bbox 2525 265 2650 331">
     <span class='ocr_line' id='line_1_2' title="bbox 2525 265 2650 331; baseline -0.008 0"><span class='ocrx_word' id='word_1_5' title='bbox 2525 265 2650 331; x_wconf 84' lang='lat'><strong>419</strong></span> 
     </span>
    </p>
   </div>
   <div class='ocr_carea' id='block_1_3' title="bbox 349 446 2390 553">
    <p class='ocr_par' dir='ltr' id='par_1_3' title="bbox 349 446 2390 553">
     <span class='ocr_line' id='line_1_3' title="bbox 349 446 2390 553; baseline 0 -27"><span class='ocrx_word' id='word_1_6' title='bbox 349 446 769 549; x_wconf 87' lang='lat' dir='ltr'><strong>Composui</strong></span> <span class='ocrx_word' id='word_1_7' title='bbox 822 474 1002 548; x_wconf 86' lang='lat' dir='ltr'><strong>pars</strong></span> <span class='ocrx_word' id='word_1_8' title='bbox 1056 472 1221 523; x_wconf 89' lang='lat' dir='ltr'><strong>esse</strong></span> <span class='ocrx_word' id='word_1_9' title='bbox 1271 461 1497 549; x_wconf 86' lang='lat' dir='ltr'><strong>putat</strong></span> <span class='ocrx_word' id='word_1_10' title='bbox 1545 450 1991 553; x_wconf 78' lang='lat' dir='ltr'>similesque</span> <span class='ocrx_word' id='word_1_11' title='bbox 2034 478 2390 529; x_wconf 89' lang='lat' dir='ltr'><strong>meorum</strong></span> 
     </span>
    </p>
   </div>
   <div class='ocr_carea' id='block_1_4' title="bbox 348 569 1703 671">
    <p class='ocr_par' dir='ltr' id='par_1_4' title="bbox 348 569 1703 671">
     <span class='ocr_line' id='line_1_4' title="bbox 348 569 1703 671; baseline 0.001 -24"><span class='ocrx_word' id='word_1_12' title='bbox 348 570 569 647; x_wconf 89' lang='lat' dir='ltr'><strong>Mille</strong></span> <span class='ocrx_word' id='word_1_13' title='bbox 622 570 750 648; x_wconf 91' lang='lat' dir='ltr'><strong>die</strong></span> <span class='ocrx_word' id='word_1_14' title='bbox 801 596 1067 647; x_wconf 84' lang='lat' dir='ltr'><strong>versus</strong></span> <span class='ocrx_word' id='word_1_15' title='bbox 1115 569 1399 646; x_wconf 89' lang='lat' dir='ltr'><strong>deduci</strong></span> <span class='ocrx_word' id='word_1_16' title='bbox 1453 597 1703 671; x_wconf 88' lang='lat' dir='ltr'><strong>posse.</strong></span> 
     </span>
    </p>
   </div>
   <div class='ocr_carea' id='block_1_5' title="bbox 1808 574 2141 673">
    <p class='ocr_par' dir='ltr' id='par_1_5' title="bbox 1808 574 2141 673">
     <span class='ocr_line' id='line_1_5' title="bbox 1808 574 2141 673; baseline 0.009 -24"><span class='ocrx_word' id='word_1_17' title='bbox 1808 574 2141 673; x_wconf 77' lang='lat' dir='ltr'><strong>Trebati,</strong></span> 
     </span>
    </p>
   </div>
   <div class='ocr_carea' id='block_1_6' title="bbox 288 694 2648 802">
    <p class='ocr_par' dir='ltr' id='par_1_6' title="bbox 288 694 2648 802">
     <span class='ocr_line' id='line_1_6' title="bbox 288 694 2648 802; baseline 0.003 -33"><span class='ocrx_word' id='word_1_18' title='bbox 288 728 313 769; x_wconf 76' lang='grc' dir='ltr'>ε</span> <span class='ocrx_word' id='word_1_19' title='bbox 352 694 558 787; x_wconf 83' lang='lat' dir='ltr'><strong>Quid</strong></span> <span class='ocrx_word' id='word_1_20' title='bbox 588 696 867 773; x_wconf 85' lang='lat' dir='ltr'><strong>faciam</strong></span> <span class='ocrx_word' id='word_1_21' title='bbox 889 697 1356 795; x_wconf 89' lang='lat' dir='ltr'><strong>praescribe.</strong></span> <span class='ocrx_word' id='word_1_22' title='bbox 1386 694 1877 792; x_wconf 82' lang='lat' dir='ltr'><strong>„Quiescas.“</strong></span> <span class='ocrx_word' id='word_1_23' title='bbox 1900 700 2018 778; x_wconf 91' lang='lat' dir='ltr'><strong>Ne</strong></span> <span class='ocrx_word' id='word_1_24' title='bbox 2042 703 2347 800; x_wconf 86' lang='lat' dir='ltr'><strong>faciam,</strong></span> <span class='ocrx_word' id='word_1_25' title='bbox 2371 703 2648 802; x_wconf 88' lang='lat' dir='ltr'><strong>inquis,</strong></span> 
     </span>
    </p>
   </div>
   <div class='ocr_carea' id='block_1_7' title="bbox 349 818 1047 897">
    <p class='ocr_par' dir='ltr' id='par_1_7' title="bbox 349 818 1047 897">
     <span class='ocr_line' id='line_1_7' title="bbox 349 818 1047 897; baseline 0.001 -1"><span class='ocrx_word' id='word_1_26' title='bbox 349 818 690 896; x_wconf 85' lang='lat' dir='ltr'>Omnino</span> <span class='ocrx_word' id='word_1_27' title='bbox 739 824 1047 897; x_wconf 81' lang='lat' dir='ltr'><strong>versus?</strong></span> 
     </span>
    </p>
   </div>
   <div class='ocr_carea' id='block_1_8' title="bbox 1153 818 2466 922">
    <p class='ocr_par' dir='ltr' id='par_1_8' title="bbox 1153 818 2466 922">
     <span class='ocr_line' id='line_1_8' title="bbox 1153 818 2466 922; baseline 0.005 -28"><span class='ocrx_word' id='word_1_28' title='bbox 1153 818 1432 918; x_wconf 88' lang='lat' dir='ltr'><strong>„Aio.“</strong></span> <span class='ocrx_word' id='word_1_29' title='bbox 1536 822 1854 899; x_wconf 89' lang='lat' dir='ltr'><strong>Peream</strong></span> <span class='ocrx_word' id='word_1_30' title='bbox 1911 825 2136 922; x_wconf 90' lang='lat' dir='ltr'><strong>male,</strong></span> <span class='ocrx_word' id='word_1_31' title='bbox 2189 828 2254 902; x_wconf 90' lang='lat' dir='ltr'><strong>si</strong></span> <span class='ocrx_word' id='word_1_32' title='bbox 2307 853 2466 901; x_wconf 89' lang='lat' dir='ltr'><strong>non</strong></span> 
     </span>
    </p>
   </div>
   <div class='ocr_carea' id='block_1_9' title="bbox 269 943 2651 1920">
    <p class='ocr_par' dir='ltr' id='par_1_9' title="bbox 346 943 2651 1299">
     <span class='ocr_line' id='line_1_9' title="bbox 348 943 2651 1048; baseline 0.002 -26"><span class='ocrx_word' id='word_1_33' title='bbox 348 943 745 1043; x_wconf 87' lang='lat' dir='ltr'><strong>Optimum</strong></span> <span class='ocrx_word' id='word_1_34' title='bbox 800 959 1004 1042; x_wconf 84' lang='lat' dir='ltr'><strong>erat3</strong></span> <span class='ocrx_word' id='word_1_35' title='bbox 1057 971 1324 1022; x_wconf 89' lang='lat' dir='ltr'><strong>verum</strong></span> <span class='ocrx_word' id='word_1_36' title='bbox 1381 972 1684 1047; x_wconf 81' lang='lat' dir='ltr'><strong>nequeo</strong></span> <span class='ocrx_word' id='word_1_37' title='bbox 1739 948 2104 1025; x_wconf 90' lang='lat' dir='ltr'><strong>dormire.</strong></span> <span class='ocrx_word' id='word_1_38' title='bbox 2189 952 2392 1048; x_wconf 82' lang='lat' dir='ltr'><strong>„Ter</strong></span> <span class='ocrx_word' id='word_1_39' title='bbox 2441 952 2651 1028; x_wconf 89' lang='lat' dir='ltr'><strong>uncti</strong></span> 
     </span>
     <span class='ocr_line' id='line_1_10' title="bbox 347 1070 2548 1174; baseline 0.003 -29"><span class='ocrx_word' id='word_1_40' title='bbox 347 1070 827 1147; x_wconf 83' lang='lat' dir='ltr'><strong>Transnanto</strong></span> <span class='ocrx_word' id='word_1_41' title='bbox 882 1070 1249 1168; x_wconf 81' lang='lat' dir='ltr'><strong>Tiberim,</strong></span> <span class='ocrx_word' id='word_1_42' title='bbox 1306 1099 1579 1149; x_wconf 89' lang='lat' dir='ltr'><strong>somno</strong></span> <span class='ocrx_word' id='word_1_43' title='bbox 1631 1075 1911 1173; x_wconf 91' lang='lat' dir='ltr'><strong>quibus</strong></span> <span class='ocrx_word' id='word_1_44' title='bbox 1959 1090 2075 1151; x_wconf 90' lang='lat' dir='ltr'><strong>est</strong></span> <span class='ocrx_word' id='word_1_45' title='bbox 2121 1101 2312 1174; x_wconf 90' lang='lat' dir='ltr'><strong>opus</strong></span> <span class='ocrx_word' id='word_1_46' title='bbox 2365 1076 2548 1173; x_wconf 79' lang='lat' dir='ltr'><strong>alto,</strong></span> 
     </span>
     <span class='ocr_line' id='line_1_11' title="bbox 346 1194 2447 1299; baseline 0.003 -31"><span class='ocrx_word' id='word_1_47' title='bbox 346 1194 894 1294; x_wconf 82' lang='lat' dir='ltr'><strong>Irriguumque</strong></span> <span class='ocrx_word' id='word_1_48' title='bbox 940 1222 1153 1271; x_wconf 90' lang='lat' dir='ltr'><strong>mero</strong></span> <span class='ocrx_word' id='word_1_49' title='bbox 1202 1198 1342 1272; x_wconf 89' lang='lat' dir='ltr'><strong>sub</strong></span> <span class='ocrx_word' id='word_1_50' title='bbox 1395 1212 1702 1274; x_wconf 89' lang='lat' dir='ltr'><strong>noctem</strong></span> <span class='ocrx_word' id='word_1_51' title='bbox 1757 1224 2036 1299; x_wconf 90' lang='lat' dir='ltr'><strong>corpus</strong></span> <span class='ocrx_word' id='word_1_52' title='bbox 2088 1199 2447 1276; x_wconf 85' lang='lat' dir='ltr'><strong>habento.</strong></span> 
     </span>
    </p>

    <p class='ocr_par' dir='ltr' id='par_1_10' title="bbox 269 1317 2540 1920">
     <span class='ocr_line' id='line_1_12' title="bbox 269 1317 2322 1422; baseline 0.005 -33"><span class='ocrx_word' id='word_1_53' title='bbox 269 1352 318 1391; x_wconf 76' lang='grc' dir='ltr'><strong>ιο</strong></span> <span class='ocrx_word' id='word_1_54' title='bbox 349 1317 531 1416; x_wconf 88' lang='lat' dir='ltr'><strong>Aut,</strong></span> <span class='ocrx_word' id='word_1_55' title='bbox 586 1320 653 1396; x_wconf 92' lang='lat' dir='ltr'><strong>si</strong></span> <span class='ocrx_word' id='word_1_56' title='bbox 704 1334 955 1396; x_wconf 87' lang='lat' dir='ltr'><strong>tantus</strong></span> <span class='ocrx_word' id='word_1_57' title='bbox 999 1347 1219 1397; x_wconf 89' lang='lat' dir='ltr'><strong>amor</strong></span> <span class='ocrx_word' id='word_1_58' title='bbox 1270 1323 1664 1399; x_wconf 87' lang='lat' dir='ltr'><strong>scribendi</strong></span> <span class='ocrx_word' id='word_1_59' title='bbox 1713 1336 1792 1399; x_wconf 91' lang='lat' dir='ltr'><strong>te</strong></span> <span class='ocrx_word' id='word_1_60' title='bbox 1841 1326 2067 1422; x_wconf 81' lang='lat' dir='ltr'><strong>rapit,</strong></span> <span class='ocrx_word' id='word_1_61' title='bbox 2121 1324 2322 1401; x_wconf 90' lang='lat' dir='ltr'><strong>aude</strong></span> 
     </span>
     <span class='ocr_line' id='line_1_13' title="bbox 347 1446 2222 1541; baseline 0.001 -18"><span class='ocrx_word' id='word_1_62' title='bbox 347 1446 699 1523; x_wconf 88' lang='lat' dir='ltr'><strong>Caesaris</strong></span> <span class='ocrx_word' id='word_1_63' title='bbox 748 1446 1013 1523; x_wconf 84' lang='lat' dir='ltr'><strong>invicti</strong></span> <span class='ocrx_word' id='word_1_64' title='bbox 1058 1472 1183 1523; x_wconf 89' lang='lat' dir='ltr'><strong>res</strong></span> <span class='ocrx_word' id='word_1_65' title='bbox 1236 1446 1521 1541; x_wconf 83' lang='lat' dir='ltr'><strong>dicere,</strong></span> <span class='ocrx_word' id='word_1_66' title='bbox 1574 1446 1816 1521; x_wconf 86' lang='lat' dir='ltr'><strong>multa</strong></span> <span class='ocrx_word' id='word_1_67' title='bbox 1864 1448 2222 1526; x_wconf 87' lang='lat' dir='ltr'><strong>laborum</strong></span> 
     </span>
     <span class='ocr_line' id='line_1_14' title="bbox 341 1568 2540 1673; baseline 0.005 -31"><span class='ocrx_word' id='word_1_68' title='bbox 341 1569 700 1645; x_wconf 82' lang='lat' dir='ltr'><strong>Praemia</strong></span> <span class='ocrx_word' id='word_1_69' title='bbox 750 1568 1121 1647; x_wconf 82' lang='lat' dir='ltr'><strong>laturus.“</strong></span> <span class='ocrx_word' id='word_1_70' title='bbox 1228 1569 1646 1669; x_wconf 80' lang='lat' dir='ltr'><strong>Cupidum,</strong></span> <span class='ocrx_word' id='word_1_71' title='bbox 1698 1584 1920 1668; x_wconf 90' lang='lat' dir='ltr'><strong>pater</strong></span> <span class='ocrx_word' id='word_1_72' title='bbox 1969 1575 2282 1673; x_wconf 87' lang='lat' dir='ltr'><strong>optime,</strong></span> <span class='ocrx_word' id='word_1_73' title='bbox 2338 1576 2540 1651; x_wconf 88' lang='lat' dir='ltr'><strong>vires</strong></span> 
     </span>
     <span class='ocr_line' id='line_1_15' title="bbox 342 1694 2290 1798; baseline 0.003 -30"><span class='ocrx_word' id='word_1_74' title='bbox 342 1694 762 1770; x_wconf 85' lang='lat' dir='ltr'><strong>Deficiunt:</strong></span> <span class='ocrx_word' id='word_1_75' title='bbox 809 1720 1063 1795; x_wconf 90' lang='lat' dir='ltr'><strong>neque</strong></span> <span class='ocrx_word' id='word_1_76' title='bbox 1111 1696 1310 1772; x_wconf 91' lang='lat' dir='ltr'><strong>enim</strong></span> <span class='ocrx_word' id='word_1_77' title='bbox 1362 1697 1616 1795; x_wconf 85' lang='lat' dir='ltr'><strong>quivis</strong></span> <span class='ocrx_word' id='word_1_78' title='bbox 1667 1696 2060 1773; x_wconf 83' lang='lat' dir='ltr'><strong>horrentia</strong></span> <span class='ocrx_word' id='word_1_79' title='bbox 2107 1699 2290 1798; x_wconf 89' lang='lat' dir='ltr'><strong>pilis</strong></span> 
     </span>
     <span class='ocr_line' id='line_1_16' title="bbox 343 1817 2328 1920; baseline 0.003 -26"><span class='ocrx_word' id='word_1_80' title='bbox 343 1817 691 1918; x_wconf 85' lang='lat' dir='ltr'><strong>Agmina</strong></span> <span class='ocrx_word' id='word_1_81' title='bbox 740 1846 880 1897; x_wconf 89' lang='lat' dir='ltr'><strong>nec</strong></span> <span class='ocrx_word' id='word_1_82' title='bbox 930 1821 1177 1896; x_wconf 86' lang='lat' dir='ltr'><strong>fracta</strong></span> <span class='ocrx_word' id='word_1_83' title='bbox 1222 1833 1630 1920; x_wconf 82' lang='lat' dir='ltr'><strong>pereuntes</strong></span> <span class='ocrx_word' id='word_1_84' title='bbox 1685 1821 2005 1919; x_wconf 81' lang='lat' dir='ltr'><strong>cuspide</strong></span> <span class='ocrx_word' id='word_1_85' title='bbox 2055 1821 2328 1899; x_wconf 82' lang='lat' dir='ltr'><strong>Gallos</strong></span> 
     </span>
    </p>
   </div>
   <div class='ocr_carea' id='block_1_10' title="bbox 236 2103 1402 4682">
    <p class='ocr_par' dir='ltr' id='par_1_11' title="bbox 236 2103 1402 4240">
     <span class='ocr_line' id='line_1_17' title="bbox 243 2103 1396 2178; baseline 0.001 -17"><span class='ocrx_word' id='word_1_86' title='bbox 243 2103 576 2175; x_wconf 78' lang='lat' dir='ltr'><strong>Quanquam</strong></span> <span class='ocrx_word' id='word_1_87' title='bbox 622 2122 737 2160; x_wconf 92' lang='lat' dir='ltr'><strong>non</strong></span> <span class='ocrx_word' id='word_1_88' title='bbox 780 2104 1083 2161; x_wconf 88' lang='lat' dir='ltr'><strong>defuerunt</strong></span> <span class='ocrx_word' id='word_1_89' title='bbox 1128 2108 1225 2175; x_wconf 90' lang='lat' dir='ltr'><strong>qui</strong></span> <span class='ocrx_word' id='word_1_90' title='bbox 1272 2125 1396 2178; x_wconf 88' lang='lat' dir='ltr'><strong>spa-</strong></span> 
     </span>
     <span class='ocr_line' id='line_1_18' title="bbox 241 2176 1401 2250; baseline 0.003 -19"><span class='ocrx_word' id='word_1_91' title='bbox 241 2179 385 2233; x_wconf 89' lang='lat' dir='ltr'><strong>tium</strong></span> <span class='ocrx_word' id='word_1_92' title='bbox 420 2176 655 2246; x_wconf 81' lang='lat' dir='ltr'><strong>aliquod</strong></span> <span class='ocrx_word' id='word_1_93' title='bbox 709 2178 931 2250; x_wconf 77' lang='lat' dir='ltr'><strong>longius</strong></span> <span class='ocrx_word' id='word_1_94' title='bbox 967 2179 1119 2233; x_wconf 88' lang='lat' dir='ltr'><strong>inter</strong></span> <span class='ocrx_word' id='word_1_95' title='bbox 1154 2180 1401 2250; x_wconf 90' lang='lat' dir='ltr'><strong>primum</strong></span> 
     </span>
     <span class='ocr_line' id='line_1_19' title="bbox 240 2248 1401 2307; baseline 0.005 -6"><span class='ocrx_word' id='word_1_96' title='bbox 240 2248 447 2304; x_wconf 90' lang='lat' dir='ltr'><strong>librum</strong></span> <span class='ocrx_word' id='word_1_97' title='bbox 520 2254 579 2305; x_wconf 91' lang='lat' dir='ltr'><strong>et</strong></span> <span class='ocrx_word' id='word_1_98' title='bbox 650 2249 953 2305; x_wconf 88' lang='lat' dir='ltr'><strong>secundum</strong></span> <span class='ocrx_word' id='word_1_99' title='bbox 1025 2250 1401 2307; x_wconf 82' lang='lat' dir='ltr'><strong>intercessisse</strong></span> 
     </span>
     <span class='ocr_line' id='line_1_20' title="bbox 237 2320 1399 2391; baseline 0.004 -17"><span class='ocrx_word' id='word_1_100' title='bbox 237 2320 592 2389; x_wconf 81' lang='lat' dir='ltr'><strong>probabilius</strong></span> <span class='ocrx_word' id='word_1_101' title='bbox 642 2325 925 2391; x_wconf 83' lang='lat' dir='ltr'><strong>putarent,</strong></span> <span class='ocrx_word' id='word_1_102' title='bbox 978 2339 1199 2378; x_wconf 85' lang='lat' dir='ltr'><strong>causam</strong></span> <span class='ocrx_word' id='word_1_103' title='bbox 1246 2324 1399 2379; x_wconf 86' lang='lat' dir='ltr'><strong>inve-</strong></span> 
     </span>
     <span class='ocr_line' id='line_1_21' title="bbox 236 2392 1401 2463; baseline 0.005 -19"><span class='ocrx_word' id='word_1_104' title='bbox 236 2392 450 2449; x_wconf 88' lang='lat' dir='ltr'><strong>nientes</strong></span> <span class='ocrx_word' id='word_1_105' title='bbox 506 2394 566 2446; x_wconf 89' lang='lat' dir='ltr'><strong>in</strong></span> <span class='ocrx_word' id='word_1_106' title='bbox 618 2393 741 2462; x_wconf 90' lang='lat' dir='ltr'><strong>ipso</strong></span> <span class='ocrx_word' id='word_1_107' title='bbox 786 2393 937 2463; x_wconf 89' lang='lat' dir='ltr'><strong>quod</strong></span> <span class='ocrx_word' id='word_1_108' title='bbox 983 2395 1133 2449; x_wconf 89' lang='lat' dir='ltr'><strong>inter</strong></span> <span class='ocrx_word' id='word_1_109' title='bbox 1188 2396 1401 2450; x_wconf 89' lang='lat' dir='ltr'><strong>utrius-</strong></span> 
     </span>
     <span class='ocr_line' id='line_1_22' title="bbox 236 2465 1393 2531; baseline 0.003 -14"><span class='ocrx_word' id='word_1_110' title='bbox 236 2480 343 2531; x_wconf 88' lang='lat' dir='ltr'><strong>que</strong></span> <span class='ocrx_word' id='word_1_111' title='bbox 378 2465 519 2520; x_wconf 86' lang='lat' dir='ltr'><strong>libri</strong></span> <span class='ocrx_word' id='word_1_112' title='bbox 554 2465 757 2520; x_wconf 89' lang='lat' dir='ltr'><strong>satiras</strong></span> <span class='ocrx_word' id='word_1_113' title='bbox 792 2466 1029 2521; x_wconf 87' lang='lat' dir='ltr'><strong>interest</strong></span> <span class='ocrx_word' id='word_1_114' title='bbox 1052 2466 1393 2522; x_wconf 88' lang='lat' dir='ltr'><strong>discrimine.</strong></span> 
     </span>
     <span class='ocr_line' id='line_1_23' title="bbox 238 2534 1400 2607; baseline 0.004 -19"><span class='ocrx_word' id='word_1_115' title='bbox 238 2534 381 2591; x_wconf 83' lang='lat' dir='ltr'><strong>Nam</strong></span> <span class='ocrx_word' id='word_1_116' title='bbox 415 2540 821 2607; x_wconf 80' lang='lat' dir='ltr'><strong>praeterquam</strong></span> <span class='ocrx_word' id='word_1_117' title='bbox 867 2538 1020 2607; x_wconf 90' lang='lat' dir='ltr'><strong>quod</strong></span> <span class='ocrx_word' id='word_1_118' title='bbox 1065 2538 1297 2593; x_wconf 87' lang='lat' dir='ltr'><strong>alterius</strong></span> <span class='ocrx_word' id='word_1_119' title='bbox 1333 2539 1400 2593; x_wconf 91' lang='lat' dir='ltr'><strong>li-</strong></span> 
     </span>
     <span class='ocr_line' id='line_1_24' title="bbox 238 2606 1401 2677; baseline 0.006 -18"><span class='ocrx_word' id='word_1_120' title='bbox 238 2606 327 2660; x_wconf 86' lang='lat' dir='ltr'><strong>bri</strong></span> <span class='ocrx_word' id='word_1_121' title='bbox 364 2610 579 2663; x_wconf 86' lang='lat' dir='ltr'><strong>satirae</strong></span> <span class='ocrx_word' id='word_1_122' title='bbox 628 2608 929 2677; x_wconf 86' lang='lat' dir='ltr'><strong>„numeris‚</strong></span> <span class='ocrx_word' id='word_1_123' title='bbox 980 2610 1295 2665; x_wconf 78' lang='lat' dir='ltr'><strong>elocutione</strong></span> <span class='ocrx_word' id='word_1_124' title='bbox 1335 2627 1401 2666; x_wconf 84' lang='lat' dir='ltr'><strong>ao</strong></span> 
     </span>
     <span class='ocr_line' id='line_1_25' title="bbox 242 2680 1402 2749; baseline 0.004 -18"><span class='ocrx_word' id='word_1_125' title='bbox 242 2680 647 2749; x_wconf 82' lang='lat' dir='ltr'><strong>compositione</strong></span> <span class='ocrx_word' id='word_1_126' title='bbox 718 2684 779 2735; x_wconf 89' lang='lat' dir='ltr'><strong>et</strong></span> <span class='ocrx_word' id='word_1_127' title='bbox 836 2680 1199 2749; x_wconf 84' lang='lat' dir='ltr'><strong>perfectiores</strong></span> <span class='ocrx_word' id='word_1_128' title='bbox 1268 2686 1402 2737; x_wconf 88' lang='lat' dir='ltr'><strong>sunt</strong></span> 
     </span>
     <span class='ocr_line' id='line_1_26' title="bbox 242 2751 1400 2822; baseline 0.003 -19"><span class='ocrx_word' id='word_1_129' title='bbox 242 2765 407 2817; x_wconf 87' lang='lat' dir='ltr'><strong>quam</strong></span> <span class='ocrx_word' id='word_1_130' title='bbox 460 2751 681 2822; x_wconf 87' lang='lat' dir='ltr'><strong>priores</strong></span> <span class='ocrx_word' id='word_1_131' title='bbox 736 2756 795 2806; x_wconf 90' lang='lat' dir='ltr'><strong>et</strong></span> <span class='ocrx_word' id='word_1_132' title='bbox 845 2752 1157 2807; x_wconf 86' lang='lat' dir='ltr'><strong>dramatica</strong></span> <span class='ocrx_word' id='word_1_133' title='bbox 1215 2753 1400 2808; x_wconf 82' lang='lat' dir='ltr'><strong>forma</strong></span> 
     </span>
     <span class='ocr_line' id='line_1_27' title="bbox 240 2822 1401 2880; baseline 0.005 -7"><span class='ocrx_word' id='word_1_134' title='bbox 240 2837 385 2877; x_wconf 78' lang='lat' dir='ltr'><strong>novo</strong></span> <span class='ocrx_word' id='word_1_135' title='bbox 423 2823 604 2877; x_wconf 82' lang='lat' dir='ltr'><strong>veluti</strong></span> <span class='ocrx_word' id='word_1_136' title='bbox 642 2822 882 2878; x_wconf 83' lang='lat' dir='ltr'><strong>artificio</strong></span> <span class='ocrx_word' id='word_1_137' title='bbox 916 2841 1123 2879; x_wconf 80' lang='lat' dir='ltr'><strong>novam</strong></span> <span class='ocrx_word' id='word_1_138' title='bbox 1156 2824 1401 2880; x_wconf 89' lang='lat' dir='ltr'><strong>induunt</strong></span> 
     </span>
     <span class='ocr_line' id='line_1_28' title="bbox 241 2893 1399 2965; baseline 0.005 -20"><span class='ocrx_word' id='word_1_139' title='bbox 241 2895 301 2945; x_wconf 86' lang='lat' dir='ltr'><strong>et</strong></span> <span class='ocrx_word' id='word_1_140' title='bbox 330 2894 677 2965; x_wconf 77' lang='lat' dir='ltr'><strong>singularem</strong></span> <span class='ocrx_word' id='word_1_141' title='bbox 702 2893 982 2949; x_wconf 87' lang='lat' dir='ltr'><strong>indolem“</strong></span> <span class='ocrx_word' id='word_1_142' title='bbox 1010 2896 1241 2963; x_wconf 81' lang='lat' dir='ltr'><strong>(Frank.</strong></span> <span class='ocrx_word' id='word_1_143' title='bbox 1268 2896 1399 2951; x_wconf 80' lang='lat' dir='ltr'><strong>fast.</strong></span> 
     </span>
     <span class='ocr_line' id='line_1_29' title="bbox 242 2961 1400 3035; baseline 0.007 -20"><span class='ocrx_word' id='word_1_144' title='bbox 242 2961 374 3020; x_wconf 85' lang='lat' dir='ltr'><strong>Hor.</strong></span> <span class='ocrx_word' id='word_1_145' title='bbox 410 2983 465 3035; x_wconf 89' lang='lat' dir='ltr'><strong>p.</strong></span> <span class='ocrx_word' id='word_1_146' title='bbox 506 2966 621 3034; x_wconf 84' lang='grc'><strong>71),</strong></span> <span class='ocrx_word' id='word_1_147' title='bbox 667 2966 929 3021; x_wconf 83' lang='lat' dir='ltr'><strong>iuvenilis</strong></span> <span class='ocrx_word' id='word_1_148' title='bbox 990 2968 1162 3022; x_wconf 87' lang='lat' dir='ltr'><strong>etiam</strong></span> <span class='ocrx_word' id='word_1_149' title='bbox 1210 2968 1400 3023; x_wconf 81' lang='lat' dir='ltr'><strong>fervor</strong></span> 
     </span>
     <span class='ocr_line' id='line_1_30' title="bbox 240 3037 1399 3110; baseline 0.005 -21"><span class='ocrx_word' id='word_1_150' title='bbox 240 3048 305 3089; x_wconf 79' lang='lat' dir='ltr'><strong>ao</strong></span> <span class='ocrx_word' id='word_1_151' title='bbox 340 3037 697 3092; x_wconf 80' lang='lat' dir='ltr'><strong>vehementia</strong></span> <span class='ocrx_word' id='word_1_152' title='bbox 740 3038 1163 3107; x_wconf 88' lang='lat' dir='ltr'><strong>sententiarum,</strong></span> <span class='ocrx_word' id='word_1_153' title='bbox 1208 3040 1399 3110; x_wconf 78' lang='lat' dir='ltr'><strong>gravis</strong></span> 
     </span>
     <span class='ocr_line' id='line_1_31' title="bbox 240 3103 1400 3180; baseline 0.009 -23"><span class='ocrx_word' id='word_1_154' title='bbox 240 3103 298 3157; x_wconf 91' lang='lat' dir='ltr'><strong>in</strong></span> <span class='ocrx_word' id='word_1_155' title='bbox 368 3108 697 3163; x_wconf 81' lang='lat' dir='ltr'><strong>accusandis</strong></span> <span class='ocrx_word' id='word_1_156' title='bbox 764 3110 1167 3180; x_wconf 83' lang='lat' dir='ltr'><strong>carpendisque</strong></span> <span class='ocrx_word' id='word_1_157' title='bbox 1239 3113 1400 3167; x_wconf 79' lang='lat' dir='ltr'><strong>vitiis</strong></span> 
     </span>
     <span class='ocr_line' id='line_1_32' title="bbox 240 3178 1397 3253; baseline 0.007 -23"><span class='ocrx_word' id='word_1_158' title='bbox 240 3178 533 3249; x_wconf 83' lang='lat' dir='ltr'><strong>acerbitas,</strong></span> <span class='ocrx_word' id='word_1_159' title='bbox 574 3180 867 3237; x_wconf 86' lang='lat' dir='ltr'><strong>liberrima</strong></span> <span class='ocrx_word' id='word_1_160' title='bbox 912 3182 1263 3253; x_wconf 80' lang='lat' dir='ltr'><strong>singulorum</strong></span> <span class='ocrx_word' id='word_1_161' title='bbox 1299 3184 1397 3238; x_wconf 89' lang='lat' dir='ltr'><strong>ho-</strong></span> 
     </span>
     <span class='ocr_line' id='line_1_33' title="bbox 238 3250 1399 3324; baseline 0.009 -23"><span class='ocrx_word' id='word_1_162' title='bbox 238 3250 453 3306; x_wconf 85' lang='lat' dir='ltr'><strong>minum</strong></span> <span class='ocrx_word' id='word_1_163' title='bbox 502 3252 801 3323; x_wconf 71' lang='lat' dir='ltr'><strong>castigatio</strong></span> <span class='ocrx_word' id='word_1_164' title='bbox 846 3253 1007 3307; x_wconf 89' lang='lat' dir='ltr'><strong>molli</strong></span> <span class='ocrx_word' id='word_1_165' title='bbox 1062 3270 1129 3309; x_wconf 89' lang='lat' dir='ltr'><strong>ac</strong></span> <span class='ocrx_word' id='word_1_166' title='bbox 1174 3254 1399 3324; x_wconf 87' lang='lat' dir='ltr'><strong>placido</strong></span> 
     </span>
     <span class='ocr_line' id='line_1_34' title="bbox 240 3318 1397 3396; baseline 0.008 -24"><span class='ocrx_word' id='word_1_167' title='bbox 240 3318 552 3379; x_wconf 86' lang='lat' dir='ltr'><strong>deducendi</strong></span> <span class='ocrx_word' id='word_1_168' title='bbox 588 3326 860 3379; x_wconf 85' lang='lat' dir='ltr'><strong>sermonis</strong></span> <span class='ocrx_word' id='word_1_169' title='bbox 906 3326 1108 3396; x_wconf 81' lang='lat' dir='ltr'><strong>vigori,</strong></span> <span class='ocrx_word' id='word_1_170' title='bbox 1150 3327 1397 3381; x_wconf 82' lang='lat' dir='ltr'><strong>conside·</strong></span> 
     </span>
     <span class='ocr_line' id='line_1_35' title="bbox 238 3395 1398 3467; baseline 0.006 -21"><span class='ocrx_word' id='word_1_171' title='bbox 238 3397 363 3448; x_wconf 85' lang='lat' dir='ltr'><strong>rato</strong></span> <span class='ocrx_word' id='word_1_172' title='bbox 420 3395 659 3451; x_wconf 86' lang='lat' dir='ltr'><strong>consilio</strong></span> <span class='ocrx_word' id='word_1_173' title='bbox 714 3412 781 3451; x_wconf 88' lang='lat' dir='ltr'><strong>ac</strong></span> <span class='ocrx_word' id='word_1_174' title='bbox 828 3396 1051 3451; x_wconf 86' lang='lat' dir='ltr'><strong>lenitati</strong></span> <span class='ocrx_word' id='word_1_175' title='bbox 1098 3398 1398 3467; x_wconf 87' lang='lat' dir='ltr'><strong>reprehen-</strong></span> 
     </span>
     <span class='ocr_line' id='line_1_36' title="bbox 240 3462 1397 3535; baseline 0.008 -20"><span class='ocrx_word' id='word_1_176' title='bbox 240 3462 429 3535; x_wconf 85' lang='lat' dir='ltr'><strong>sionis,</strong></span> <span class='ocrx_word' id='word_1_177' title='bbox 465 3467 614 3522; x_wconf 90' lang='lat' dir='ltr'><strong>comi</strong></span> <span class='ocrx_word' id='word_1_178' title='bbox 650 3467 711 3521; x_wconf 88' lang='lat' dir='ltr'><strong>in</strong></span> <span class='ocrx_word' id='word_1_179' title='bbox 742 3468 1071 3523; x_wconf 83' lang='lat' dir='ltr'><strong>vellicandis</strong></span> <span class='ocrx_word' id='word_1_180' title='bbox 1106 3467 1397 3524; x_wconf 84' lang='lat' dir='ltr'><strong>hominum</strong></span> 
     </span>
     <span class='ocr_line' id='line_1_37' title="bbox 240 3538 1397 3609; baseline 0.005 -19"><span class='ocrx_word' id='word_1_181' title='bbox 240 3550 307 3589; x_wconf 75' lang='lat' dir='ltr'><strong>ac</strong></span> <span class='ocrx_word' id='word_1_182' title='bbox 356 3538 507 3593; x_wconf 77' lang='lat' dir='ltr'><strong>vitae</strong></span> <span class='ocrx_word' id='word_1_183' title='bbox 566 3540 1031 3609; x_wconf 83' lang='lat' dir='ltr'><strong>perversitatibus</strong></span> <span class='ocrx_word' id='word_1_184' title='bbox 1078 3541 1397 3596; x_wconf 82' lang='lat' dir='ltr'><strong>urbanitati</strong></span> 
     </span>
     <span class='ocr_line' id='line_1_38' title="bbox 241 3606 1397 3676; baseline 0.01 -19"><span class='ocrx_word' id='word_1_185' title='bbox 241 3606 449 3676; x_wconf 86' lang='lat' dir='ltr'><strong>ubique</strong></span> <span class='ocrx_word' id='word_1_186' title='bbox 482 3611 667 3665; x_wconf 84' lang='lat' dir='ltr'><strong>cessit.</strong></span> <span class='ocrx_word' id='word_1_187' title='bbox 742 3610 859 3667; x_wconf 86' lang='lat' dir='ltr'><strong>Hae</strong></span> <span class='ocrx_word' id='word_1_188' title='bbox 911 3616 1102 3666; x_wconf 86' lang='lat' dir='ltr'><strong>tamen</strong></span> <span class='ocrx_word' id='word_1_189' title='bbox 1155 3614 1397 3668; x_wconf 84' lang='lat' dir='ltr'><strong>virtutes</strong></span> 
     </span>
     <span class='ocr_line' id='line_1_39' title="bbox 243 3682 1397 3752; baseline 0.006 -21"><span class='ocrx_word' id='word_1_190' title='bbox 243 3692 367 3731; x_wconf 85' lang='lat' dir='ltr'><strong>cum</strong></span> <span class='ocrx_word' id='word_1_191' title='bbox 420 3682 481 3735; x_wconf 88' lang='lat' dir='ltr'><strong>in</strong></span> <span class='ocrx_word' id='word_1_192' title='bbox 532 3683 939 3752; x_wconf 81' lang='lat' dir='ltr'><strong>posterioribus</strong></span> <span class='ocrx_word' id='word_1_193' title='bbox 985 3684 1175 3738; x_wconf 84' lang='lat' dir='ltr'><strong>satiris</strong></span> <span class='ocrx_word' id='word_1_194' title='bbox 1223 3685 1397 3739; x_wconf 82' lang='lat' dir='ltr'><strong>maio·</strong></span> 
     </span>
     <span class='ocr_line' id='line_1_40' title="bbox 240 3752 1395 3826; baseline 0.007 -24"><span class='ocrx_word' id='word_1_195' title='bbox 240 3764 345 3812; x_wconf 83' lang='lat' dir='ltr'><strong>res,</strong></span> <span class='ocrx_word' id='word_1_196' title='bbox 390 3752 453 3805; x_wconf 85' lang='lat' dir='ltr'><strong>in</strong></span> <span class='ocrx_word' id='word_1_197' title='bbox 500 3754 571 3809; x_wconf 89' lang='lat' dir='ltr'><strong>iis</strong></span> <span class='ocrx_word' id='word_1_198' title='bbox 618 3755 716 3823; x_wconf 89' lang='lat' dir='ltr'><strong>qui</strong></span> <span class='ocrx_word' id='word_1_199' title='bbox 762 3756 951 3823; x_wconf 88' lang='lat' dir='ltr'><strong>primo</strong></span> <span class='ocrx_word' id='word_1_200' title='bbox 990 3754 1137 3809; x_wconf 88' lang='lat' dir='ltr'><strong>libro</strong></span> <span class='ocrx_word' id='word_1_201' title='bbox 1172 3758 1395 3826; x_wconf 85' lang='lat' dir='ltr'><strong>propio-</strong></span> 
     </span>
     <span class='ocr_line' id='line_1_41' title="bbox 244 3824 1397 3895; baseline 0.01 -23"><span class='ocrx_word' id='word_1_202' title='bbox 244 3834 333 3872; x_wconf 87' lang='lat' dir='ltr'><strong>res</strong></span> <span class='ocrx_word' id='word_1_203' title='bbox 366 3828 513 3891; x_wconf 89' lang='lat' dir='ltr'><strong>sunt,</strong></span> <span class='ocrx_word' id='word_1_204' title='bbox 562 3830 627 3881; x_wconf 88' lang='lat' dir='ltr'><strong>nt</strong></span> <span class='ocrx_word' id='word_1_205' title='bbox 670 3826 729 3880; x_wconf 89' lang='lat' dir='ltr'><strong>in</strong></span> <span class='ocrx_word' id='word_1_206' title='bbox 768 3824 883 3881; x_wconf 87' lang='lat' dir='ltr'><strong>Sat.</strong></span> <span class='ocrx_word' id='word_1_207' title='bbox 922 3828 974 3895; x_wconf 82' lang='lat'><strong>2,</strong></span> <span class='ocrx_word' id='word_1_208' title='bbox 1023 3827 1267 3883; x_wconf 85' lang='lat' dir='ltr'><strong>minores</strong></span> <span class='ocrx_word' id='word_1_209' title='bbox 1314 3828 1397 3882; x_wconf 89' lang='lat' dir='ltr'><strong>in·</strong></span> 
     </span>
     <span class='ocr_line' id='line_1_42' title="bbox 242 3892 1397 3971; baseline 0.009 -27"><span class='ocrx_word' id='word_1_210' title='bbox 242 3892 557 3971; x_wconf 70' lang='lat' dir='ltr'><strong>yeniantur,</strong></span> <span class='ocrx_word' id='word_1_211' title='bbox 597 3897 734 3967; x_wconf 87' lang='lat' dir='ltr'><strong>quid</strong></span> <span class='ocrx_word' id='word_1_212' title='bbox 782 3897 1047 3969; x_wconf 87' lang='lat' dir='ltr'><strong>prohibet</strong></span> <span class='ocrx_word' id='word_1_213' title='bbox 1101 3898 1397 3967; x_wconf 87' lang='lat' dir='ltr'><strong>quominus</strong></span> 
     </span>
     <span class='ocr_line' id='line_1_43' title="bbox 242 3962 1399 4026; baseline 0.01 -12"><span class='ocrx_word' id='word_1_214' title='bbox 242 3976 299 4013; x_wconf 86' lang='lat' dir='ltr'><strong>m</strong></span> <span class='ocrx_word' id='word_1_215' title='bbox 337 3962 563 4023; x_wconf 86' lang='lat' dir='ltr'><strong>homine</strong></span> <span class='ocrx_word' id='word_1_216' title='bbox 586 3969 935 4025; x_wconf 87' lang='lat' dir='ltr'><strong>tricesimum</strong></span> <span class='ocrx_word' id='word_1_217' title='bbox 961 3971 1163 4025; x_wconf 86' lang='lat' dir='ltr'><strong>aetatis</strong></span> <span class='ocrx_word' id='word_1_218' title='bbox 1188 3988 1399 4026; x_wconf 87' lang='lat' dir='ltr'><strong>annum</strong></span> 
     </span>
     <span class='ocr_line' id='line_1_44' title="bbox 243 4041 1397 4112; baseline 0.009 -24"><span class='ocrx_word' id='word_1_219' title='bbox 243 4048 463 4101; x_wconf 77' lang='lat' dir='ltr'><strong>egresso</strong></span> <span class='ocrx_word' id='word_1_220' title='bbox 502 4041 775 4108; x_wconf 86' lang='lat' dir='ltr'><strong>paulatim</strong></span> <span class='ocrx_word' id='word_1_221' title='bbox 826 4058 919 4096; x_wconf 85' lang='lat' dir='ltr'><strong>eas</strong></span> <span class='ocrx_word' id='word_1_222' title='bbox 954 4042 1296 4112; x_wconf 85' lang='lat' dir='ltr'><strong>provenisse,</strong></span> <span class='ocrx_word' id='word_1_223' title='bbox 1336 4044 1397 4097; x_wconf 89' lang='lat' dir='ltr'><strong>in</strong></span> 
     </span>
     <span class='ocr_line' id='line_1_45' title="bbox 242 4105 1397 4186; baseline 0.01 -28"><span class='ocrx_word' id='word_1_224' title='bbox 242 4105 649 4170; x_wconf 82' lang='lat' dir='ltr'><strong>perfectissimo</strong></span> <span class='ocrx_word' id='word_1_225' title='bbox 736 4113 1103 4182; x_wconf 84' lang='lat' dir='ltr'><strong>epistularum</strong></span> <span class='ocrx_word' id='word_1_226' title='bbox 1192 4130 1397 4186; x_wconf 80' lang='lat' dir='ltr'><strong>genere</strong></span> 
     </span>
     <span class='ocr_line' id='line_1_46' title="bbox 242 4178 1143 4240; baseline 0.012 -11"><span class='ocrx_word' id='word_1_227' title='bbox 242 4178 483 4235; x_wconf 82' lang='lat' dir='ltr'><strong>maxime</strong></span> <span class='ocrx_word' id='word_1_228' title='bbox 524 4183 773 4238; x_wconf 86' lang='lat' dir='ltr'><strong>excultas</strong></span> <span class='ocrx_word' id='word_1_229' title='bbox 809 4184 1143 4240; x_wconf 76' lang='lat' dir='ltr'><strong>credamus?</strong></span> 
     </span>
    </p>

    <p class='ocr_par' dir='ltr' id='par_1_12' title="bbox 239 4246 1399 4682">
     <span class='ocr_line' id='line_1_47' title="bbox 266 4246 1399 4327; baseline 0.012 -28"><span class='ocrx_word' id='word_1_230' title='bbox 266 4313 279 4326; x_wconf 37' lang='grc' dir='ltr'><strong>ο</strong></span> <span class='ocrx_word' id='word_1_231' title='bbox 312 4246 377 4301; x_wconf 85' lang='lat' dir='ltr'><strong>V.</strong></span> <span class='ocrx_word' id='word_1_232' title='bbox 408 4254 455 4303; x_wconf 84' lang='lat'><strong>1.</strong></span> <span class='ocrx_word' id='word_1_233' title='bbox 492 4253 697 4324; x_wconf 70' lang='lat' dir='ltr'><strong>satira]</strong></span> <span class='ocrx_word' id='word_1_234' title='bbox 723 4255 829 4309; x_wconf 89' lang='lat' dir='ltr'><strong>hoc</strong></span> <span class='ocrx_word' id='word_1_235' title='bbox 864 4258 1089 4312; x_wconf 87' lang='lat' dir='ltr'><strong>nomine</strong></span> <span class='ocrx_word' id='word_1_236' title='bbox 1123 4259 1181 4311; x_wconf 91' lang='lat' dir='ltr'><strong>in</strong></span> <span class='ocrx_word' id='word_1_237' title='bbox 1206 4258 1399 4327; x_wconf 89' lang='lat' dir='ltr'><strong>priore</strong></span> 
     </span>
     <span class='ocr_line' id='line_1_48' title="bbox 239 4313 1395 4399; baseline 0.011 -28"><span class='ocrx_word' id='word_1_238' title='bbox 239 4313 384 4399; x_wconf 75' lang='lat' dir='ltr'><strong>hbro</strong></span> <span class='ocrx_word' id='word_1_239' title='bbox 421 4320 692 4381; x_wconf 84' lang='lat' dir='ltr'><strong>Horatius</strong></span> <span class='ocrx_word' id='word_1_240' title='bbox 728 4342 843 4381; x_wconf 86' lang='lat' dir='ltr'><strong>non</strong></span> <span class='ocrx_word' id='word_1_241' title='bbox 886 4329 1085 4393; x_wconf 86' lang='lat' dir='ltr'><strong>utitur,</strong></span> <span class='ocrx_word' id='word_1_242' title='bbox 1118 4328 1177 4382; x_wconf 88' lang='lat' dir='ltr'><strong>in</strong></span> <span class='ocrx_word' id='word_1_243' title='bbox 1214 4330 1395 4385; x_wconf 86' lang='lat' dir='ltr'><strong>altero</strong></span> 
     </span>
     <span class='ocr_line' id='line_1_49' title="bbox 243 4390 1393 4471; baseline 0.015 -32"><span class='ocrx_word' id='word_1_244' title='bbox 243 4391 409 4443; x_wconf 77' lang='lat' dir='ltr'><strong>etiam</strong></span> <span class='ocrx_word' id='word_1_245' title='bbox 446 4390 562 4449; x_wconf 82' lang='lat' dir='ltr'><strong>Sat.</strong></span> <span class='ocrx_word' id='word_1_246' title='bbox 597 4396 671 4466; x_wconf 92' lang='lat'><strong>11,</strong></span> <span class='ocrx_word' id='word_1_247' title='bbox 708 4399 760 4465; x_wconf 90' lang='grc'><strong>6,</strong></span> <span class='ocrx_word' id='word_1_248' title='bbox 800 4402 881 4451; x_wconf 87' lang='grc'><strong>17.</strong></span> <span class='ocrx_word' id='word_1_249' title='bbox 920 4426 989 4439; x_wconf 84' lang='lat'><strong>--</strong></span> <span class='ocrx_word' id='word_1_250' title='bbox 1026 4400 1176 4455; x_wconf 77' lang='lat' dir='ltr'><strong>ultra</strong></span> <span class='ocrx_word' id='word_1_251' title='bbox 1212 4400 1393 4471; x_wconf 64' lang='lat' dir='ltr'><strong>legem]</strong></span> 
     </span>
     <span class='ocr_line' id='line_1_50' title="bbox 241 4456 1396 4527; baseline 0.013 -15"><span class='ocrx_word' id='word_1_252' title='bbox 241 4456 393 4514; x_wconf 80' lang='lat' dir='ltr'><strong>ultra</strong></span> <span class='ocrx_word' id='word_1_253' title='bbox 445 4464 677 4523; x_wconf 87' lang='lat' dir='ltr'><strong>modum</strong></span> <span class='ocrx_word' id='word_1_254' title='bbox 724 4474 783 4523; x_wconf 89' lang='lat' dir='ltr'><strong>et</strong></span> <span class='ocrx_word' id='word_1_255' title='bbox 832 4470 1044 4524; x_wconf 87' lang='lat' dir='ltr'><strong>iustum</strong></span> <span class='ocrx_word' id='word_1_256' title='bbox 1091 4472 1396 4527; x_wconf 84' lang='lat' dir='ltr'><strong>satirarum</strong></span> 
     </span>
     <span class='ocr_line' id='line_1_51' title="bbox 240 4525 1395 4613; baseline 0.013 -30"><span class='ocrx_word' id='word_1_257' title='bbox 240 4525 426 4613; x_wconf 68' lang='lat' dir='ltr'><strong>finem,</strong></span> <span class='ocrx_word' id='word_1_258' title='bbox 461 4534 534 4588; x_wconf 83' lang='lat' dir='ltr'><strong>cf.</strong></span> <span class='ocrx_word' id='word_1_259' title='bbox 572 4538 644 4593; x_wconf 78' lang='lat' dir='ltr'><strong>A.</strong></span> <span class='ocrx_word' id='word_1_260' title='bbox 682 4538 745 4593; x_wconf 90' lang='lat' dir='ltr'><strong>P.</strong></span> <span class='ocrx_word' id='word_1_261' title='bbox 788 4542 924 4610; x_wconf 77' lang='lat'><strong>1353</strong></span> <span class='ocrx_word' id='word_1_262' title='bbox 961 4542 1059 4597; x_wconf 85' lang='lat' dir='ltr'><strong>sed</strong></span> <span class='ocrx_word' id='word_1_263' title='bbox 1096 4542 1279 4613; x_wconf 72' lang='lat' dir='ltr'><strong>legem</strong></span> <span class='ocrx_word' id='word_1_264' title='bbox 1312 4544 1395 4598; x_wconf 89' lang='lat' dir='ltr'><strong>di-</strong></span> 
     </span>
     <span class='ocr_line' id='line_1_52' title="bbox 240 4604 1395 4682; baseline 0.011 -26"><span class='ocrx_word' id='word_1_265' title='bbox 240 4604 341 4671; x_wconf 77' lang='lat' dir='ltr'><strong>xlt,</strong></span> <span class='ocrx_word' id='word_1_266' title='bbox 376 4620 502 4658; x_wconf 88' lang='lat' dir='ltr'><strong>cum</strong></span> <span class='ocrx_word' id='word_1_267' title='bbox 553 4607 695 4665; x_wconf 83' lang='lat' dir='ltr'><strong>iuris</strong></span> <span class='ocrx_word' id='word_1_268' title='bbox 730 4613 1045 4667; x_wconf 83' lang='lat' dir='ltr'><strong>consultum</strong></span> <span class='ocrx_word' id='word_1_269' title='bbox 1085 4614 1395 4682; x_wconf 87' lang='lat' dir='ltr'><strong>alloquere·</strong></span> 
     </span>
    </p>
   </div>
   <div class='ocr_carea' id='block_1_11' title="bbox 1485 2104 2652 4685">
    <p class='ocr_par' dir='ltr' id='par_1_13' title="bbox 1485 2104 2652 4685">
     <span class='ocr_line' id='line_1_53' title="bbox 1490 2104 2650 2177; baseline 0.002 -16"><span class='ocrx_word' id='word_1_270' title='bbox 1490 2110 1606 2161; x_wconf 87' lang='lat' dir='ltr'><strong>tur.</strong></span> <span class='ocrx_word' id='word_1_271' title='bbox 1699 2106 1916 2161; x_wconf 88' lang='lat' dir='ltr'><strong>Deinde</strong></span> <span class='ocrx_word' id='word_1_272' title='bbox 1967 2104 2182 2161; x_wconf 75' lang='lat' dir='ltr'><strong>tendere</strong></span> <span class='ocrx_word' id='word_1_273' title='bbox 2236 2111 2522 2177; x_wconf 88' lang='lat' dir='ltr'><strong>sumptum</strong></span> <span class='ocrx_word' id='word_1_274' title='bbox 2577 2106 2650 2163; x_wconf 89' lang='lat' dir='ltr'><strong>ab</strong></span> 
     </span>
     <span class='ocr_line' id='line_1_54' title="bbox 1496 2178 2650 2263; baseline -0.002 -28"><span class='ocrx_word' id='word_1_275' title='bbox 1496 2196 1656 2248; x_wconf 82' lang='lat' dir='ltr'><strong>arcu3</strong></span> <span class='ocrx_word' id='word_1_276' title='bbox 1717 2196 1828 2263; x_wconf 79' lang='lat' dir='ltr'><strong>quo</strong></span> <span class='ocrx_word' id='word_1_277' title='bbox 1873 2178 2044 2233; x_wconf 86' lang='lat' dir='ltr'><strong>etiam</strong></span> <span class='ocrx_word' id='word_1_278' title='bbox 2091 2178 2243 2249; x_wconf 90' lang='lat' dir='ltr'><strong>quod</strong></span> <span class='ocrx_word' id='word_1_279' title='bbox 2303 2180 2650 2235; x_wconf 86' lang='lat' dir='ltr'><strong>contrarium</strong></span> 
     </span>
     <span class='ocr_line' id='line_1_55' title="bbox 1492 2248 2648 2321; baseline 0.001 -17"><span class='ocrx_word' id='word_1_280' title='bbox 1492 2250 1587 2306; x_wconf 86' lang='lat' dir='ltr'><strong>hic</strong></span> <span class='ocrx_word' id='word_1_281' title='bbox 1620 2257 1856 2321; x_wconf 85' lang='lat' dir='ltr'><strong>pomtur</strong></span> <span class='ocrx_word' id='word_1_282' title='bbox 1887 2251 2006 2304; x_wconf 75' lang='lat' dir='ltr'><strong>sine</strong></span> <span class='ocrx_word' id='word_1_283' title='bbox 2051 2248 2231 2305; x_wconf 73' lang='lat' dir='ltr'><strong>nervis</strong></span> <span class='ocrx_word' id='word_1_284' title='bbox 2276 2250 2648 2306; x_wconf 87' lang='lat' dir='ltr'><strong>referendum.</strong></span> 
     </span>
     <span class='ocr_line' id='line_1_56' title="bbox 1494 2321 2649 2391; baseline 0 -14"><span class='ocrx_word' id='word_1_285' title='bbox 1494 2321 1604 2390; x_wconf 79' lang='lat' dir='ltr'><strong>Qm·</strong></span> <span class='ocrx_word' id='word_1_286' title='bbox 1652 2339 1912 2377; x_wconf 82' lang='lat' dir='ltr'><strong>enervem</strong></span> <span class='ocrx_word' id='word_1_287' title='bbox 1957 2322 2242 2391; x_wconf 85' lang='lat' dir='ltr'><strong>putabant</strong></span> <span class='ocrx_word' id='word_1_288' title='bbox 2277 2322 2649 2378; x_wconf 86' lang='lat' dir='ltr'><strong>Horatianam</strong></span> 
     </span>
     <span class='ocr_line' id='line_1_57' title="bbox 1492 2392 2649 2462; baseline 0.001 -14"><span class='ocrx_word' id='word_1_289' title='bbox 1492 2394 1744 2459; x_wconf 88' lang='lat' dir='ltr'><strong>satiram,</strong></span> <span class='ocrx_word' id='word_1_290' title='bbox 1790 2394 1859 2449; x_wconf 88' lang='lat' dir='ltr'><strong>iis</strong></span> <span class='ocrx_word' id='word_1_291' title='bbox 1906 2392 2095 2462; x_wconf 89' lang='lat' dir='ltr'><strong>lepida</strong></span> <span class='ocrx_word' id='word_1_292' title='bbox 2137 2393 2429 2449; x_wconf 88' lang='lat' dir='ltr'><strong>urbanitas</strong></span> <span class='ocrx_word' id='word_1_293' title='bbox 2465 2396 2649 2449; x_wconf 88' lang='lat' dir='ltr'><strong>minus</strong></span> 
     </span>
     <span class='ocr_line' id='line_1_58' title="bbox 1491 2465 2649 2536; baseline 0 -17"><span class='ocrx_word' id='word_1_294' title='bbox 1491 2466 1709 2535; x_wconf 87' lang='lat' dir='ltr'><strong>placuit</strong></span> <span class='ocrx_word' id='word_1_295' title='bbox 1735 2483 1900 2535; x_wconf 84' lang='lat' dir='ltr'><strong>quam</strong></span> <span class='ocrx_word' id='word_1_296' title='bbox 1927 2465 2102 2519; x_wconf 88' lang='lat' dir='ltr'><strong>durae</strong></span> <span class='ocrx_word' id='word_1_297' title='bbox 2135 2465 2422 2536; x_wconf 86' lang='lat' dir='ltr'><strong>salsaeque</strong></span> <span class='ocrx_word' id='word_1_298' title='bbox 2439 2466 2649 2521; x_wconf 88' lang='lat' dir='ltr'><strong>Lucilii</strong></span> 
     </span>
     <span class='ocr_line' id='line_1_59' title="bbox 1492 2535 2648 2607; baseline 0.001 -16"><span class='ocrx_word' id='word_1_299' title='bbox 1492 2536 1751 2593; x_wconf 83' lang='lat' dir='ltr'><strong>facetiae.</strong></span> <span class='ocrx_word' id='word_1_300' title='bbox 1791 2538 1863 2595; x_wconf 83' lang='lat' dir='ltr'><strong>cf.</strong></span> <span class='ocrx_word' id='word_1_301' title='bbox 1902 2535 2016 2591; x_wconf 87' lang='lat' dir='ltr'><strong>Sat.</strong></span> <span class='ocrx_word' id='word_1_302' title='bbox 2054 2535 2100 2606; x_wconf 93' lang='lat'><strong>1,</strong></span> <span class='ocrx_word' id='word_1_303' title='bbox 2127 2539 2177 2601; x_wconf 89' lang='lat'><strong>4,</strong></span> <span class='ocrx_word' id='word_1_304' title='bbox 2206 2540 2292 2591; x_wconf 83' lang='lat'><strong>41.</strong></span> <span class='ocrx_word' id='word_1_305' title='bbox 2335 2540 2418 2607; x_wconf 91' lang='grc'><strong>10,</strong></span> <span class='ocrx_word' id='word_1_306' title='bbox 2461 2540 2544 2592; x_wconf 84' lang='grc'><strong>13.</strong></span> <span class='ocrx_word' id='word_1_307' title='bbox 2580 2568 2648 2579; x_wconf 90' lang='grc'><strong>--</strong></span> 
     </span>
     <span class='ocr_line' id='line_1_60' title="bbox 1493 2607 2652 2679; baseline 0 -15"><span class='ocrx_word' id='word_1_308' title='bbox 1493 2607 1716 2679; x_wconf 55' lang='lat' dir='ltr'><strong>aedua]</strong></span> <span class='ocrx_word' id='word_1_309' title='bbox 1763 2625 1798 2664; x_wconf 90' lang='lat' dir='ltr'><strong>a</strong></span> <span class='ocrx_word' id='word_1_310' title='bbox 1845 2607 2031 2663; x_wconf 87' lang='lat' dir='ltr'><strong>nendo</strong></span> <span class='ocrx_word' id='word_1_311' title='bbox 2082 2613 2386 2678; x_wconf 86' lang='lat' dir='ltr'><strong>sumptum,</strong></span> <span class='ocrx_word' id='word_1_312' title='bbox 2425 2613 2492 2663; x_wconf 88' lang='lat' dir='ltr'><strong>ut</strong></span> <span class='ocrx_word' id='word_1_313' title='bbox 2529 2608 2652 2665; x_wconf 84' lang='lat' dir='ltr'><strong>Sat.</strong></span> 
     </span>
     <span class='ocr_line' id='line_1_61' title="bbox 1491 2679 2646 2749; baseline 0.001 -15"><span class='ocrx_word' id='word_1_314' title='bbox 1491 2679 1537 2748; x_wconf 91' lang='lat'><strong>1,</strong></span> <span class='ocrx_word' id='word_1_315' title='bbox 1579 2684 1663 2749; x_wconf 90' lang='grc'><strong>10,</strong></span> <span class='ocrx_word' id='word_1_316' title='bbox 1700 2682 1788 2734; x_wconf 81' lang='lat'><strong>44.</strong></span> <span class='ocrx_word' id='word_1_317' title='bbox 1857 2680 2043 2749; x_wconf 82' lang='lat' dir='ltr'><strong>Epist·</strong></span> <span class='ocrx_word' id='word_1_318' title='bbox 2080 2679 2152 2748; x_wconf 88' lang='lat'><strong>11,</strong></span> <span class='ocrx_word' id='word_1_319' title='bbox 2196 2683 2244 2749; x_wconf 91' lang='grc'><strong>1,</strong></span> <span class='ocrx_word' id='word_1_320' title='bbox 2284 2682 2408 2736; x_wconf 87' lang='grc'><strong>225.</strong></span> <span class='ocrx_word' id='word_1_321' title='bbox 2483 2679 2646 2735; x_wconf 84' lang='lat' dir='ltr'><strong>Ovid.</strong></span> 
     </span>
     <span class='ocr_line' id='line_1_62' title="bbox 1491 2751 2646 2821; baseline 0.001 -15"><span class='ocrx_word' id='word_1_322' title='bbox 1491 2768 1562 2806; x_wconf 83' lang='lat' dir='ltr'><strong>ex</strong></span> <span class='ocrx_word' id='word_1_323' title='bbox 1597 2752 1762 2807; x_wconf 88' lang='lat' dir='ltr'><strong>Pont.</strong></span> <span class='ocrx_word' id='word_1_324' title='bbox 1799 2752 1844 2820; x_wconf 91' lang='grc' dir='ltr'><strong>Ι,</strong></span> <span class='ocrx_word' id='word_1_325' title='bbox 1883 2754 1934 2821; x_wconf 83' lang='grc'><strong>5,</strong></span> <span class='ocrx_word' id='word_1_326' title='bbox 1975 2752 2068 2805; x_wconf 77' lang='lat'><strong>13:</strong></span> <span class='ocrx_word' id='word_1_327' title='bbox 2113 2752 2336 2819; x_wconf 86' lang='lat' dir='ltr'><strong>„luctor</strong></span> <span class='ocrx_word' id='word_1_328' title='bbox 2371 2751 2646 2807; x_wconf 85' lang='lat' dir='ltr'><strong>deducere</strong></span> 
     </span>
     <span class='ocr_line' id='line_1_63' title="bbox 1490 2822 2644 2911; baseline 0 -32"><span class='ocrx_word' id='word_1_329' title='bbox 1490 2824 1768 2879; x_wconf 84' lang='lat' dir='ltr'><strong>versum.“</strong></span> <span class='ocrx_word' id='word_1_330' title='bbox 1809 2852 1874 2863; x_wconf 70' lang='grc'><strong>«-</strong></span> <span class='ocrx_word' id='word_1_331' title='bbox 1911 2822 2180 2911; x_wconf 64' lang='lat' dir='ltr'><strong>optimum</strong></span> <span class='ocrx_word' id='word_1_332' title='bbox 2214 2823 2356 2894; x_wconf 78' lang='lat' dir='ltr'><strong>erat]</strong></span> <span class='ocrx_word' id='word_1_333' title='bbox 2390 2828 2456 2878; x_wconf 89' lang='lat' dir='ltr'><strong>ut</strong></span> <span class='ocrx_word' id='word_1_334' title='bbox 2487 2842 2644 2895; x_wconf 80' lang='lat' dir='ltr'><strong>grae-</strong></span> 
     </span>
     <span class='ocr_line' id='line_1_64' title="bbox 1492 2889 2647 2967; baseline 0.003 -19"><span class='ocrx_word' id='word_1_335' title='bbox 1492 2912 1619 2949; x_wconf 89' lang='lat' dir='ltr'><strong>cum</strong></span> <span class='ocrx_word' id='word_1_336' title='bbox 1665 2889 1892 2967; x_wconf 70' lang='grc' dir='ltr'><strong>ἔριστον</strong></span> <span class='ocrx_word' id='word_1_337' title='bbox 1934 2911 2031 2964; x_wconf 77' lang='grc' dir='ltr'><strong>ην;</strong></span> <span class='ocrx_word' id='word_1_338' title='bbox 2087 2894 2158 2948; x_wconf 80' lang='lat' dir='ltr'><strong>cf.</strong></span> <span class='ocrx_word' id='word_1_339' title='bbox 2207 2912 2262 2949; x_wconf 78' lang='lat' dir='ltr'><strong>v.</strong></span> <span class='ocrx_word' id='word_1_340' title='bbox 2303 2897 2366 2949; x_wconf 84' lang='lat'><strong>16</strong></span> <span class='ocrx_word' id='word_1_341' title='bbox 2406 2902 2647 2965; x_wconf 74' lang='lat' dir='ltr'><strong>poteras.</strong></span> 
     </span>
     <span class='ocr_line' id='line_1_65' title="bbox 1490 2965 2646 3037; baseline 0.002 -17"><span class='ocrx_word' id='word_1_342' title='bbox 1490 2965 1818 3036; x_wconf 80' lang='lat' dir='ltr'><strong>Nunquam,</strong></span> <span class='ocrx_word' id='word_1_343' title='bbox 1890 2966 2106 3037; x_wconf 90' lang='lat' dir='ltr'><strong>inquit,</strong></span> <span class='ocrx_word' id='word_1_344' title='bbox 2167 2966 2412 3021; x_wconf 87' lang='lat' dir='ltr'><strong>scribere</strong></span> <span class='ocrx_word' id='word_1_345' title='bbox 2482 2967 2646 3023; x_wconf 87' lang='lat' dir='ltr'><strong>debe·</strong></span> 
     </span>
     <span class='ocr_line' id='line_1_66' title="bbox 1489 3038 2646 3107; baseline 0 -14"><span class='ocrx_word' id='word_1_346' title='bbox 1489 3038 1649 3107; x_wconf 84' lang='lat' dir='ltr'><strong>bam,</strong></span> <span class='ocrx_word' id='word_1_347' title='bbox 1694 3038 1792 3093; x_wconf 88' lang='lat' dir='ltr'><strong>sed</strong></span> <span class='ocrx_word' id='word_1_348' title='bbox 1840 3056 1965 3094; x_wconf 90' lang='lat' dir='ltr'><strong>sero</strong></span> <span class='ocrx_word' id='word_1_349' title='bbox 2014 3038 2307 3095; x_wconf 86' lang='lat' dir='ltr'><strong>consilium</strong></span> <span class='ocrx_word' id='word_1_350' title='bbox 2353 3038 2538 3093; x_wconf 88' lang='lat' dir='ltr'><strong>datur.</strong></span> <span class='ocrx_word' id='word_1_351' title='bbox 2579 3068 2646 3079; x_wconf 93' lang='lat'><strong>—-</strong></span> 
     </span>
     <span class='ocr_line' id='line_1_67' title="bbox 1488 3108 2646 3183; baseline -0.001 -18"><span class='ocrx_word' id='word_1_352' title='bbox 1488 3108 1746 3181; x_wconf 69' lang='lat' dir='ltr'><strong>domim]</strong></span> <span class='ocrx_word' id='word_1_353' title='bbox 1784 3111 2046 3183; x_wconf 75' lang='lat' dir='ltr'><strong>ambigue</strong></span> <span class='ocrx_word' id='word_1_354' title='bbox 2080 3108 2320 3179; x_wconf 79' lang='lat' dir='ltr'><strong>dictum3</strong></span> <span class='ocrx_word' id='word_1_355' title='bbox 2356 3110 2427 3165; x_wconf 79' lang='lat' dir='ltr'><strong>cf.</strong></span> <span class='ocrx_word' id='word_1_356' title='bbox 2447 3110 2554 3180; x_wconf 81' lang='lat' dir='ltr'><strong>Ep.</strong></span> <span class='ocrx_word' id='word_1_357' title='bbox 2573 3110 2646 3173; x_wconf 92' lang='grc' dir='ltr'><strong>ΙΙ,</strong></span> 
     </span>
     <span class='ocr_line' id='line_1_68' title="bbox 1492 3180 2646 3251; baseline 0.001 -17"><span class='ocrx_word' id='word_1_358' title='bbox 1492 3184 1550 3251; x_wconf 90' lang='grc'><strong>2,</strong></span> <span class='ocrx_word' id='word_1_359' title='bbox 1599 3182 1686 3236; x_wconf 75' lang='grc'><strong>54.</strong></span> <span class='ocrx_word' id='word_1_360' title='bbox 1773 3180 1926 3249; x_wconf 79' lang='lat' dir='ltr'><strong>Quae</strong></span> <span class='ocrx_word' id='word_1_361' title='bbox 1973 3181 2275 3250; x_wconf 87' lang='lat' dir='ltr'><strong>respondet</strong></span> <span class='ocrx_word' id='word_1_362' title='bbox 2319 3180 2646 3248; x_wconf 84' lang='lat' dir='ltr'><strong>Trebatius,</strong></span> 
     </span>
     <span class='ocr_line' id='line_1_69' title="bbox 1490 3253 2645 3323; baseline 0.001 -16"><span class='ocrx_word' id='word_1_363' title='bbox 1490 3259 1716 3323; x_wconf 85' lang='lat' dir='ltr'><strong>sumpta</strong></span> <span class='ocrx_word' id='word_1_364' title='bbox 1752 3259 1883 3308; x_wconf 86' lang='lat' dir='ltr'><strong>sunt</strong></span> <span class='ocrx_word' id='word_1_365' title='bbox 1919 3271 1988 3308; x_wconf 85' lang='lat' dir='ltr'><strong>ex</strong></span> <span class='ocrx_word' id='word_1_366' title='bbox 2039 3253 2158 3308; x_wconf 88' lang='lat' dir='ltr'><strong>eius</strong></span> <span class='ocrx_word' id='word_1_367' title='bbox 2193 3258 2400 3308; x_wconf 86' lang='lat' dir='ltr'><strong>natura</strong></span> <span class='ocrx_word' id='word_1_368' title='bbox 2437 3258 2495 3308; x_wconf 88' lang='lat' dir='ltr'><strong>et</strong></span> <span class='ocrx_word' id='word_1_369' title='bbox 2529 3271 2645 3308; x_wconf 92' lang='lat' dir='ltr'><strong>mo-</strong></span> 
     </span>
     <span class='ocr_line' id='line_1_70' title="bbox 1490 3324 2647 3393; baseline 0.001 -15"><span class='ocrx_word' id='word_1_370' title='bbox 1490 3325 1665 3393; x_wconf 71' lang='lat' dir='ltr'><strong>ribus,</strong></span> <span class='ocrx_word' id='word_1_371' title='bbox 1697 3342 1829 3380; x_wconf 86' lang='lat' dir='ltr'><strong>nam</strong></span> <span class='ocrx_word' id='word_1_372' title='bbox 1855 3325 2048 3380; x_wconf 86' lang='lat' dir='ltr'><strong>Cicero</strong></span> <span class='ocrx_word' id='word_1_373' title='bbox 2085 3324 2156 3379; x_wconf 85' lang='lat' dir='ltr'><strong>de</strong></span> <span class='ocrx_word' id='word_1_374' title='bbox 2192 3342 2258 3379; x_wconf 91' lang='lat' dir='ltr'><strong>eo</strong></span> <span class='ocrx_word' id='word_1_375' title='bbox 2284 3326 2366 3380; x_wconf 89' lang='lat' dir='ltr'><strong>sic</strong></span> <span class='ocrx_word' id='word_1_376' title='bbox 2389 3325 2461 3379; x_wconf 91' lang='lat' dir='ltr'><strong>ad</strong></span> <span class='ocrx_word' id='word_1_377' title='bbox 2486 3324 2647 3380; x_wconf 85' lang='lat' dir='ltr'><strong>Fam.</strong></span> 
     </span>
     <span class='ocr_line' id='line_1_71' title="bbox 1491 3396 2644 3466; baseline 0.001 -16"><span class='ocrx_word' id='word_1_378' title='bbox 1491 3396 1618 3466; x_wconf 83' lang='lat' dir='ltr'><strong>vn,</strong></span> <span class='ocrx_word' id='word_1_379' title='bbox 1658 3400 1742 3461; x_wconf 88' lang='lat'><strong>10,</strong></span> <span class='ocrx_word' id='word_1_380' title='bbox 1789 3399 1847 3451; x_wconf 84' lang='lat'><strong>2:</strong></span> <span class='ocrx_word' id='word_1_381' title='bbox 1926 3396 2060 3466; x_wconf 89' lang='lat' dir='ltr'><strong>„qui</strong></span> <span class='ocrx_word' id='word_1_382' title='bbox 2104 3413 2286 3465; x_wconf 87' lang='lat' dir='ltr'><strong>neque</strong></span> <span class='ocrx_word' id='word_1_383' title='bbox 2333 3397 2394 3451; x_wconf 88' lang='lat' dir='ltr'><strong>in</strong></span> <span class='ocrx_word' id='word_1_384' title='bbox 2439 3414 2644 3451; x_wconf 87' lang='lat' dir='ltr'><strong>oceano</strong></span> 
     </span>
     <span class='ocr_line' id='line_1_72' title="bbox 1490 3467 2647 3523; baseline 0.002 -2"><span class='ocrx_word' id='word_1_385' title='bbox 1490 3473 1690 3523; x_wconf 87' lang='lat' dir='ltr'><strong>natare</strong></span> <span class='ocrx_word' id='word_1_386' title='bbox 1726 3468 1972 3522; x_wconf 77' lang='lat' dir='ltr'><strong>volueris</strong></span> <span class='ocrx_word' id='word_1_387' title='bbox 2003 3467 2443 3522; x_wconf 86' lang='lat' dir='ltr'><strong>studiosissimus</strong></span> <span class='ocrx_word' id='word_1_388' title='bbox 2478 3469 2647 3523; x_wconf 89' lang='lat' dir='ltr'><strong>homo</strong></span> 
     </span>
     <span class='ocr_line' id='line_1_73' title="bbox 1488 3539 2645 3609; baseline 0.001 -16"><span class='ocrx_word' id='word_1_389' title='bbox 1488 3540 1776 3609; x_wconf 83' lang='lat' dir='ltr'><strong>natandi,“</strong></span> <span class='ocrx_word' id='word_1_390' title='bbox 1811 3546 1870 3595; x_wconf 88' lang='lat' dir='ltr'><strong>et</strong></span> <span class='ocrx_word' id='word_1_391' title='bbox 1892 3539 2017 3605; x_wconf 88' lang='lat' dir='ltr'><strong>VII,</strong></span> <span class='ocrx_word' id='word_1_392' title='bbox 2040 3541 2136 3593; x_wconf 76' lang='lat'><strong>22:</strong></span> <span class='ocrx_word' id='word_1_393' title='bbox 2176 3540 2484 3608; x_wconf 87' lang='lat' dir='ltr'><strong>„inluseras</strong></span> <span class='ocrx_word' id='word_1_394' title='bbox 2521 3540 2645 3595; x_wconf 87' lang='lat' dir='ltr'><strong>heri</strong></span> 
     </span>
     <span class='ocr_line' id='line_1_74' title="bbox 1490 3612 2643 3683; baseline 0.002 -18"><span class='ocrx_word' id='word_1_395' title='bbox 1490 3612 1642 3666; x_wconf 87' lang='lat' dir='ltr'><strong>inter</strong></span> <span class='ocrx_word' id='word_1_396' title='bbox 1665 3612 1898 3681; x_wconf 75' lang='lat' dir='ltr'><strong>scyphos</strong></span> <span class='ocrx_word' id='word_1_397' title='bbox 1937 3612 2082 3666; x_wconf 86' lang='lat' dir='ltr'><strong>etc.“</strong></span> <span class='ocrx_word' id='word_1_398' title='bbox 2121 3640 2188 3651; x_wconf 89' lang='lat'><strong>-·</strong></span> <span class='ocrx_word' id='word_1_399' title='bbox 2225 3612 2326 3680; x_wconf 77' lang='lat' dir='ltr'><strong>ter]</strong></span> <span class='ocrx_word' id='word_1_400' title='bbox 2367 3613 2643 3683; x_wconf 85' lang='lat' dir='ltr'><strong>coniunge</strong></span> 
     </span>
     <span class='ocr_line' id='line_1_75' title="bbox 1490 3683 2646 3738; baseline 0 -1"><span class='ocrx_word' id='word_1_401' title='bbox 1490 3700 1618 3738; x_wconf 88' lang='lat' dir='ltr'><strong>cum</strong></span> <span class='ocrx_word' id='word_1_402' title='bbox 1636 3688 1987 3738; x_wconf 78' lang='lat' dir='ltr'><strong>transnanto.</strong></span> <span class='ocrx_word' id='word_1_403' title='bbox 2012 3683 2318 3737; x_wconf 85' lang='lat' dir='ltr'><strong>Numerum</strong></span> <span class='ocrx_word' id='word_1_404' title='bbox 2331 3688 2520 3738; x_wconf 87' lang='lat' dir='ltr'><strong>autem</strong></span> <span class='ocrx_word' id='word_1_405' title='bbox 2531 3688 2646 3737; x_wconf 89' lang='lat' dir='ltr'><strong>ter-</strong></span> 
     </span>
     <span class='ocr_line' id='line_1_76' title="bbox 1489 3755 2643 3824; baseline 0 -15"><span class='ocrx_word' id='word_1_406' title='bbox 1489 3755 1714 3809; x_wconf 87' lang='lat' dir='ltr'><strong>narium</strong></span> <span class='ocrx_word' id='word_1_407' title='bbox 1761 3756 1966 3810; x_wconf 88' lang='lat' dir='ltr'><strong>medici</strong></span> <span class='ocrx_word' id='word_1_408' title='bbox 2017 3756 2298 3823; x_wconf 87' lang='lat' dir='ltr'><strong>amabant,</strong></span> <span class='ocrx_word' id='word_1_409' title='bbox 2350 3755 2447 3824; x_wconf 85' lang='lat' dir='ltr'><strong>qui</strong></span> <span class='ocrx_word' id='word_1_410' title='bbox 2483 3756 2543 3808; x_wconf 89' lang='lat' dir='ltr'><strong>in</strong></span> <span class='ocrx_word' id='word_1_411' title='bbox 2577 3772 2643 3809; x_wconf 91' lang='lat' dir='ltr'><strong>eo</strong></span> 
     </span>
     <span class='ocr_line' id='line_1_77' title="bbox 1488 3826 2645 3911; baseline -0.001 -31"><span class='ocrx_word' id='word_1_412' title='bbox 1488 3827 1676 3881; x_wconf 88' lang='lat' dir='ltr'><strong>nescio</strong></span> <span class='ocrx_word' id='word_1_413' title='bbox 1714 3827 1851 3896; x_wconf 89' lang='lat' dir='ltr'><strong>quid</strong></span> <span class='ocrx_word' id='word_1_414' title='bbox 1885 3827 2133 3911; x_wconf 69' lang='lat' dir='ltr'><strong>magicae</strong></span> <span class='ocrx_word' id='word_1_415' title='bbox 2157 3826 2453 3896; x_wconf 86' lang='lat' dir='ltr'><strong>potestatis</strong></span> <span class='ocrx_word' id='word_1_416' title='bbox 2491 3827 2645 3880; x_wconf 85' lang='lat' dir='ltr'><strong>inve-</strong></span> 
     </span>
     <span class='ocr_line' id='line_1_78' title="bbox 1488 3897 2645 3968; baseline -0.002 -15"><span class='ocrx_word' id='word_1_417' title='bbox 1488 3898 1738 3953; x_wconf 83' lang='lat' dir='ltr'><strong>niebant.</strong></span> <span class='ocrx_word' id='word_1_418' title='bbox 1781 3898 1852 3953; x_wconf 81' lang='lat' dir='ltr'><strong>cf.</strong></span> <span class='ocrx_word' id='word_1_419' title='bbox 1888 3897 2067 3967; x_wconf 77' lang='lat' dir='ltr'><strong>Epist.</strong></span> <span class='ocrx_word' id='word_1_420' title='bbox 2098 3898 2144 3967; x_wconf 92' lang='lat' dir='ltr'><strong>I,</strong></span> <span class='ocrx_word' id='word_1_421' title='bbox 2174 3900 2221 3968; x_wconf 88' lang='lat'><strong>1,</strong></span> <span class='ocrx_word' id='word_1_422' title='bbox 2256 3899 2343 3953; x_wconf 82' lang='lat'><strong>37.</strong></span> <span class='ocrx_word' id='word_1_423' title='bbox 2391 3898 2572 3952; x_wconf 80' lang='lat' dir='ltr'><strong>Germ.</strong></span> <span class='ocrx_word' id='word_1_424' title='bbox 2598 3897 2645 3965; x_wconf 91' lang='lat' dir='ltr'><strong>I,</strong></span> 
     </span>
     <span class='ocr_line' id='line_1_79' title="bbox 1489 3969 2642 4037; baseline 0 -14"><span class='ocrx_word' id='word_1_425' title='bbox 1489 3972 1579 4037; x_wconf 87' lang='grc'><strong>28,</strong></span> <span class='ocrx_word' id='word_1_426' title='bbox 1618 3972 1704 4024; x_wconf 87' lang='grc'><strong>36.</strong></span> <span class='ocrx_word' id='word_1_427' title='bbox 1743 3969 1843 4037; x_wconf 91' lang='grc' dir='ltr'><strong>ΙΙΙ,</strong></span> <span class='ocrx_word' id='word_1_428' title='bbox 1881 3970 1969 4029; x_wconf 84' lang='grc'><strong>22,</strong></span> <span class='ocrx_word' id='word_1_429' title='bbox 2004 3972 2056 4024; x_wconf 86' lang='grc'><strong>8.</strong></span> <span class='ocrx_word' id='word_1_430' title='bbox 2093 3971 2284 4025; x_wconf 85' lang='lat' dir='ltr'><strong>Iuven.</strong></span> <span class='ocrx_word' id='word_1_431' title='bbox 2321 3969 2393 4037; x_wconf 90' lang='lat'><strong>11,</strong></span> <span class='ocrx_word' id='word_1_432' title='bbox 2418 3970 2472 4037; x_wconf 88' lang='grc'><strong>6,</strong></span> <span class='ocrx_word' id='word_1_433' title='bbox 2511 3970 2642 4023; x_wconf 72' lang='lat'><strong>5232</strong></span> 
     </span>
     <span class='ocr_line' id='line_1_80' title="bbox 1490 4038 2644 4111; baseline -0.003 -15"><span class='ocrx_word' id='word_1_434' title='bbox 1490 4046 1616 4110; x_wconf 89' lang='lat' dir='ltr'><strong>„ter</strong></span> <span class='ocrx_word' id='word_1_435' title='bbox 1631 4042 1914 4097; x_wconf 87' lang='lat' dir='ltr'><strong>matutino</strong></span> <span class='ocrx_word' id='word_1_436' title='bbox 1939 4040 2132 4097; x_wconf 86' lang='lat' dir='ltr'><strong>Tiberi</strong></span> <span class='ocrx_word' id='word_1_437' title='bbox 2155 4041 2496 4111; x_wconf 82' lang='lat' dir='ltr'><strong>mergetur.“</strong></span> <span class='ocrx_word' id='word_1_438' title='bbox 2523 4038 2644 4093; x_wconf 78' lang='lat' dir='ltr'><strong>Liv.</strong></span> 
     </span>
     <span class='ocr_line' id='line_1_81' title="bbox 1489 4112 2646 4183; baseline -0.001 -16"><span class='ocrx_word' id='word_1_439' title='bbox 1489 4112 1672 4181; x_wconf 87' lang='lat' dir='ltr'><strong>XXII,</strong></span> <span class='ocrx_word' id='word_1_440' title='bbox 1698 4116 1778 4168; x_wconf 89' lang='grc'><strong>10.</strong></span> <span class='ocrx_word' id='word_1_441' title='bbox 1802 4142 1869 4152; x_wconf 92' lang='lat'><strong>·-</strong></span> <span class='ocrx_word' id='word_1_442' title='bbox 1883 4113 2158 4183; x_wconf 77' lang='lat' dir='ltr'><strong>praemia]</strong></span> <span class='ocrx_word' id='word_1_443' title='bbox 2183 4112 2646 4182; x_wconf 86' lang='lat' dir='ltr'><strong>approbationem</strong></span> 
     </span>
     <span class='ocr_line' id='line_1_82' title="bbox 1492 4184 2642 4253; baseline -0.003 -13"><span class='ocrx_word' id='word_1_444' title='bbox 1492 4185 1742 4240; x_wconf 85' lang='lat' dir='ltr'><strong>Caesaris</strong></span> <span class='ocrx_word' id='word_1_445' title='bbox 1800 4188 1858 4239; x_wconf 89' lang='lat' dir='ltr'><strong>et</strong></span> <span class='ocrx_word' id='word_1_446' title='bbox 1912 4184 2134 4241; x_wconf 87' lang='lat' dir='ltr'><strong>landem</strong></span> <span class='ocrx_word' id='word_1_447' title='bbox 2187 4184 2521 4253; x_wconf 86' lang='lat' dir='ltr'><strong>aequalium.</strong></span> <span class='ocrx_word' id='word_1_448' title='bbox 2573 4212 2642 4223; x_wconf 91' lang='lat'><strong>—</strong></span> 
     </span>
     <span class='ocr_line' id='line_1_83' title="bbox 1485 4254 2642 4325; baseline -0.003 -13"><span class='ocrx_word' id='word_1_449' title='bbox 1485 4256 1672 4325; x_wconf 80' lang='lat' dir='ltr'><strong>pater]</strong></span> <span class='ocrx_word' id='word_1_450' title='bbox 1717 4257 2064 4311; x_wconf 86' lang='lat' dir='ltr'><strong>reverentiae</strong></span> <span class='ocrx_word' id='word_1_451' title='bbox 2117 4272 2320 4309; x_wconf 90' lang='lat' dir='ltr'><strong>nomen</strong></span> <span class='ocrx_word' id='word_1_452' title='bbox 2334 4294 2347 4316; x_wconf 92' lang='lat'><strong>,</strong></span> <span class='ocrx_word' id='word_1_453' title='bbox 2403 4272 2512 4323; x_wconf 91' lang='lat' dir='ltr'><strong>quo</strong></span> <span class='ocrx_word' id='word_1_454' title='bbox 2559 4254 2642 4309; x_wconf 88' lang='lat' dir='ltr'><strong>iu-</strong></span> 
     </span>
     <span class='ocr_line' id='line_1_84' title="bbox 1488 4326 2640 4397; baseline -0.002 -14"><span class='ocrx_word' id='word_1_455' title='bbox 1488 4330 1676 4383; x_wconf 85' lang='lat' dir='ltr'><strong>niores</strong></span> <span class='ocrx_word' id='word_1_456' title='bbox 1731 4328 2158 4397; x_wconf 85' lang='lat' dir='ltr'><strong>alloquebantur</strong></span> <span class='ocrx_word' id='word_1_457' title='bbox 2215 4327 2476 4382; x_wconf 87' lang='lat' dir='ltr'><strong>seniores.</strong></span> <span class='ocrx_word' id='word_1_458' title='bbox 2569 4326 2640 4381; x_wconf 83' lang='lat' dir='ltr'><strong>cf.</strong></span> 
     </span>
     <span class='ocr_line' id='line_1_85' title="bbox 1492 4397 2642 4455; baseline -0.001 -1"><span class='ocrx_word' id='word_1_459' title='bbox 1492 4418 1542 4455; x_wconf 79' lang='lat' dir='ltr'><strong>v.</strong></span> <span class='ocrx_word' id='word_1_460' title='bbox 1583 4400 1669 4454; x_wconf 84' lang='lat'><strong>60.</strong></span> <span class='ocrx_word' id='word_1_461' title='bbox 1743 4400 2003 4455; x_wconf 84' lang='lat' dir='ltr'><strong>Ceterum</strong></span> <span class='ocrx_word' id='word_1_462' title='bbox 2046 4399 2184 4453; x_wconf 87' lang='lat' dir='ltr'><strong>haec</strong></span> <span class='ocrx_word' id='word_1_463' title='bbox 2219 4397 2442 4453; x_wconf 84' lang='lat' dir='ltr'><strong>Horatii</strong></span> <span class='ocrx_word' id='word_1_464' title='bbox 2479 4414 2642 4453; x_wconf 84' lang='lat' dir='ltr'><strong>excu-</strong></span> 
     </span>
     <span class='ocr_line' id='line_1_86' title="bbox 1488 4470 2645 4541; baseline 0 -16"><span class='ocrx_word' id='word_1_465' title='bbox 1488 4472 1634 4526; x_wconf 87' lang='lat' dir='ltr'><strong>satio</strong></span> <span class='ocrx_word' id='word_1_466' title='bbox 1691 4470 2172 4541; x_wconf 78' lang='lat' dir='ltr'><strong>frequentissima3</strong></span> <span class='ocrx_word' id='word_1_467' title='bbox 2231 4470 2408 4525; x_wconf 82' lang='lat' dir='ltr'><strong>veluti</strong></span> <span class='ocrx_word' id='word_1_468' title='bbox 2457 4470 2645 4525; x_wconf 78' lang='lat' dir='ltr'><strong>Germ.</strong></span> 
     </span>
     <span class='ocr_line' id='line_1_87' title="bbox 1487 4541 2642 4612; baseline 0.001 -15"><span class='ocrx_word' id='word_1_469' title='bbox 1487 4544 1560 4611; x_wconf 91' lang='grc' dir='ltr'><strong>ΙΙ,</strong></span> <span class='ocrx_word' id='word_1_470' title='bbox 1615 4543 1696 4597; x_wconf 86' lang='grc'><strong>12.</strong></span> <span class='ocrx_word' id='word_1_471' title='bbox 1751 4542 1848 4612; x_wconf 90' lang='lat' dir='ltr'><strong>IV,</strong></span> <span class='ocrx_word' id='word_1_472' title='bbox 1896 4544 1945 4595; x_wconf 85' lang='grc'><strong>2.</strong></span> <span class='ocrx_word' id='word_1_473' title='bbox 1999 4541 2046 4610; x_wconf 92' lang='grc' dir='ltr'><strong>Ι,</strong></span> <span class='ocrx_word' id='word_1_474' title='bbox 2084 4544 2135 4595; x_wconf 85' lang='grc'><strong>6.</strong></span> <span class='ocrx_word' id='word_1_475' title='bbox 2194 4568 2260 4581; x_wconf 92' lang='lat'><em>-</em></span> <span class='ocrx_word' id='word_1_476' title='bbox 2313 4541 2506 4609; x_wconf 79' lang='lat' dir='ltr'><strong>fracta</strong></span> <span class='ocrx_word' id='word_1_477' title='bbox 2550 4558 2642 4597; x_wconf 76' lang='lat' dir='ltr'><strong>ew-</strong></span> 
     </span>
     <span class='ocr_line' id='line_1_88' title="bbox 1487 4614 2642 4685; baseline 0.001 -17"><span class='ocrx_word' id='word_1_478' title='bbox 1487 4614 1664 4685; x_wconf 79' lang='lat' dir='ltr'><strong>spide]</strong></span> <span class='ocrx_word' id='word_1_479' title='bbox 1720 4630 1866 4685; x_wconf 79' lang='lat' dir='ltr'><strong>„qua</strong></span> <span class='ocrx_word' id='word_1_480' title='bbox 1900 4614 2228 4669; x_wconf 81' lang='lat' dir='ltr'><strong>vulneratus</strong></span> <span class='ocrx_word' id='word_1_481' title='bbox 2277 4618 2401 4669; x_wconf 88' lang='lat' dir='ltr'><strong>erat</strong></span> <span class='ocrx_word' id='word_1_482' title='bbox 2446 4614 2642 4670; x_wconf 85' lang='lat' dir='ltr'><strong>hostis.</strong></span> 
     </span>
    </p>
   </div>
  </div>
 </body>
</html>
