3092 5059
1085 220 1247 285 LIB.
1295 222 1343 285 Ι.
1391 220 1642 287 ΟΑΒΜ.
1691 224 1830 289 XV.
2577 224 2660 289 69

560 408 877 509 Ingrato
932 409 1219 486 celeres
1276 412 1533 486 obruit
1586 413 1742 487 otio

775 531 1069 607 Ventos
1122 546 1205 607 ut
1258 547 1570 610 caneret
1618 536 1788 610 fera

491 716 519 755 5
559 680 851 757 Nereus
905 682 1095 759 fata:
1154 684 1363 759 Mala.
1416 684 1631 770 ducis
1686 686 1808 760 avi
1863 686 2202 783 domum,

560 806 811 899 Quam
866 808 1110 884 multo
1163 822 1461 909 repetet
1512 810 1843 887 Graecia
1895 812 2137 889 milite

557 928 979 1007 Coniurata
1018 944 1187 1009 tuas
1240 960 1597 1034 rumpere
1650 937 1952 1036 nuptias

758 1056 854 1131 Et
905 1082 1233 1156 regnum
1278 1060 1569 1134 Priami
1621 1073 1861 1136 vetus.

554 1204 772 1281 Eheu
825 1220 1152 1307 quantus
1206 1208 1445 1308 equis,
1503 1222 1828 1309 quantus
1881 1210 2099 1288 adest
2153 1213 2335 1288 viris

470 1366 523 1403 ιο
557 1330 845 1427 Sudor3
901 1346 1185 1430 quanta
1227 1358 1491 1410 moves
1551 1335 1830 1411 funera
1880 1337 2288 1413 Dardanae

560 1456 827 1535 Genti!
924 1456 1092 1532 Iam
1144 1460 1444 1557 galeam
1492 1460 1744 1536 Pallas
1786 1476 1863 1538 et
1914 1462 2193 1559 aegida

759 1584 1201 1685 Currusque
1253 1598 1327 1665 et
1379 1586 1673 1663 rabiem
1725 1601 1969 1688 parat.

558 1734 1053 1835 Nequiquam
1103 1735 1429 1812 Veneris
1481 1738 1869 1837 praesidio
1924 1741 2142 1814 ferox

554 1860 825 1937 Pectes
880 1863 1295 1939 caesariem
1347 1874 1719 1964 grataque
1771 1865 2079 1940 feminis

470 2018 523 2057 us
560 1984 872 2061 Imbelli
924 1986 1217 2061 eithara
1266 1990 1608 2063 earmina
1663 1988 1994 2085 divides;

753 2109 1243 2211 Nequiquam
1288 2112 1630 2189 thalamo
1683 2140 1957 2213 graves

558 2260 841 2335 Hastae
893 2273 971 2336 et
1022 2260 1299 2336 calami
1351 2262 1647 2363 spicula
1698 2262 1960 2341 Cnosii

250 2488 365 2543 iani
420 2487 589 2559 regni
626 2488 1026 2545 calamitatum.
1074 2519 1146 2529 —-
1190 2490 1411 2561 ingrato

253 2560 390 2629 otio]
427 2560 571 2630 ipsis
609 2560 806 2614 ventis.
866 2558 936 2615 ef.
978 2560 1091 2615 Ver
1134 2604 1145 2617 .
1186 2563 1326 2616 Aen.
1365 2562 1410 2631 Ι,

253 2632 339 2685 25.
376 2662 445 2671 -
483 2630 725 2701 caneret]
764 2631 903 2686 Cum
932 2649 1099 2687 oraeu
1124 2634 1159 2687 a
1186 2637 1244 2688 et
1266 2634 1409 2689 vati-

253 2702 401 2757 cinia
425 2702 685 2759 versibus
718 2702 1035 2771 ederentur,
1071 2720 1263 2760 canere
1285 2723 1411 2760 ver-

254 2774 387 2829 bum
426 2776 499 2830 de
536 2774 627 2829 his
653 2776 947 2845 proprium
986 2780 1097 2843 est3
1136 2776 1208 2831 of.
1227 2776 1408 2846 Epod.

257 2848 337 2914 17,
378 2849 465 2901 11.
546 2846 661 2901 Sat.
708 2846 780 2916 11,
831 2846 883 2915 5,
928 2846 1016 2901 58.
1055 2877 1123 2887 -
1173 2848 1409 2918 Nereus]

252 2918 375 2973 Non
410 2922 503 2973 est
526 2918 864 2980 mirandum,
893 2919 1043 2988 quod
1066 2919 1162 2973 hic
1184 2920 1408 2975 demum

254 2988 419 3044 Nerei
436 3006 649 3044 nomen
670 2990 1005 3045 eollocatum
1027 2994 1136 3059 θοις
1161 2992 1409 3061 primum

256 3062 485 3129 quidem
524 3062 771 3130 antiquis
804 3062 1124 3117 hominibus
1148 3062 1287 3117 haee
1310 3080 1408 3117 no·

256 3132 420 3187 minis
467 3132 784 3197 oolloeatiO,
846 3134 1113 3202 quoniam
1163 3153 1274 3204 qua
1320 3152 1409 3189 ra-

258 3204 409 3259 tione
456 3221 563 3259 nos
612 3205 917 3260 sententias
967 3205 1270 3261 dividimus
1328 3208 1408 3260 in·

256 3278 313 3329 te
446 3276 547 3331 itis
585 3276 876 3331 eommatis
913 3294 1025 3331 non
1063 3277 1409 3347 dividebant,

260 3364 351 3401 mu
374 3352 437 3402 to
502 3347 617 3401 fuit
680 3346 929 3416 facilior3
990 3348 1191 3404 deinde
1259 3368 1405 3418 „non

264 3417 441 3473 inanis
501 3420 652 3473 lusus
705 3419 959 3488 poeticus
1013 3420 1107 3475 hie
1154 3424 1255 3489 est,
1310 3420 1408 3476 sed

262 3488 354 3559 qui
409 3491 737 3560 attenderit,
798 3491 1003 3547 sentiet
1062 3493 1143 3547 sic
1200 3509 1405 3547 novam

261 3561 423 3617 simul
467 3563 587 3617 vim
634 3562 895 3618 aecedere
944 3565 1186 3619 seeundo
1236 3582 1407 3618 mem-

260 3632 378 3689 bro.
416 3633 615 3688 Multis
652 3652 787 3689 vero
822 3634 1003 3689 modis
1040 3641 1240 3691 curant
1278 3652 1407 3705 poe·

262 3708 349 3759 tae
400 3705 461 3761 in
520 3705 821 3761 coniuncta
870 3708 1283 3763 eonstruotione
1338 3726 1409 3763 ne

264 3776 421 3847 vigor
457 3777 731 3832 orationis
768 3777 1068 3847 decrescat,
1100 3779 1198 3834 sed
1222 3780 1409 3833 alatur

263 3851 319 3901 et
342 3852 619 3920 augeatur
644 3849 833 3903 soite.“
873 3848 1089 3905 Dissen.
1113 3850 1185 3905 ad
1204 3850 1407 3905 Tibull.

266 3917 331 3971 11.
368 3938 422 3989 p.
467 3922 551 3974 14.
622 3920 833 3976 Nereus
874 3926 932 3975 et
973 3939 1163 3977 omnes
1200 3922 1407 3977 marini

265 3988 341 4043 dii
401 3991 747 4047 vaticinandi
808 3997 1148 4062 potestatem
1201 3994 1410 4049 habere

268 4060 620 4131 dicebantur3
656 4064 787 4118 vide
823 4064 1032 4136 Vergil.
1072 4065 1273 4137 Georg.
1312 4065 1407 4133 IV,

268 4131 367 4187 392
386 4151 464 4205 sq.
492 4164 559 4175 —-
585 4135 697 4205 avi]
733 4153 837 4206 per
870 4139 1269 4205 metonymiam
1303 4154 1407 4207 pro

267 4204 448 4273 onim,
484 4222 611 4261 eum
648 4208 721 4261 ab
757 4207 953 4262 avibus
978 4210 1167 4263 omina
1192 4214 1409 4264 veteres

270 4280 532 4345 peterent,
572 4278 641 4333 of.
678 4278 858 4333 Carm.
896 4279 995 4345 111,
1024 4280 1076 4348 3,
1102 4281 1189 4334 61.
1227 4280 1407 4350 Epod.

275 4348 353 4416 10,
373 4350 417 4403 1.
445 4380 510 4390 —
535 4350 705 4405 multo
738 4350 931 4420 mz'lt'te]
964 4352 1090 4407 vide
1126 4352 1197 4406 ad
1227 4351 1409 4407 Carm.

277 4419 321 4483 l,
356 4420 407 4487 7,
444 4424 493 4476 8.
552 4450 611 4460 -
664 4422 978 4493 coniurata]
1037 4422 1123 4477 De
1172 4442 1233 4478 re
1280 4424 1411 4479 vide

272 4488 431 4563 Verg.
462 4495 601 4547 Aen.
627 4492 723 4555 IV,
741 4494 875 4563 4253
914 4494 984 4550 de
1007 4512 1211 4567 graeca
1242 4495 1409 4550 huius

280 4562 427 4617 verbi
486 4582 613 4621 eum
672 4564 953 4621 infinitivo
1020 4567 1409 4623 coniunctione

1514 2492 1726 2563 Vergil.
1754 2492 1954 2565 Georg.
1993 2494 2039 2563 1,
2060 2494 2191 2557 280;
2229 2493 2402 2550 etiam
2439 2493 2664 2551 Sallust.

1516 2562 1640 2619 Cat.
1681 2566 1767 2633 52,
1805 2566 1887 2619 24.
1929 2565 2051 2619 Liv.
2087 2564 2265 2633 XXII,
2305 2567 2390 2620 33.

1585 2636 1651 2689 V.
1690 2638 1740 2690 9.
1798 2636 1986 2705 Eheu]
2050 2636 2218 2691 Vates
2275 2654 2400 2692 eum
2463 2638 2666 2691 mentis

1514 2708 1632 2762 acie
1669 2725 1812 2776 quae
1849 2708 2044 2763 futura
2080 2708 2195 2763 sint
2229 2708 2429 2775 omnia,
2454 2708 2664 2776 videat,

1512 2780 1634 2848 ipse
1671 2778 1864 2834 dolore
1902 2780 2144 2849 quodam
2181 2784 2450 2849 tanquam
2504 2796 2664 2850 prae-

1513 2851 1755 2905 sentium
1801 2868 1990 2905 rerum
2028 2851 2348 2921 corripitur.
2422 2850 2544 2919 Quo
2579 2850 2664 2920 fit,

1512 2926 1580 2977 ut
1615 2924 1674 2977 in
1710 2923 1983 2977 eiusmodi
2021 2922 2158 2977 loeis
2195 2940 2322 2977 eum
2359 2923 2537 2977 animi
2568 2922 2662 2977 ad-

1513 2994 1756 3049 fectione
1793 2995 1964 3049 etiam
2002 2994 2272 3049 orationis
2308 2994 2392 3048 vis
2433 2998 2661 3049 creseat.

1512 3066 1639 3120 Huc
1673 3070 1893 3135 spectat
1929 3071 2018 3121 ter
2053 3066 2302 3135 positum
2326 3066 2664 3121 vocabulum

1512 3142 1771 3207 quantus.
1829 3166 1896 3177 —
1950 3138 2140 3207 moves]
2176 3137 2398 3192 Funera
2447 3138 2664 3192 moveri

1512 3209 1708 3263 eodem
1763 3208 1933 3263 modo
1996 3209 2261 3264 dicuntur
2323 3224 2434 3277 quo
2495 3208 2662 3263 bella.

1514 3280 1697 3335 Carm.
1736 3279 1831 3348 IV,
1871 3284 1918 3342 1,
1961 3282 2014 3335 2.
2055 3310 2119 3320 -
2159 3280 2467 3335 Dardanae
2487 3280 2663 3351 ocuti]

1512 3370 1617 3421 pro
1656 3352 1992 3408 Dardaniae.
2059 3352 2131 3406 cf.
2171 3350 2355 3407 Oarm.
2391 3368 2531 3405 saec.
2573 3352 2663 3404 4⁷.

1514 3423 1571 3478 C.
1614 3423 1709 3488 IV,
1751 3424 1802 3489 5,
1840 3428 1889 3478 1.
1931 3452 1994 3464 ·-
2047 3422 2264 3494 aeyida]
2303 3439 2355 3476 v.
2393 3422 2556 3478 Hom.
2595 3422 2662 3477 n.

1510 3495 1584 3559 11,
1639 3496 1748 3548 446
1801 3512 1919 3565 sqq.
1994 3494 2160 3565 Verg.
2217 3498 2356 3549 Aen.
2409 3493 2484 3562 11,
2539 3494 2662 3548 616.

1510 3566 1662 3620 VIII.
1696 3566 1818 3621 435.
1857 3566 1924 3621 Η.
1959 3567 1995 3619 1.
2031 3571 2116 3621 est
2139 3564 2427 3620 Minervae
2461 3564 2665 3630 loriea3

1512 3638 1582 3693 ef.
1630 3636 1792 3692 Ovid.
1843 3638 1978 3693 Met.
2017 3636 2112 3705 VI,
2157 3640 2242 3691 78.
2300 3668 2366 3677 -
2429 3636 2660 3705 rabiem]

1510 3710 1666 3765 Haec
1703 3726 1924 3780 quoque
1961 3710 2109 3763 inter
2150 3725 2309 3763 arma
2349 3713 2448 3765 est.
2499 3707 2662 3763 Simi-

1508 3782 1644 3836 liter
1691 3780 1848 3836 ovid.
1895 3780 2027 3835 Met.
2079 3780 2230 3847 XIII,
2269 3782 2392 3835 543:
2462 3796 2664 3849 „seque

1512 3858 1698 3908 armat
1759 3857 1818 3907 et
1871 3852 2104 3907 instruit
2158 3852 2294 3907 ira.“
2351 3880 2419 3892 -
2477 3850 2667 3921 nequi·

1512 3924 1704 3995 quam]
1753 3924 1824 3979 ef.
1863 3924 2027 3979 Hom.
2065 3924 2130 3978 11.
2169 3924 2267 3991 111,
2307 3926 2394 3977 54.
2451 3952 2518 3962 —-
2567 3938 2664 3992 pe·

1510 4002 1622 4051 ates
1668 3998 1980 4066 caesariem]
2035 3996 2104 4051 cf.
2145 3995 2326 4049 Carm.
2372 3992 2467 4062 IV,
2504 3996 2554 4053 9,
2598 3996 2664 4047 13

1512 4084 1633 4137 sqq.
1673 4098 1737 4107 —
1775 4068 2026 4123 cao-mim
2063 4066 2296 4136 divides]
2333 4064 2502 4120 modo
2533 4064 2666 4119 huie

1510 4140 1678 4194 modo
1715 4140 1800 4193 illi
1826 4156 2003 4194 canes.
2044 4137 2278 4193 Dativus
2301 4136 2522 4204 sentinis
2550 4132 2663 4189 ἀπὸ

1510 4228 1696 4338 w
2146 4209 2225 4333 ξε

1571 4300 1604 4338 v
1693 4298 1738 4337 s.
1843 4326 1854 4336 .
1921 4300 2059 4337 arm.
2111 4321 2126 4349 ,
2219 4322 2234 4349 ,
2289 4320 2301 4334 .
2482 4317 2495 4330 .
2645 4318 2660 4332 .

1512 4353 1661 4419 VIII,
1699 4356 1787 4407 20.
1837 4384 1901 4394 —
1953 4352 2192 4407 thalamo
2237 4351 2430 4405 hastas
2472 4350 2664 4420 vitab]

1513 4424 1586 4479 ef.
1625 4426 1788 4481 Hom.
1829 4425 1894 4479 Il.
1932 4424 2034 4493 ΠΙ,
2069 4422 2368 4479 seo—383.
2423 4422 2518 4489 VI,
2557 4422 2660 4475 321

1513 4514 1634 4566 sqq.
1679 4526 1748 4537 —-
1797 4496 2004 4565 Gnosii]
2042 4494 2252 4550 Cnosus
2289 4494 2424 4548 urbs
2464 4493 2661 4548 Cretae

1513 4568 1728 4624 insulae
1773 4566 2097 4623 abundabat
2149 4567 2382 4634 oalamn,
2437 4582 2506 4621 ex
2551 4582 2661 4634 quo
