3092 5059
1157 230 1319 295 Lm.
1367 230 1417 295 L
1461 228 1649 295 SAT.
1691 226 1835 293 v11.

2576 230 2699 294 397

396 420 652 494 Durus
703 416 938 491 homo
994 430 1228 515 atque
1281 414 1461 491 odio
1531 415 1665 513 qui
1716 425 1975 511 posset
2027 414 2336 490 vincere
2382 415 2697 511 Regem,

393 540 812 619 Confidens
863 540 1380 638 tumidusque,
1435 538 1631 613 adeo
1684 530 2061 615 sermonis
2118 540 2385 635 amari,

397 664 782 759 Sisennae,
827 666 1110 741 Barros
1161 677 1248 739 ut
1295 663 1514 762 equis
1561 676 2095 759 praecurreret
2142 664 2363 740 albis.

396 790 526 867 Ad
579 792 868 889 Regem
923 790 1185 865 redeo,

1292 787 1714 887 Postquam
1759 788 1951 863 nihil
1999 788 2197 865 inter
2236 798 2652 889 utrumq‘ue

311 950 364 987 ιο
403 912 820 1009 Convenit,
873 912 1022 989 hoc
1073 912 1357 989 etenim
1409 925 1586 987 sunt
1636 938 1900 989 omnes
1953 912 2120 989 iure
2170 913 2501 1009 molesti,

400 1036 572 1129 Quo
625 1040 890 1135 fortes,
949 1037 1224 1137 quibus
1276 1036 1689 1113 adversum
1742 1036 2033 1113 bellum
2087 1036 2391 1115 incidit:
2442 1039 2643 1115 inter

399 1160 743 1238 Hectora
793 1163 1238 1241 Priamiden
1293 1162 1723 1239 animosum
1776 1174 2010 1261 atque
2054 1164 2257 1240 inter
2308 1163 2699 1240 Achillem

391 1286 522 1361 Ira
571 1288 722 1363 fuit
773 1289 1145 1388 capitalis,
1201 1302 1286 1365 ut
1337 1288 1609 1364 ultima
1660 1286 2049 1365 divideret
2094 1316 2329 1381 mors,

396 1411 466 1487 N
471 1439 572 1487 on
626 1413 862 1489 aliam
917 1415 1018 1490 ob
1073 1439 1401 1509 causam,
1453 1414 1605 1489 nisi
1657 1411 1864 1513 quod
1920 1414 2161 1490 virtus
2215 1415 2295 1490 in
2345 1426 2677 1523 utroque

317 1570 362 1611 ιι
401 1535 721 1615 Summa
775 1540 952 1636 fuit3
1011 1539 1164 1616 duo
1217 1539 1281 1615 si
1336 1539 1725 1615 discordia
1775 1551 1998 1615 vexet
2042 1539 2327 1617 inertes

400 1662 559 1737 Aut
603 1664 668 1739 si
721 1664 1158 1761 disparibus
1211 1664 1499 1741 bellum
1554 1661 1865 1759 incidat,
1920 1676 2006 1739 ut
2052 1662 2414 1741 Diomedi

391 1785 587 1864 Cum
644 1787 884 1887 Lycio
941 1788 1268 1886 Glauce,
1321 1787 1671 1865 discedat
1720 1788 2275 1886 pigrior.ultro

283 2018 755 2145 {1225‘02323‘113
787 2004 1257 2147 fffinssqifiaffiffi
1279 2004 1446 2132 ..3321

285 2146 424 2199 tatis
447 2145 777 2215 Bithynicae
811 2149 1006 2217 reique
1043 2148 1448 2203 frumentariae

285 2216 526 2272 fortasse
543 2220 746 2287 perito,
758 2219 986 2288 Brutus,
1001 2225 1066 2275 ut
1081 2221 1325 2287 videtur,
1337 2219 1446 2275 col-

285 2288 500 2359 ligendi
537 2290 868 2360 emendique
911 2291 1184 2347 frumenti
1218 2292 1448 2362 negotia

286 2360 680 2431 mandaverat3
707 2380 850 2431 quae
873 2380 998 2417 cum
1025 2364 1120 2417 ille
1141 2368 1445 2433 exerceret,

288 2431 460 2486 facile
483 2431 607 2487 fieri
625 2435 816 2503 potuit
837 2438 902 2488 ut
921 2452 1048 2489 cum
1067 2434 1260 2490 Persio
1277 2452 1444 2505 nego-

285 2504 496 2559 tiatore
532 2505 604 2559 de
625 2506 928 2561 commodis
955 2506 1044 2561 vel
1080 2507 1446 2561 incommodis

285 2576 566 2631 exercitus
587 2576 850 2632 Brutiani
871 2578 1144 2649 litigaret.
1165 2608 1231 2618 —
1253 2578 1444 2647 lippis]

285 2646 608 2702 Admodum
637 2648 900 2718 frequens
919 2649 1130 2704 Romae
1163 2649 1446 2719 lippitudo

285 2718 426 2787 fuit3
465 2720 580 2773 iam
617 2738 742 2775 cum
781 2722 822 2775 ii
859 2722 1050 2791 quiex
1088 2722 1264 2777 oculis
1292 2720 1443 2777 labo-

285 2794 482 2845 rarent
518 2796 672 2846 certa
705 2794 934 2863 negotia
970 2794 1130 2862 sequi
1164 2811 1276 2848 non
1313 2809 1444 2862 pos-

285 2866 430 2929 sent,
451 2862 512 2916 in
548 2864 856 2933 medicinis,
883 2882 994 2934 quo
1023 2865 1444 2919 inlinendorum

289 2934 580 2989 oculorum
603 2952 772 2990 causa
793 2936 1214 2999 conveniebant,
1233 2936 1448 2991 diutius

287 3005 558 3062 sedebant
595 3011 652 3061 et
677 3007 1202 3063 confabulabantur.
1240 3008 1446 3063 Tonso-

287 3094 380 3130 res
405 3082 594 3133 autem
619 3080 792 3133 etiam
827 3081 1088 3148 antiquos
1127 3080 1446 3150 loquacissi-

287 3165 410 3202 mos
431 3148 618 3216 fuisse,
635 3151 772 3220 quid
789 3152 1036 3205 mirum?
1057 3152 1148 3207 Sic
1159 3151 1446 3221 Aristoph.

287 3218 438 3274 Plut.
457 3222 564 3274 337
575 3242 588 3275 :
629 3227 761 3289 „nat
775 3241 858 3275 τοι
876 3218 1040 3291 λόγος
1067 3224 1120 3291 γ’
1147 3216 1235 3291 ἦν,
1257 3221 1323 3290 νὴ
1349 3223 1450 3277 τὸν

278 3289 574 3361 ‘Boanum
619 3290 788 3353 πολὺς
819 3290 942 3347 Ἐπὶ
977 3302 1120 3348 τοῖσι
1155 3300 1443 3366 κουρείοισι

285 3364 400 3416 τῶν
433 3366 788 3435 καθημένων,
809 3362 895 3424 Ὡς
919 3368 1066 3421 κτλ.“
1104 3366 1288 3421 Plaut.
1317 3369 1445 3421 Am-

288 3434 462 3504 phitr.
487 3434 580 3501 IV,
611 3441 656 3499 1,
681 3439 738 3490 δε
779 3436 881 3505 „In
903 3438 1215 3506 medicinis,
1239 3439 1300 3492 in
1325 3444 1446 3492 ton-

290 3506 500 3563 strinis.
525 3508 690 3576 -apud
709 3526 898 3563 omnes
919 3508 1082 3564 aedes
1103 3528 1288 3565 sacras
1313 3510 1448 3564 Sum

289 3577 536 3632 defessus
549 3580 972 3648 quaeritando.“
989 3610 1054 3621 -
1070 3582 1356 3649 confidens]
1377 3581 1445 3636 cf.

289 3648 404 3703 Cio.
441 3649 602 3705 Tunc.
637 3651 738 3719 111,
770 3656 821 3721 7,
852 3655 935 3705 14.
975 3682 1040 3693 -
1079 3652 1444 3723 tumidusque]

291 3720 582 3790 Oarva,
597 3723 714 3789 3,8.
745 3722 860 3778 Sat.
875 3724 949 3791 ΙΙ,
969 3726 1022 3792 5,
1039 3725 1128 3777 98.
1153 3724 1226 3792 11,
1245 3726 1298 3792 8,
1319 3726 1446 3778 213.

290 3795 362 3846 Δ.
387 3791 450 3846 Ρ.
475 3793 562 3847 94.
600 3793 766 3849 Haud
801 3796 968 3865 pauci
1005 3795 1164 3851 codd.
1201 3796 1447 3851 tumidus

289 3864 566 3933 praebent
599 3866 806 3921 omissa
842 3868 1262 3935 coniunctione;
1297 3868 1448 3921 inter

293 3952 432 4005 quos
451 3937 672 3991 etiamsi
685 3938 800 3993 sint
810 3943 926 3993 tres
943 3939 1266 4009 Cruquiani‚
1279 3938 1445 3993 Tons.

290 4006 504 4062 Buslid.
542 4013 602 4063 et
624 4009 882 4065 Blandin.
922 4010 1220 4079 vetustiss„
1257 4017 1446 4065 tamen

289 4096 406 4133 non
441 4085 574 4134 sunt
609 4081 894 4150 sequendi,
941 4083 1074 4153 quia
1126 4098 1196 4137 us
1231 4082 1448 4151 syllaba

289 4151 441 4221 apud
477 4152 776 4207 Horatium
823 4154 882 4207 in
920 4154 1034 4209 arsi
1081 4171 1194 4208 non
1240 4154 1444 4224 produ-

289 4224 458 4277 citur.
501 4252 565 4263 —-
604 4224 881 4289 Sisennas,
923 4226 1156 4295 Barros]
1193 4226 1446 4281 homines

288 4294 592 4377 maledicos
607 4314 674 4351 ac
692 4296 996 4379 mordaces.
1016 4326 1084 4339 -
1105 4298 1262 4367 equis
1283 4296 1446 4367 albis]

289 4368 1318 4510 ...mertum
1347 4370 1448 4495 ,ξε

286 4508 518 4563 bilior-es
539 4516 669 4565 sunt
691 4511 879 4580 „quod
901 4512 1144 4567 victores
1167 4512 1230 4565 in
1249 4511 1446 4567 trium·

287 4580 402 4651 pho
458 4580 602 4635 albis
657 4584 816 4651 equis
869 4584 1078 4639 vectari
1137 4582 1446 4638 solebant.“

1543 2004 1765 2059 Erasm.
1800 2004 1928 2059 Ada
1970 2045 1983 2059 .
2024 2004 2065 2070 1,
2103 2005 2156 2073 4,
2196 2006 2280 2059 21.
2317 2004 2388 2061 cf.
2426 2004 2589 2060 Hom.
2632 2004 2700 2059 Il.

1543 2076 1612 2139 X,
1626 2078 1749 2129 437.
1763 2076 1888 2131 Liv.
1952 2118 1967 2142 ,
1983 2079 2070 2130 23.
2096 2076 2309 2147 Vergil.
2321 2079 2461 2131 Aen.
2474 2076 2600 2144 XII,
2611 2078 2699 2131 84.

1616 2148 1683 2200 V.
1720 2149 1771 2201 9.
1820 2147 1919 2203 Λα
1950 2164 2125 2217 reyem
2167 2148 2345 2217 redeo]
2388 2148 2699 2217 Exspectas

1542 2224 1769 2287 poetam
1806 2220 1939 2273 hinc
1974 2218 2193 2289 Rupilii
2229 2237 2451 2289 quoque
2476 2237 2699 2275 accura-

1541 2296 1661 2345 tam
1710 2291 1958 2361 aliquam
2004 2308 2225 2347 morum
2266 2290 2698 2361 descriptionem

1541 2361 1869 2416 additurum
1892 2380 2039 2431 esse3
2064 2362 2161 2417 sed
2180 2362 2413 2430 frustra,
2429 2363 2698 2417 nimirum

1540 2451 1613 2489 ne
1636 2434 1855 2503 primus
1888 2451 2081 2489 versus
2110 2434 2381 2489 dilatatus
2406 2434 2593 2489 redire
2614 2435 2697 2489 vi-

1540 2506 1785 2560 deretur.
1823 2505 2008 2573 Quare
2041 2523 2155 2560 non
2192 2504 2462 2575 diffiteor,
2499 2506 2698 2561 duram

1540 2576 1687 2632 hanc
1708 2578 1853 2633 mihi
1890 2578 2071 2632 videri
2094 2578 2366 2633 redeundi
2383 2578 2698 2647 ‚rationem3

1542 2666 1655 2717 qua
1672 2666 1773 2703 cur
1784 2666 1926 2719 opus
1946 2648 2121 2704 fuerit
2134 2648 2279 2705 nihil
2296 2650 2581 2705 videas.-
2596 2648 2698 2704 hoc

1541 2720 1688 2789 iure]
1715 2738 1787 2775 sc.
1814 2726 1879 2775 ut
1904 2721 2051 2775 nihil
2072 2721 2223 2775 inter
2257 2738 2351 2775 eos
2384 2721 2698 2789 conveniat,

1541 2795 1609 2846 ut
1630 2791 2033 2847 difficillimum
2058 2793 2151 2859 sit,
2226 2810 2383 2849 acem
2418 2793 2569 2848 inter
2604 2810 2697 2847 eos

1540 2865 1858 2919 restituere.
1886 2892 1953 2905 -
1979 2864 2185 2919 molesti
2248 2864 2527 2931 difficiles,
2562 2881 2697 2933 quo-

1541 2952 1671 2989 rum
1700 2937 1846 2991 alter
1876 2936 2041 2990 alteri
2068 2952 2183 2991 non
2212 2936 2377 2991 cedit.
2414 2934 2521 3003 Qui
2548 2952 2696 2991 com-

1539 3012 1821 3076 parantur
1854 3025 1981 3063 cum
2015 3006 2333 3062 hominibus
2358 3007 2697 3062 fortitudine

1537 3080 1773 3148 paribus
1798 3083 1857 3134 et
1876 3096 2051 3148 usque
2074 3078 2147 3133 ad
2176 3086 2417 3135 mortem
2439 3096 2695 3205 ptliigmsn-

1541 3150 1719 3219 tibus;
1756 3168 1997 3220 quorum
2040 3151 2295 3219 exempla
2330 3156 2463 3205 sunt
2540 3156 2697 3206 sotor

1539 3226 1601 3276 et
1634 3222 1900 3277 Achilles.
1940 3222 2071 3277 Alia
2114 3225 2261 3277 ratio
2296 3227 2382 3277 est
2406 3221 2696 3277 hominum

1539 3293 2589 3437 {essffssgssissffl’effss⁰mu2¹132‘ffiefss¹iss’
2610 3294 2695 3421 31:

2026 3404 2041 3432 9

1541 3438 1651 3492 isse
1676 3437 1975 3492 Diomedes
1998 3442 2057 3491 et
2139 3438 2346 3501 laucus,
2374 3454 2696 3506 quanquam

1543 3508 1785 3563 Glaucus
1820 3509 1973 3578 apud
2010 3507 2317 3563 Homerum
2350 3510 2415 3563 11.
2455 3508 2551 3577 VI,
2594 3509 2693 3562 119

1541 3598 1659 3649 sqq.
1698 3582 1935 3651 ignavus
1970 3598 2084 3635 non
2122 3585 2221 3635 est.
2316 3580 2461 3635 Tota
2506 3585 2695 3635 autem

1539 3652 1679 3707 haec
1750 3652 2097 3721 comparatio
2173 3652 2377 3706 vitiosa
2450 3652 2695 3722 quadam

1539 3724 1801 3778 ubertate
1836 3741 1950 3779 non
1986 3726 2167 3783 caret;
2204 3741 2387 3793 neque
2420 3728 2586 3794 grata
2608 3728 2695 3777 est

1539 3796 1679 3850 haec
1722 3795 1991 3850 orationis
2040 3795 2413 3866 neglegentia,
2467 3812 2579 3863 qua
2610 3795 2693 3849 in—

1539 3867 1742 3922 cohata
1784 3867 2039 3922 narratio
2078 3870 2153 3933 (v.
2193 3868 2251 3938 9)
2298 3866 2491 3921 statim
2524 3867 2694 3921 relin-

1541 3940 1750 4008 quitur.
1828 3939 2005 3993 versu
2054 3939 2201 3993 enim
2244 3938 2459 3993 decimo
2495 3944 2693 3993 octavo

1539 4010 1611 4065 de
1656 4012 1878 4082 integro
1932 4010 2139 4065 iterum
2186 4010 2511 4079 incohatum
2562 4026 2694 4065 nam

1539 4082 1666 4151 quis
1693 4082 1773 4137 sic
1806 4083 2140 4153 coniungat:
2180 4086 2514 4151 „postquam
2552 4080 2695 4136 nihil

1539 4154 1691 4208 inter
1708 4158 2011 4224 utrumque
2032 4153 2311 4221 convenit,
2334 4152 2513 4207 Bruto
2531 4168 2693 4221 pree-

1537 4230 1665 4280 tore
1701 4231 1927 4281 tenente
1946 4226 2141 4281 Ditem
2171 4226 2365 4279 Asiam
2406 4224 2599 4293 Rupili
2634 4228 2695 4279 et

1537 4296 1697 4352 Persi
1730 4314 1837 4366 par
1880 4315 1919 4367 p
2038 4296 2172 4351 at“¹?
2224 4324 2291 4337 -
2335 4298 2486 4351 inter
2530 4301 2697 4365 atque

1535 4368 1706 4438 inter]
1745 4369 1927 4439 Epist.
1999 4408 2014 4437 ‚
2050 4371 2105 4437 2,
2148 4370 2227 4422 12.
2276 4367 2401 4422 Liv.
2439 4366 2511 4436 X,
2550 4369 2601 4433 7,
2644 4370 2691 4421 1.

1539 4439 1651 4495 Cic.
1684 4440 1755 4495 de
1792 4441 1953 4497 amic.
1993 4444 2079 4501 25.
2117 4442 2204 4494 95.
2242 4440 2329 4495 De
2363 4445 2529 4510 atque
2564 4456 2692 4509 par-

1537 4511 1715 4566 ticula
1752 4512 1883 4567 vide
1919 4512 1992 4567 ad
2028 4510 2211 4579 Epod.
2242 4514 2327 4580 17,
2348 4513 2401 4565 4.
2424 4540 2493 4551 —-
2516 4510 2690 4581 vexet]

1537 4582 1631 4638 Sic
1682 4584 1879 4653 scripsi
1926 4602 1995 4638 ex
2040 4583 2379 4639 auctoritate
2424 4582 2693 4653 plurimo-
