3092 5059
465 246 588 315 194

759 435 1216 513 Iracundior
1257 433 1583 532 Hadria,

1455 244 1849 315 CARMINU
1850 245 1917 313 Μ

959 560 1246 647 Tecum
1299 560 1562 638 vivere
1610 586 1887 657 amem,
1939 572 2193 635 tecum
2243 557 2521 634 obeam
2568 554 2861 631 libens.

1382 884 1765 971 GARMEN
1826 884 1928 967 Χ.

859 1052 1303 1128 Extremum
1353 1052 1647 1127 Tanain
1702 1050 1768 1125 si
1818 1049 2148 1139 biberes,
2201 1044 2431 1144 Lyce,

865 1175 1110 1252 Saevo
1164 1188 1402 1274 nupta
1453 1176 1647 1271 viro,
1692 1200 1820 1251 me
1861 1186 2118 1248 tamen
2170 1194 2479 1271 asperas

861 1300 1312 1376 Porrectum
1363 1313 1542 1376 ante
1594 1300 1797 1375 fores
1852 1298 2160 1374 obicere
2210 1294 2481 1371 incolis

1061 1425 1417 1501 Plorares
1469 1424 2017 1526 Aquilonibus,

805 1606 831 1649 s
865 1575 1112 1651 Audis
1165 1601 1318 1675 quo
1375 1576 1699 1673 strepitu
1750 1576 2004 1671 ianua,
2062 1597 2215 1672 quo
2270 1596 2541 1645 nemus

864 1699 1074 1777 Inter
1120 1701 1446 1800 pulchra
1493 1712 1742 1777 satum
1782 1711 1983 1775 tecta
2030 1697 2413 1796 remugiat

861 1824 1160 1921 Ventis,
1207 1838 1280 1902 et
1329 1827 1617 1923 positas
1666 1837 1753 1899 ut
1804 1823 2091 1923 glaciet
2142 1824 2359 1899 nives

1066 1951 1269 2027 Puro
1323 1950 1642 2026 numine
1692 1948 2089 2049 Iuppiter?

864 2100 1261 2200 Ingratam
1313 2100 1598 2177 Veneri
1649 2124 1854 2196 pone
1904 2098 2369 2195 superbiam,

787 2263 834 2303 ιο
865 2226 982 2301 Ne
1034 2236 1385 2301 currente
1436 2234 1641 2298 retro
1696 2222 1904 2299 funis
1958 2234 2081 2298 eat
2131 2234 2340 2299 rota:

471 2458 554 2510 11.
595 2456 663 2510 In
697 2457 1058 2526 sequentibus
1087 2456 1276 2511 verbis
1316 2455 1487 2510 Chloe
1522 2471 1614 2509 ex-

469 2527 681 2583 entitur
731 2546 844 2584 non
889 2529 1055 2584 domo
1097 2528 1196 2583 sed
1241 2532 1484 2597 pectore,
1520 2527 1614 2581 de-

467 2599 598 2654 inde
656 2600 885 2656 reiectae
949 2600 1162 2671 Lydiae
1224 2600 1448 2654 dativus
1511 2602 1613 2659 est,

466 2688 580 2725 non
615 2672 926 2741 genetivus,
949 2700 1011 2711 —-
1031 2670 1298 2743 improbo]
1333 2670 1617 2739 Quicquid

467 2743 698 2797 modum
733 2743 970 2811 excedit,
1007 2743 1326 2813 improbum
1365 2748 1450 2796 est
1484 2758 1616 2811 poe·

467 2814 559 2867 tis.
599 2814 672 2869 cf.
706 2814 872 2885 Verg.
913 2814 1114 2885 Georg-
1151 2814 1196 2883 1,
1237 2814 1352 2867 146.
1393 2814 1514 2867 388.
1543 2843 1615 2853 -

467 2884 810 2955 iracundior]
818 2833 1097 2941 gTalemg
1083 2904 1142 2941 se
1190 2887 1308 2955 ipse
1345 2885 1619 2939 describit

469 2956 736 3012 Horatius
775 2958 959 3027 Epist.
996 2958 1041 3027 1,
1083 2958 1171 3021 20,
1207 2958 1293 3012 25.

854 3070 1129 3125 Carmen
1164 3070 1233 3124 X.

541 3164 726 3221 Unum
762 3167 868 3222 hoc
901 3167 1212 3237 exemplum
1244 3172 1329 3221 est
1354 3166 1617 3222 Horatia-

469 3254 606 3291 num
625 3256 693 3293 ex
708 3239 1016 3293 carminum
1036 3256 1257 3309 genere,
1273 3239 1425 3308 quod
1443 3258 1615 3309 παρα-

469 3311 835 3381 κλαυσίθυρον
870 3311 1215 3379 nominatum
1263 3328 1374 3379 quo
1417 3315 1618 3379 poetae

472 3386 746 3436 amatores
782 3382 1079 3436 imitantur
1112 3383 1296 3451 prima
1331 3388 1496 3436 nocte
1545 3382 1617 3436 ad

469 3452 696 3507 ianuam
737 3452 1051 3507 difficilium
1101 3454 1418 3523 puellarum
1466 3458 1615 3507 stan·

469 3526 554 3577 tes
589 3525 917 3593 miserisque
967 3524 1052 3579 vel
1097 3526 1356 3594 precibus
1388 3526 1480 3581 vel
1513 3525 1617 3580 mi·

469 3594 570 3719 {¹22
594 3596 1288 3739 {ffitzngmffsssegssxssffl
1291 3614 1522 3723 ³323&
1524 3614 1617 3722 ‘31¹3

470 3736 618 3862 {Zeta
665 3743 750 3792 est
795 3739 976 3794 Car-m.
1021 3740 1066 3803 Ι,
1103 3742 1192 3806 25,
1235 3743 1268 3794 7
1306 3759 1386 3811 sq.
1423 3741 1526 3809 III,
1564 3743 1615 3806 7,

575 3826 656 3878 ⁸⁶1·

542 3880 610 3935 V.
657 3884 702 3936 1.
746 3882 1066 3938 Extremum
1101 3882 1339 3951 Tanain]
1377 3882 1619 3937 Etiamsi

470 3952 716 4008 barbara
783 3970 926 4008 esses
983 3972 1016 4007 a
1071 3954 1398 4023 mitiorique
1454 3971 1619 4010 sensu

472 4024 670 4088 aliena,
707 4043 796 4079 me
840 4042 1001 4080 saevo
1046 4025 1250 4097 frigori
1296 4026 1618 4096 oppositum

472 4096 772 4227 ὃκοίρετῆε.
803 4096 896 4236 {ze
929 4098 1106 4225 {grbo
1139 4097 1356 4153 bibendi
1388 4096 1517 4236 vide
1545 4098 1619 4238 ar}

517 4184 652 4222 arm.
1067 4198 1132 4209 —
1187 4184 1413 4237 asperas
1475 4184 1593 4224 ores

473 4238 544 4293 cf.
583 4240 762 4310 Epod.
815 4242 900 4309 11,
947 4242 1034 4293 22.
1083 4270 1151 4280 -
1196 4240 1392 4295 incolis
1442 4240 1617 4310 Aqui-

473 4311 704 4381 lonibus]
751 4279 1053 4380 Aquilones
1105 4312 1370 4381 quoniam
1417 4311 1479 4365 in
1523 4330 1617 4383 ge-

473 4381 591 4437 lida
643 4382 872 4452 Scythia
934 4382 1072 4437 flare
1129 4384 1328 4451 solent,
1393 4384 1619 4455 egregie

474 4454 591 4508 eius
655 4454 901 4525 regionis
962 4455 1178 4513 incolae
1243 4455 1617 4537 appellantur.

477 4554 542 4563 —
578 4525 782 4593 nemus]
818 4530 906 4579 est
953 4525 1282 4582 viridarium
1325 4526 1386 4580 in
1420 4527 1619 4582 domus

473 4596 744 4665 impluvio
767 4597 1101 4668 plantatum,
1119 4616 1232 4653 non
1249 4598 1528 4668 solarium,
1547 4597 1619 4653 de

1716 2470 1828 2537 quo
1838 2452 1915 2506 Μ.
1928 2452 2137 2507 Seneca
2149 2452 2339 2507 Contr.
2360 2468 2477 2509 exc.
2492 2450 2561 2521 V,
2572 2454 2631 2507 5:
2654 2455 2879 2522 „Alunt-

1714 2525 1777 2579 in
1821 2524 2050 2579 summis
2095 2522 2430 2579 culminibus
2478 2525 2725 2579 mentita
2782 2542 2877 2579 ne-

1716 2614 1875 2651 mora
1929 2602 1987 2651 et
2051 2594 2459 2666 navigabilium
2521 2596 2877 2665 piscinarum

1716 2668 1898 2723 freta“
1920 2672 1979 2723 et
1987 2666 2053 2722 L.
2072 2666 2468 2736 SenecaEpist.
2488 2669 2609 2735 122,
2626 2670 2687 2721 8:
2708 2668 2879 2737 „Non

1716 2740 1917 2794 vivunt
1976 2744 2176 2794 contra
2226 2744 2489 2792 naturam
2532 2740 2632 2808 qui
2678 2757 2876 2808 poma-

1716 2812 1806 2865 ria
1832 2812 1894 2865 in
1920 2812 2149 2865 summis
2174 2810 2427 2865 turribus
2457 2810 2695 2865 serunt?
2730 2828 2873 2880 quo-

1717 2900 1844 2936 rum
1894 2882 2067 2936 silvae
2122 2882 2183 2935 in
2238 2882 2403 2935 tectis
2457 2882 2755 2937 domorum
2810 2900 2879 2937 ac

1716 2953 1962 3025 fastigiis
1999 2959 2201 3009 nutant
2212 2952 2277 3007 ¹?“
2320 2952 2427 3007 Sed
2452 2954 2719 3009 solarium
2754 2971 2876 3008 non

1717 3030 1803 3080 est
1824 3026 1968 3079 inter
1994 3030 2134 3080 tecta
2152 3030 2348 3079 satum.
2387 3023 2472 3079 De
2500 3024 2773 3079 viridario
2800 3026 2875 3081 cf.

1717 3096 1897 3166 Epist.
1922 3097 1966 3162 1,
2002 3096 2083 3163 10,
2122 3098 2209 3149 22.
2246 3125 2315 3135 —
2351 3096 2525 3150 ventis
2586 3096 2875 3151 ablativus

1716 3174 1803 3223 est
1838 3185 2051 3223 causae.
2090 3198 2157 3207 —
2192 3166 2415 3238 ylacict]
2453 3170 2507 3221 A
2593 3167 2703 3223 hoo
2744 3184 2872 3223 ver-

1716 3240 1853 3293 bum
1896 3256 2021 3293 cum
2076 3240 2319 3295 alterum
2374 3239 2529 3307 quod
2581 3240 2874 3309 praecedit

1718 3310 1881 3365 audis
1918 3311 2144 3365 omnino
2194 3316 2389 3382 aptum
2434 3327 2549 3365 non
2590 3311 2873 3376 videatur,

1718 3400 1949 3453 zeugma
1994 3383 2055 3436 in
2101 3383 2209 3437 hoc
2257 3384 2381 3437 loeo
2437 3382 2619 3437 inesse
2664 3388 2873 3453 putant

1717 3454 2163 3523 eliciendumque
2216 3472 2285 3509 ex
2340 3453 2509 3509 audis
2560 3470 2871 3509 accommo-

1718 3526 1905 3581 datius
1977 3526 2213 3580 verbum
2283 3525 2473 3585 sentis.
2546 3542 2871 3595 quanquam

1716 3598 1905 3651 nivem
1959 3597 2021 3652 in
2086 3597 2321 3667 glaciem
2384 3598 2643 3652 converti
2698 3598 2871 3653 etiam

1720 3669 1964 3732 auditur,
2003 3669 2183 3723 veluti
2216 3669 2473 3740 vestigiis
2506 3673 2869 3738 praetereun-

1716 3740 1878 3795 tium.
1951 3708 2067 3795 ⁹Nec
2110 3741 2256 3795 bene
2308 3740 2707 3811 excogitarunt
2748 3758 2870 3795 ver-

1718 3812 1854 3866 bum
1892 3812 2079 3879 sentis,
2118 3812 2383 3881 quoniam
2411 3811 2565 3880 Lyce
2590 3811 2737 3867 bene
2753 3830 2866 3867 mu·-

1717 3884 1841 3937 nita
1864 3883 2092 3938 sedebat
2112 3900 2147 3937 a
2168 3884 2381 3955 frigore
2399 3888 2459 3937 et
2476 3884 2625 3939 nive.
2646 3900 2869 3953 —puro

1716 3954 1959 4025 numine]
2008 3954 2076 4009 cf
2132 3954 2314 4010 Carm.
2349 3954 2443 4019 IV,
2482 3958 2533 4023 4,
2572 3957 2664 4010 74.
2738 3956 2783 4023 1,
2821 3958 2867 4020 1,

1718 4029 1808 4081 25.
1853 4027 2267 4081 Abstinendum
2320 4026 2685 4082 coniecturis:
2728 4042 2869 4097 puro

1722 4099 1941 4163 lamma,
1976 4098 2115 4154 duro
2146 4114 2385 4167 numne,
2423 4098 2566 4153 aliis.

1789 4169 1856 4223 V.
1900 4139 1983 4222 1'0.
2020 4168 2390 4225 Proverbium
2434 4171 2504 4224 ab
2551 4168 2868 4223 hominibus

1717 4240 1922 4295 molem
1968 4241 2213 4309 aliquam
2268 4241 2563 4295 machinae
2610 4240 2743 4295 rost
2788 4240 2867 4295 in-

1717 4317 1967 4367 structae
1998 4329 2107 4383 ope
2142 4314 2201 4367 in
2236 4312 2477 4367 sublime
2510 4311 2869 4367 trahentibus

1718 4384 1961 4453 petitum
2010 4389 2111 4439 est.
2194 4384 2271 4438 Iis
2308 4384 2458 4439 enim
2506 4383 2662 4439 funis
2706 4400 2867 4453 saepe

1718 4456 1808 4510 vel
1839 4456 2133 4511 machinae
2161 4456 2521 4511 manubrium
2548 4474 2581 4511 e
2612 4456 2868 4511 manibus

1718 4526 1963 4582 elabitur
2020 4544 2129 4597 quo
2189 4528 2341 4583 facto
2393 4532 2548 4583 retro
2608 4530 2868 4583 currente

1718 4602 1844 4652 rota
1888 4603 2042 4654 retro
2087 4600 2135 4654 it
2182 4599 2333 4654 funis
2380 4599 2709 4667 deciditque
2758 4604 2865 4654 tra-
