3092 5059
1143 232 1306 298 LIB.
1349 232 1434 298 ΙΙ.
1479 233 1753 300 EPIST.
1797 234 1849 300 I.

2577 235 2703 300 583

393 418 775 517 Indignor
826 421 1240 520 quicquam
1293 423 1786 519 reprehendi,
1842 451 1996 498 non
2052 424 2234 523 quia
2290 449 2543 498 crasse

396 543 928 645 Compositum
983 547 1424 647 inlepideve
1473 561 1807 643 putetur,
1862 548 1996 624 sed
2054 545 2237 648 quia
2286 573 2564 644 nuper3

391 669 554 744 Nec
605 672 912 747 veniam
961 672 1317 772 antiquie,
1365 672 1502 748 sed
1547 674 1921 748 honorem
1966 687 2040 748 et
2076 673 2420 772 praemia
2457 674 2697 774 posci.

393 797 630 871 Recte
679 821 924 873 necne
975 821 1282 872 crocum
1333 797 1724 896 floresque
1776 798 2263 896 perambulet
2314 797 2547 875 Attae

305 958 360 997 so
395 919 694 997 Fabula
743 923 812 998 si
862 921 1232 1019 dubitem,
1291 922 1627 998 clament
1678 925 2003 1022 periisse
2056 923 2437 1024 pudorem

395 1047 670 1126 Cuncti
717 1072 966 1147 paene
1007 1061 1287 1144 patres,
1345 1075 1435 1124 ea
1490 1073 1663 1123 cum
1716 1048 2287 1144 reprehendere
2337 1075 2589 1138 coner,

395 1171 614 1264 Quae
664 1172 923 1267 gravis
973 1173 1350 1272 Aesopus,
1409 1199 1607 1272 quae
1653 1173 1923 1248 doctus
1976 1173 2295 1248 Roscius
2350 1175 2543 1270 egit:

389 1295 533 1394 Vel
587 1297 768 1396 quia
816 1297 932 1372 nil
983 1311 1282 1374 rectum
1332 1299 1478 1374 nisi
1536 1299 1745 1398 quod
1797 1299 2091 1396 placuit
2144 1298 2295 1373 sibi
2348 1297 2657 1390 ducunt,

392 1422 539 1498 Vel
591 1423 771 1520 quia
823 1436 1048 1521 turpe
1103 1436 1378 1519 putant
1429 1450 1707 1521 parere
1757 1425 2187 1500 minoribus
2247 1437 2323 1498 et
2374 1448 2573 1521 quae

303 1579 357 1620 su
394 1545 743 1622 Imberbi
795 1548 1162 1644 didicere,
1209 1575 1430 1626 senes
1483 1549 1884 1645 perdenda
1929 1548 2179 1624 fateri.

387 1673 554 1748 Iam
609 1672 904 1749 Saliare
953 1674 1256 1750 Numae
1311 1701 1622 1750 carmen
1678 1674 1812 1772 qui
1856 1673 2123 1750 laudat
2172 1686 2248 1749 et
2299 1672 2516 1771 illud,

391 1797 621 1890 Quod
675 1823 978 1874 mecum
1026 1799 1356 1896 ignorat,
1409 1799 1617 1874 solus
1671 1798 1839 1874 vult
1888 1798 2080 1876 scire
2132 1797 2400 1892 videri,

389 1922 735 2019 Ingeniis
779 1949 936 1999 non
981 1923 1118 2000 ille
1172 1926 1388 2000 favet
1438 1919 1897 2024 plauditque
1924 1923 2295 2025 sepultis,

388 2047 673 2124 Nostra
724 2048 860 2126 sed
911 2051 1341 2149 impugnat,
1393 2075 1535 2125 nos
1588 2061 2007 2148 nostraque
2052 2048 2336 2125 lividus
2385 2049 2573 2126 odit.

281 2298 583 2367 scripsero,
607 2300 716 2355 tibi
779 2300 1099 2356 raeconium
1130 2300 1442 2370 deferam;“

281 2376 345 2426 et
382 2370 534 2436 XIII,
576 2373 671 2424 19:
723 2412 755 2441 „
808 2371 1122 2442 igarianam
1157 2373 1445 2441 praeclare

282 2442 599 2498 auctoritas
653 2449 754 2498 tua
809 2443 1258 2498 commendavitst
1224 2445 1258 2474 “
1366 2445 1446 2500 Et

281 2515 575 2569 Plutarch.
614 2515 771 2569 Dem.
809 2517 900 2568 23:
967 2512 1075 2583 ,,ὠς
1109 2512 1233 2574 τοὺς
1270 2509 1445 2588 ἐμπό-

277 2606 411 2655 ρους
446 2584 669 2656 ὀρῶιιεν
703 2582 839 2640 ὅταν
869 2587 930 2641 ἐν
967 2589 1196 2657 τρυβλίῳ
1234 2587 1441 2674 δεῖγμα

279 2661 646 2740 περιφέρωσι,
705 2659 777 2710 δι’
834 2654 1038 2727 ὀλίγων
1049 2660 1276 2746 πυρῶν
1320 2656 1445 2718 τοὺς

257 2725 518 2788 ’πολλοὺς
552 2747 978 2812 πιπρασκοντες,
1015 2725 1182 2790 οὕτως
1222 2733 1284 2785 ἐν
1309 2729 1446 2814 ἡμῖν

277 2796 586 2854 λανθάνετε
620 2797 832 2860 πάντας
865 2799 1058 2861 αὐτους
1092 2799 1442 2857 συνεκδιδόν-

277 2873 422 2930 τες.“
462 2902 532 2912 --
569 2873 882 2944 quicquam]
919 2873 1142 2944 Negans
1171 2875 1280 2930 hoc
1313 2891 1442 2944 pro-

277 2961 488 2998 nomen
545 2949 700 2999 recte
763 2946 1012 3014 positum
1071 2951 1156 3000 est
1211 2951 1443 3016 propter

277 3021 585 3086 negantem
643 3017 759 3070 vim
819 3035 988 3085 quam
1041 3019 1220 3072 inesse
1269 3019 1442 3072 sentis

279 3089 348 3142 in
401 3087 575 3142 verbo
619 3087 884 3157 indiynor
943 3089 980 3142 i.
1023 3107 1068 3142 e.
1124 3089 1289 3145 ferre.
1328 3107 1441 3144 non

279 3177 526 3228 possum.
577 3189 640 3198 —
689 3160 888 3229 crasse]
923 3161 994 3214 cf.
1034 3161 1148 3215 Sat.
1189 3161 1262 3228 11,
1302 3164 1350 3226 2,
1392 3164 1440 3215 3.

281 3231 448 3287 Unde
487 3232 675 3301 imago
712 3232 892 3300 petita
929 3231 1018 3296 sit,
1057 3233 1350 3302 intelleges
1375 3251 1442 3287 ex

280 3321 452 3359 versu
503 3304 626 3356 225.
683 3333 746 3341 —
803 3303 996 3372 Attae]
1059 3303 1124 3356 T.
1181 3303 1441 3370 Quintius

278 3379 444 3438 Atta,
490 3379 816 3444 togatarum
866 3375 1126 3443 scriptor,
1188 3394 1236 3428 a.
1291 3393 1342 3428 ιι.
1396 3395 1441 3430 c.

281 3448 389 3500 677
429 3452 684 3499 mortuus
722 3451 822 3500 est.
859 3447 1010 3500 Nota
1047 3451 1176 3500 sunt
1217 3447 1443 3501 nomina

281 3516 548 3572 undecim
625 3521 964 3588 togatarum.
1075 3519 1161 3572 De
1231 3520 1443 3588 togatis

281 3587 586 3644 Diomedes
621 3589 720 3651 111,
754 3607 809 3658 p.
833 3591 968 3644 487:
1006 3591 1284 3656 „secunda
1320 3609 1441 3660 spe-

281 3662 400 3716 cies
426 3666 510 3714 est
533 3665 876 3731 togatarum,
920 3679 1062 3730 quae
1087 3663 1442 3717 tabernariae

283 3733 558 3788 dicuntur
604 3737 662 3786 et·
707 3731 1031 3788 humilitate
1076 3751 1442 3802 personarum

281 3809 344 3860 et
361 3808 820 3874 argumentorum
841 3805 1212 3860 similitudine
1228 3823 1441 3860 comoe-

279 3877 392 3931 diis
427 3875 725 3944 (palliatis)
753 3895 933 3946 pares,
953 3879 1010 3930 in
1039 3877 1240 3946 quibus
1259 3877 1438 3931 humi-

279 3949 362 4002 les
408 3947 660 4002 homines
699 3953 756 4002 et
801 3949 1058 4017 privatae
1105 3949 1303 4004 domus
1357 3949 1438 4002 in·

281 4019 620 4074 ducuntur.“
699 4021 855 4074 Inter
900 4039 1164 4090 personas
1201 4039 1234 4076 a
1269 4021 1438 4076 Festo

280 4097 789 4147 commemorantur
813 4093 1096 4161 plagiarii,
1119 4093 1287 4160 servi,
1313 4094 1438 4162 alii3

282 4168 606 4234 togatarum
651 4165 880 4218 nomina
927 4171 1059 4218 sunt
1103 4165 1436 4230 cinerarius,

281 4235 562 4294 Fullonia,
614 4234 874 4302 Psaltria,
928 4236 1208 4290 Libertus.
1249 4266 1316 4274 —
1351 4239 1438 4304 fa-

280 4306 426 4374 bula]
481 4323 662 4374 „quae
716 4307 1044 4360 inscribitur
1099 4307 1436 4377 Matertera3

281 4383 420 4434 reete
462 4393 624 4434 necne
655 4378 994 4446 perambulet
1019 4395 1232 4433 crocum
1253 4381 1436 4446 flores-

283 4467 384 4520 que
405 4451 442 4504 i.
473 4467 518 4504 e.
545 4451 604 4504 in
643 4467 900 4504 scaenam
923 4453 1148 4518 recepta
1173 4451 1264 4515 sit,
1295 4469 1436 4518 quae

285 4523 516 4576 floribus
555 4527 612 4574 et
649 4539 812 4575 croco
841 4522 1184 4592 spargitur.“
1228 4523 1436 4577 Comm.

289 4595 454 4662 Cruq.
500 4592 646 4648 Plin.
691 4592 760 4647 N.
811 4593 880 4648 H.
933 4593 1084 4662 XXI,
1123 4595 1180 4648 ὃς
1257 4594 1436 4663 „Vino

1539 2301 1683 2356 mire
1752 2299 2017 2370 congruit
2078 2315 2333 2366 crocum,
2396 2301 2698 2371 praecipue

1539 2373 1714 2438 dulci3
1765 2371 1968 2426 tritum
2004 2371 2076 2426 ad
2115 2370 2339 2425 theatra
2374 2371 2658 2440 replenda.
2664 2372 2699 2401 “

1540 2474 1606 2484 —
1656 2443 1867 2513 patres]
1927 2445 2189 2498 seniores.
2247 2443 2319 2497 ef.
2374 2461 2427 2496 v.
2482 2443 2569 2498 85.
2630 2474 2695 2482 —

1538 2516 1805 2584 Aesopus,
1845 2515 2127 2641 Roscia-333·
2158 2504 2495 2568 nobilis'simi
2534 2514 2695 2569 fabu-

1537 2589 1721 2641 larum
1777 2591 2009 2648 actores,
2110 2586 2351 2641 iceronis
2414 2587 2693 2655 aequales.

1539 2689 1605 2697 —-
1654 2658 1899 2728 imberbi]
1941 2659 2106 2726 Cruq.
2156 2658 2229 2712 ad
2264 2659 2334 2712 A.
2373 2658 2434 2710 P.
2472 2677 2526 2714 v.
2571 2660 2694 2713 161.

1536 2731 1866 2799 „imberbu83
1936 2732 2019 2785 sic
2079 2730 2253 2784 habet
2310 2730 2433 2784 cod.
2494 2729 2695 2784 Bland.

1537 2802 1852 2871 antiquiss.‚
1889 2819 2055 2870 quem
2081 2805 2305 2857 secutus
2328 2819 2454 2856 sum
2490 2819 2561 2856 ex
2596 2820 2692 2857 au-

1537 2875 1803 2928 ctoritate
1841 2873 2108 2943 Sosipatr.
2150 2873 2361 2927 Charis.
2400 2871 2435 2926 l.
2473 2873 2521 2927 1.
2561 2874 2694 2928 inst.

1535 2963 1773 3016 gramm.
1812 2946 1933 3013 qui.
1984 2944 2219 2998 Imberbi
2263 2949 2453 2998 autem
2502 2945 2694 3000 dicun-

1537 3023 1650 3083 tur,
1688 3017 1891 3085 inquit,
1937 3034 2049 3071 non
2094 3017 2379 3070 imberbes:
2428 3016 2509 3071 sic
2542 3019 2693 3072 enim

1537 3097 1595 3144 et
1636 3089 1812 3142 Varro
1864 3088 1935 3143 de
1985 3087 2301 3142 actionibus
2338 3105 2547 3142 scaena
2596 3088 2693 3144 im-

1535 3161 1684 3215 berbi
1730 3162 1965 3221 iuvenes,
2014 3159 2095 3214 sic
2144 3164 2201 3212 et
2254 3159 2447 3213 Cicero
2506 3159 2692 3214 imber-

1538 3233 1663 3286 bum
1700 3232 1953 3300 protulit,
1993 3249 2105 3286 non
2142 3231 2475 3286 imberbem.“
2524 3231 2695 3300 Apud

1536 3306 1817 3357 Acronem
1868 3309 1924 3358 et
1972 3303 2279 3358 Comment.
2339 3302 2505 3371 Cruq.
2558 3303 2697 3357 haec

1537 3379 1693 3428 sunt:
1744 3375 2065 3442 „imberbus
2109 3377 2167 3428 et
2216 3373 2503 3442 imberbis,
2550 3374 2695 3428 sicut

1536 3447 1785 3500 inermus
1840 3452 1899 3501 et
1945 3446 2230 3500 inermisst‘
2302 3445 2511 3499 Keller.
2548 3445 2691 3498 Eek·

1536 3518 1700 3572 stein.
1778 3518 2124 3573 Doederlin.:
2184 3517 2442 3572 imberbes
2496 3521 2696 3570 contra

1537 3589 1791 3644 Mueller.
1872 3589 2067 3644 Lehrs.
2146 3589 2386 3658 Kriiger.
2464 3587 2693 3642 Linker.

1535 3661 1777 3716 Meinek.
1816 3661 2058 3716 imberbi.
2110 3660 2179 3714 cf.
2214 3662 2287 3714 A.
2322 3659 2384 3714 P.
2428 3661 2547 3721 161,
2594 3659 2693 3712 ubi

1537 3733 1730 3788 eadem
1767 3734 2031 3794 varietas,
2071 3733 2169 3786 sed
2206 3731 2473 3786 imberbus
2522 3730 2695 3784 etiam

1537 3806 1595 3858 in
1655 3805 1815 3859 codd.
1864 3804 2077 3858 Kelleri
2131 3809 2421 3872 repertum
2476 3806 2576 3856 est.
2622 3831 2693 3842 --

1534 3877 1749 3932 Saliare
1777 3875 2013 3946 Numae]
2053 3877 2174 3945 lege
2200 3874 2325 3928 Liv.
2347 3874 2391 3940 1,
2418 3877 2504 3927 20.
2544 3877 2691 3926 Axa

1533 3953 1725 4002 menta
1764 3947 2199 4017 appellabantur
2250 3963 2443 4001 eorum
2492 3945 2690 4000 earmi-

1533 4039 1607 4074 na
1644 4021 1703 4073 in
1742 4020 2013 4074 honorem
2034 4019 2237 4073 Martis
2274 4022 2333 4072 et
2362 4018 2486 4072 Iani
2520 4021 2585 4070 ut
2610 4017 2692 4070 vi-

1533 4093 1715 4146 detur.
1769 4091 2002 4158 Quintil.
2040 4090 2085 4156 1,
2124 4091 2176 4158 6,
2214 4091 2314 4144 40:
2372 4129 2407 4157 „
2392 4089 2690 4157 ,Saliorum

1533 4163 1783 4218 carmina
1830 4163 1925 4216 vix
1970 4162 2353 4216 sacerdotibus
2404 4161 2518 4215 suis
2555 4159 2691 4214 satis

1535 4235 1876 4290 intellecta.“
1978 4233 2159 4301 Quare
2219 4235 2289 4286 iis
2346 4231 2691 4302 explicandis

1530 4309 1695 4361 multi
1740 4306 2097 4376 grammatici
2146 4304 2409 4360 videntur
2460 4321 2691 4374 operam

1530 4380 1766 4446 dedisse,
1820 4382 1881 4431 ut
1936 4377 2266 4432 viderentur
2314 4377 2457 4430 scire
2510 4381 2567 4430 et
2606 4376 2685 4430 in·

1529 4452 1799 4522 tellegere
1835 4467 1979 4519 qnae
2014 4450 2115 4504 alii
2150 4467 2255 4504 nec
2278 4448 2687 4520 intellegebant

1530 4541 1635 4578 nec
1670 4522 1945 4577 curabant
1980 4521 2325 4592 intellegere.
2398 4520 2687 4576 Particula

1532 4597 1645 4650 iam
1719 4593 2113 4664 gradationem
2175 4591 2353 4648 efficit
2412 4592 2690 4663 (vollends
