3092 5059
1550 187 1589 249 8

565 372 763 438 Nulla
805 372 1043 438 etenim
1085 371 1245 437 mihi
1290 378 1355 438 te
1399 372 1532 437 fors
1580 371 1845 437 obtulit:
1894 374 2175 457 optimus
2219 371 2371 438 olim

577 481 912 565 Vergiliae,
951 486 1096 563 post
1136 480 1296 547 hunc
1350 480 1600 565 Varius,
1647 481 1871 548 dixere
1914 482 2073 565 quid
2114 500 2343 548 essem.

562 590 652 657 Ut
686 592 836 657 veni
882 610 1116 671 coram,
1163 592 1495 675 singultim
1537 610 1746 675 pauca
1789 592 2060 674 locutus,

564 700 788 766 Infans
833 720 1110 784 namque
1154 699 1358 785 pudor
1401 698 1786 781 prohibebat
1828 701 2029 765 multa
2070 698 2335 783 profari,

565 810 713 875 Non
755 830 878 893 ego
921 828 1024 875 mc
1068 809 1242 875 claro
1287 815 1508 875 natum
1549 815 1751 895 patre,
1796 828 1925 875 non
1972 828 2094 892 ego
2138 810 2381 874 circum

564 919 668 984 Me
713 918 1100 983 Satureiano
1144 918 1386 983 vectari
1429 937 1583 983 rura
1630 916 1899 995 caba110,

567 1028 700 1094 Sed
745 1025 918 1109 quod
961 1046 1136 1092 eram
1185 1046 1393 1091 narro.
1479 1026 1859 1111 Respondes
1904 1034 1977 1091 ut
2020 1032 2169 1093 tuus
2213 1033 2311 1092 est
2353 1044 2510 1107 moe,

565 1136 801 1219 Pauca,
847 1136 1029 1219 abeo,
1075 1142 1138 1201 et
1177 1154 1430 1201 revocas
1471 1155 1637 1201 nono
1670 1142 1817 1217 post
1856 1156 2065 1201 mense
2107 1136 2419 1217 iubesque

567 1246 728 1313 Esse
775 1247 842 1311 in
887 1245 1238 1311 amicorum
1283 1265 1565 1311 numero.

369 1354 582 1433 Quare
626 1355 902 1439 primum
944 1355 1426 1421 commendatus
1471 1361 1570 1420 est
1610 1354 1969 1421 Maecenati
2015 1360 2287 1421 exeunte
2336 1374 2395 1419 a.
2444 1373 2503 1418 u.
2542 1373 2595 1419 c.
2640 1353 2761 1417 715

365 1467 470 1531 vel
521 1465 710 1530 initio
768 1486 825 1531 a.
875 1466 1015 1531 716.
1103 1464 1236 1531 Sed
1295 1464 1473 1545 vide3
1537 1484 1665 1530 non
1732 1484 1861 1530 una
1924 1464 2041 1529 sed
2107 1466 2343 1529 iterata
2414 1482 2576 1547 opus
2640 1463 2767 1529 fuit

369 1574 942 1659 commendatione3
1009 1576 1355 1640 maximam
1401 1580 1618 1640 tamen
1675 1572 1851 1640 haud
1894 1573 2090 1639 dubie
2134 1572 2448 1638 excitavit
2490 1573 2763 1658 gratiam

371 1684 578 1769 ipsius
641 1684 1002 1770 praesentis
1059 1683 1397 1761 modestia,
1468 1704 1637 1766 quae
1680 1690 1922 1767 quanta
1964 1683 2033 1749 in
2074 1682 2197 1748 hoc
2236 1680 2434 1747 fuerit
2490 1682 2636 1765 lege
2702 1686 2767 1745 ct

368 1793 707 1859 admirare.
795 1792 1310 1861 obtrectatorum
1355 1800 1569 1860 tamen
1616 1793 1747 1860 vile
1787 1812 1991 1877 genus
2052 1811 2170 1858 sua
2239 1790 2596 1875 cupiditate
2664 1810 2765 1857 oc-

370 1910 699 1970 caecatum
765 1921 891 1968 uon
956 1902 1138 1985 vidit,
1206 1902 1380 1985 quod
1442 1901 1622 1967 aliud
1688 1902 1956 1967 divitem
2000 1920 2077 1967 ac
2130 1901 2413 1967 nobilem
2458 1920 2603 1966 eum
2656 1900 2764 1965 ob-

369 2032 557 2079 scuro
597 2020 791 2096 atque
836 2030 1122 2095 paupere
1164 2010 1424 2078 homine
1482 2012 1870 2096 coniungere
1935 2018 2156 2095 posset
2208 2010 2557 2093 vinculum,
2634 2008 2763 2074 nisi

367 2128 440 2187 ut
499 2122 664 2187 alter
727 2120 994 2187 haberet
1053 2124 1164 2204 qui
1225 2141 1296 2187 se
1361 2120 1754 2203 adularetur,
1819 2122 1984 2187 alter
2039 2120 2153 2202 qui
2215 2119 2345 2185 sibi
2400 2118 2763 2203 largiretur.

369 2231 581 2313 Atque
645 2248 726 2295 ea
789 2229 870 2296 de
928 2228 1193 2295 Horatio
1240 2230 1461 2314 opinio
1502 2235 1633 2294 tam
1679 2230 1945 2313 vulgata
2006 2229 2150 2311 fuit,
2216 2234 2289 2295 ut
2357 2228 2615 2312 publice
2680 2226 2761 2291 ab

369 2338 688 2405 eiusmodi
733 2337 1291 2404 criminationibus
1357 2358 1429 2403 se
1472 2338 1823 2405 defendere
1888 2356 2151 2404 neeesse
2196 2337 2481 2404 baberet.
2574 2334 2765 2414 Quod

369 2447 630 2531 quidem
693 2446 1230 2529 quemadmodum
1299 2448 1551 2529 fecerit,
1625 2467 1816 2530 quam
1882 2446 2279 2513 Maecenatis
2351 2446 2564 2530 gratia
2634 2464 2763 2510 non

368 2556 454 2623 sit
497 2574 650 2621 usus
715 2555 800 2621 ad
867 2554 1266 2639 colligendas
1331 2574 1506 2640 opes,
1582 2556 1668 2621 ad
1735 2555 2093 2640 captandos
2160 2554 2459 2638 honoreS,
2539 2553 2769 2638 quanti

369 2665 901 2747 tranquillitatem
957 2666 1158 2731 animi
1223 2671 1288 2731 et
1345 2666 1546 2730 otium
1590 2665 1763 2730 vitae
1805 2683 1962 2749 prae
2005 2664 2258 2731 divitiis
2304 2672 2368 2730 et
2409 2663 2766 2731 honoribus

369 2774 688 2857 habuerit,
766 2794 891 2857 quo
967 2773 1246 2857 denique
1319 2773 1597 2840 candore
1668 2776 1868 2839 animi
1941 2782 2006 2839 et
2077 2774 2449 2841 sinceritate
2522 2772 2762 2837 amoris

369 2884 647 2949 amicum
689 2902 944 2967 semper
986 2890 1362 2966 prosecutus
1431 2885 1534 2966 sit,
1603 2882 1763 2949 haec
1830 2886 2049 2950 omnia
2104 2892 2173 2950 tu
2217 2884 2361 2967 ipse
2408 2882 2636 2949 videas
2682 2902 2764 2948 ex

370 2991 471 3057 his
534 2992 936 3075 potissimum
1005 2992 1195 3059 locis:
1273 2992 1407 3059 Sat.
1451 2992 1502 3075 I,
1547 2994 1607 3073 6,
1650 2993 1733 3056 92
1780 3013 1920 3076 sqq.
2008 2994 2057 3077 I,
2102 2994 2161 3071 9,
2207 2994 2291 3057 43
2336 3012 2473 3075 sqq.
2560 2992 2645 3075 II,
2704 2992 2763 3073 6,

367 3102 449 3167 41
495 3122 633 3185 sqq.
699 3102 904 3188 Epist.
950 3103 1003 3181 I,
1051 3102 1107 3185 7,
1150 3104 1233 3168 34
1279 3121 1416 3185 sqq.
1480 3102 1689 3187 Epod.
1736 3104 1793 3184 1,
1833 3106 1889 3167 5.
1938 3102 2144 3169 Gar-m.
2191 3102 2302 3184 IV,
2354 3103 2450 3182 11,
2503 3102 2577 3166 18
2624 3120 2762 3184 sqq.

367 3211 451 3291 II,
531 3211 626 3276 17.
755 3210 991 3277 Verum
1066 3210 1236 3277 enim
1307 3230 1456 3277 vero
1524 3212 1637 3294 qui
1711 3212 1766 3277 si
1836 3212 2151 3279 voluisset
2220 3230 2491 3295 magnas
2566 3211 2761 3276 etiam

367 3339 523 3404 opes
583 3328 646 3386 ct
713 3342 754 3386 a
812 3320 1182 3386 Maecenate
1247 3326 1313 3386 et
1373 3327 1603 3405 postea
1663 3321 1746 3386 ab
1790 3322 2079 3405 Augusto
2148 3340 2399 3404 quoque
2466 3320 2765 3404 accipere

366 3430 699 3513 potuisset,
766 3448 954 3512 quam
1025 3449 1227 3515 parvo
1287 3450 1430 3496 eum
1495 3450 1757 3497 munere
1825 3436 2191 3496 contentum
2262 3437 2327 3495 et
2371 3430 2625 3496 beatum
2670 3430 2765 3495 vi-

365 3538 506 3605 des!
592 3539 660 3604 Is
710 3539 884 3604 enim
929 3558 1114 3605 curas
1159 3546 1224 3605 et
1265 3541 1594 3606 molestias
1643 3540 1837 3607 Urbis
1907 3559 2194 3624 perosus,
2258 3544 2527 3605 naturae
2593 3540 2767 3604 eins·

368 3667 491 3730 que
561 3646 1020 3713 amoenitatum
1091 3647 1568 3715 amantissimus
1648 3648 1875 3733 (Epist.
1948 3650 2030 3727 II,
2120 3650 2177 3731 2,
2252 3648 2373 3731 77),
2460 3648 2765 3715 rusticam

370 3756 570 3821 vitam
637 3762 700 3821 et
765 3756 1176 3823 solitudinem
1241 3759 1574 3842 splendori
1617 3765 1682 3824 et
1738 3758 2075 3825 ambitioni
2122 3759 2406 3825 urbanae
2452 3759 2518 3824 in
2563 3776 2767 3824 annos

367 3866 576 3949 magis
646 3867 1021 3949 praeferens
1086 3866 1244 3950 quid
1309 3868 1486 3933 aliud
1553 3868 1634 3933 ab
1702 3868 2193 3952 opulentissimo
2238 3869 2447 3933 amico
2494 3866 2765 3950 accepit,

372 3975 502 4041 nisi
551 3996 742 4041 unam
800 3978 1259 4061 parvulamque
1315 3978 1559 4060 villam,
1620 3980 1835 4043 omnia
1899 3984 2051 4044 vota
2094 3979 2255 4044 satis
2300 3996 2616 4061 superque
2656 3995 2764 4041 ex-

371 4083 652 4167 plentem
681 4084 810 4160 ²⁹)‘?
895 4087 1107 4153 Villae
1163 4093 1377 4153 autem
1424 4088 1710 4154 tabulam
1776 4088 1859 4153 ab
1928 4087 2069 4170 ipso
2152 4088 2389 4170 pictam
2458 4085 2767 4150 habemus

439 4321 526 4384 29)
564 4320 678 4375 Sat.
729 4323 798 4383 11.
839 4327 889 4393 6,
935 4329 961 4378 1
1001 4344 1119 4395 sqq.
1196 4328 1374 4380 Carm.
1419 4326 1518 4395 111,
1622 4330 1731 4393 tur,
1761 4326 1971 4381 factum
2000 4326 2057 4381 id
2087 4344 2203 4381 esse
2238 4331 2370 4380 ante
2400 4344 2449 4380 a.
2470 4327 2599 4395 721;
2636 4342 2767 4380 nam

376 4392 456 4474 Ῑβ,
495 4393 721 4447 37—44.
793 4395 914 4463 Quo
951 4414 1096 4452 anno
1133 4414 1166 4451 a
1201 4396 1522 4452 Maecenate
1623 4415 1747 4452 cum
1786 4398 2025 4453 Satiram
2060 4398 2132 4464 11,
2174 4400 2205 4451 3
2249 4398 2535 4463 scriberet,
2570 4398 2769 4452 villam

363 4463 560 4517 vrllam
595 4464 740 4521 dono
767 4470 1060 4539 acceperit,
1088 4486 1201 4524 non
1227 4472 1414 4538 potest
1431 4486 1519 4524 ac-
1622 4468 1890 4523 Horatius
1933 4471 2043 4524 iam
2078 4470 2299 4535 habuit3
2338 4469 2408 4523 cf.
2428 4487 2479 4522 v.
2503 4470 2553 4521 6.
2580 4472 2668 4532 103
2700 4487 2769 4524 ea

373 4540 567 4591 curate
590 4536 718 4593 dici.
753 4538 874 4597 Hoc
909 4546 1099 4597 tamen
1129 4547 1343 4597 certum
1369 4540 1518 4596 vide·
1622 4545 1809 4595 autem
1858 4542 2032 4596 satira
2084 4542 2293 4613 scripta
2346 4540 2572 4597 videtur
2632 4540 2766 4611 ipsis
