3092 5059
1125 236 1286 303 LIB.
1333 238 1418 303 11.
1467 235 1659 303 SAT.
1701 235 1824 301 III.

2555 232 2681 299 439

295 460 346 501 το
380 426 677 503 Nodosi
725 426 1024 504 tabulas
1077 438 1406 520 centum,
1461 423 1675 501 mille
1724 422 1931 501 adde
1980 434 2327 516 catenam

373 552 714 650 Effugiet
762 564 1020 627 tamen
1063 550 1254 628 haec
1305 548 1723 626 sceleratus
1782 546 2092 624 vincula
2136 546 2484 623 Proteus.

377 678 574 757 Cum
627 675 880 775 rapies
933 676 1016 751 in
1068 676 1186 751 ius
1232 674 1457 751 malis
1507 674 1891 750 ridentem
1942 671 2237 765 alienis,

379 801 553 878 Fiet
583 827 794 900 aper,
825 802 1060 877 modo
1099 802 1284 898 avis,
1319 799 1556 877 modo
1583 826 1849 875 saxum
1885 811 1961 875 et
1988 824 2163 875 cum
2190 796 2400 874 volet
2422 794 2683 871 arbor.

375 924 460 1003 Si
511 925 712 1003 male
761 952 928 1005 rem
983 952 1258 1025 gerere
1312 925 1563 1001 insani
1616 938 1750 1020 est,
1806 936 2075 1001 contra
2125 923 2325 999 bene
2370 919 2573 1014 sani3

289 1084 344 1125 -ts
379 1050 728 1129 Putidius
771 1051 1016 1127 multo
1069 1051 1477 1128 cerebrum
1532 1063 1668 1147 est,
1722 1048 1915 1127 mihi
1968 1046 2223 1144 crede,
2275 1043 2567 1152 Pei-elli

373 1175 776 1273 Dictantis,
821 1175 1034 1277 quod
1085 1188 1170 1255 tu
1223 1200 1624 1274 nunquam
1670 1173 2097 1251 rescribere
2146 1170 2417 1274 possis.

376 1298 677 1377 Audire
723 1314 959 1401 atque
1009 1314 1274 1399 togam
1325 1300 1557 1377 iubeo
1608 1323 2097 1397 componere,
2155 1294 2501 1396 quisquis

378 1424 831 1502 Ambitione
883 1425 1090 1501 mala
1141 1437 1272 1501 aut
1319 1424 1625 1522 argenti
1677 1422 1919 1523 pallet
1964 1446 2253 1517 amore,

381 1550 753 1649 Quisquis
799 1549 1112 1627 luxuria
1164 1548 1462 1625 tristive
1513 1547 2061 1649 superstitione

291 1708 346 1747 so
383 1671 540 1747 Aut
589 1672 743 1749 alio
789 1672 1068 1749 mentis
1115 1670 1394 1747 morbo
1449 1668 1683 1747 calet:
1736 1668 1891 1745 huc
1938 1668 2261 1769 propius
2312 1693 2439 1745 me

379 1799 581 1876 Dum
635 1799 879 1875 doceo
932 1796 1270 1875 insanire
1327 1820 1615 1892 omnes,
1668 1820 1807 1871 vos
1859 1794 2136 1871 ordine
2180 1794 2412 1877 adite.

377 1924 654 2002 Danda
705 1938 822 2001 est
865 1923 1191 2001 ellebori
1247 1921 1491 1997 multo
1543 1948 1727 2018 pars
1775 1920 2111 1997 maxima
2162 1918 2457 2013 avaris3

377 2050 656 2127 Nescio
706 2076 806 2127 an
851 2047 1308 2147 Anticyram
1358 2046 1555 2124 ratio
1608 2046 1768 2121 illis
1820 2044 2151 2122 destinet
2200 2068 2531 2119 omnem.

281 2299 492 2369 posita,
527 2304 592 2353 ut
627 2298 928 2370 cogitando
976 2298 1138 2368 quasi
1183 2299 1442 2371 supplen-

279 2372 418 2426 dum
457 2372 555 2425 sit:
584 2370 736 2425 dicat
762 2370 981 2439 aliquis.
1010 2400 1075 2409 -—
1102 2364 1440 2440 Mercurius]

281 2443 546 2512 κερδῷος,
583 2443 728 2497 lucri
762 2443 944 2497 dator.

357 2514 424 2568 V.
447 2514 532 2567 69.
570 2532 607 2568 a
629 2514 826 2582 Nerio]
864 2512 1122 2567 Scribere
1158 2512 1228 2567 ab
1253 2513 1444 2581 aliquo

282 2587 436 2641 idem
473 2585 584 2639 fuit
621 2585 772 2654 quod
805 2601 906 2653 per
941 2584 1278 2653 scripturam
1312 2584 1446 2639 dare

283 2656 488 2727 (durch
502 2658 844 2727 Anweisung
863 2656 964 2710 auf
978 2656 1014 2710 J
1018 2656 1290 2710 emanden
1318 2656 1445 2709 zah-

284 2730 418 2796 len).
459 2727 654 2783 Credit
679 2728 858 2797 igitur
886 2727 1090 2797 aliquis
1119 2728 1292 2782 decem
1332 2728 1368 2781 i.
1399 2744 1445 2783 e.

281 2802 478 2855 decem
537 2799 698 2855 milia
759 2800 1080 2854 sestertium
1141 2799 1234 2868 (ex
1291 2816 1448 2853 more

286 2872 554 2928 ICtorum
592 2875 746 2925 certo
787 2888 1020 2925 numero
1049 2886 1154 2940 pro
1193 2868 1450 2940 incerto),

283 2944 388 2999 sed
437 2944 534 3001 ita.
585 2948 654 2997 ut
703 2942 993 2997 solvantur
1042 2960 1156 2997 non
1202 2958 1270 2996 σω
1313 2958 1450 2997 arca

281 3016 382 3070 vel
420 3014 486 3071 de
519 3013 674 3069 domo
715 3013 839 3079 (aus
877 3014 1072 3084 signer
1100 3012 1316 3083 Kasse),
1351 3014 1448 3067 sed

285 3107 322 3141 a
376 3086 656 3154 trapezita
716 3086 834 3139 sive
899 3086 1222 3155 argentario
1283 3084 1447 3154 (Ban-

287 3158 473 3227 quier)
503 3156 707 3225 Neri03
744 3157 804 3211 in
834 3175 946 3225 qua
978 3175 1040 3211 re
1077 3174 1295 3211 summa
1319 3173 1448 3226 pro-

285 3236 418 3299 pter
478 3228 785 3299 argentarii
843 3228 1197 3299 diligentiam
1261 3229 1448 3284 cautio

289 3302 470 3357 inesse
497 3300 811 3355 videbatur.
848 3300 958 3355 Sed
984 3299 1081 3369 qui
1114 3299 1312 3367 credit,
1349 3300 1450 3355 illa

290 3372 551 3429 mutiens
584 3390 698 3426 non
733 3376 1043 3433 contentus,
1080 3371 1242 3426 addit
1275 3372 1448 3425 etiam

288 3445 508 3499 tabulas
575 3442 972 3514 (syngraphas,
1046 3442 1448 3513 chirographa,

288 3514 1048 3585 Schuldverschreibungen)
1147 3514 1448 3570 admodum

283 3586 486 3642 nodosi
521 3586 560 3640 i.
581 3604 630 3640 e.
669 3586 860 3641 callidi
899 3604 966 3641 ac
999 3586 1226 3655 providi
1263 3585 1448 3639 faene-

288 3658 498 3715 ratoris
537 3658 789 3726 Cicutae;
839 3658 1000 3711 addit
1041 3657 1180 3711 alias
1222 3656 1348 3710 insu
1387 3673 1450 3711 er

284 3730 574 3785 cautiones
610 3728 786 3797 (mille
811 3728 1084 3797 (satanas),
1121 3732 1312 3783 tamen
1372 3728 1448 3781 al-

289 3803 372 3857 let
411 3818 539 3855 eum
577 3800 802 3855 debitor
845 3816 948 3855 nec
993 3800 1294 3869 quiequam
1340 3799 1448 3882 sibi

291 3873 570 3929 creditum
607 3889 724 3927 esse
761 3872 998 3941 evincet,
1035 3890 1160 3927 cum
1199 3889 1310 3925 non
1345 3871 1449 3925 mi·

287 3962 428 4000 nore
453 3945 529 3998 sit
564 3944 776 3999 astutia
810 3962 982 4015 quam
999 3943 1236 3997 Proteus
1277 3960 1451 4013 quon·

289 4017 422 4072 dam
460 4016 588 4069 fuit.
629 4045 694 4055 —
741 4012 988 4085 Cicutae]
1027 4015 1302 4071 Perellius
1337 4014 1451 4071 fae·

291 4092 522 4143 nerator
561 4086 634 4141 ob
674 4088 1036 4156 asperitatem
1083 4092 1141 4141 et
1185 4086 1450 4141 amaritu-

291 4160 482 4214 dinem
543 4158 740 4213 Cicuta
805 4158 1150 4225 nominatus3
1211 4158 1453 4213 nodosus

297 4234 404 4293 est,
461 4230 596 4298 quia
653 4229 866 4299 optime
921 4229 1119 4283 calluit
1172 4229 1346 4285 nodos
1399 4234 1458 4285 et

298 4302 573 4357 formulas
629 4301 783 4355 iuris.
831 4330 902 4341 —
955 4300 1196 4370 catenas]
1247 4302 1456 4357 cautio-

293 4391 410 4429 nes.
449 4404 514 4413 -
554 4372 756 4427 alicnis
788 4371 974 4441 malis]
1013 4372 1176 4425 Hom.
1205 4370 1307 4427 Od.
1335 4372 1458 4436 XX,

291 4447 416 4499 347.
488 4445 594 4500 Est
631 4444 712 4499 ita
747 4443 933 4498 ridere
968 4451 1237 4511 tanquam
1273 4444 1456 4497 malae

291 4520 480 4573 essent
527 4533 642 4571 non
679 4532 813 4571 suae
863 4514 958 4569 sed
1006 4514 1237 4583 alienae,
1291 4515 1454 4569 malis

303 4606 420 4645 non
454 4604 700 4658 parcere,
773 4585 906 4643 Alia
950 4603 1095 4657 quae
1141 4586 1460 4657 excogitata

1537 2302 1623 2353 est
1658 2295 2073 2366 interpretatio,
2108 2299 2170 2349 ut
2212 2294 2288 2349 sit
2324 2296 2465 2351 elam
2497 2294 2692 2363 ridere,

1534 2368 1700 2423 malis
1734 2385 1771 2423 a
1808 2367 1933 2422 risu
1970 2367 2171 2422 alienis
2206 2366 2384 2421 ridere
2420 2384 2462 2420 s.
2497 2365 2693 2435 ridere,

1533 2446 1601 2497 ut
1636 2440 1873 2500 creditor
1908 2456 2025 2495 non
2058 2438 2275 2507 sustitit,
2317 2456 2385 2493 aa
2418 2454 2532 2501 non
2566 2440 2693 2507 pot-

1537 2516 1624 2567 est
1662 2512 1818 2581 ferri‚
1855 2514 2156 2581 propterea
2192 2510 2359 2578 quod,
2398 2510 2507 2563 nisi
2544 2514 2689 2563 astu·

1537 2588 1629 2637 tus
1675 2583 1901 2638 debitor
1942 2582 2116 2637 effuse
2160 2581 2361 2642 rideat,
2408 2598 2537 2635 cum
2574 2580 2695 2635 eius

1538 2655 1837 2709 insolentia
1887 2654 2069 2708 omnis
2117 2652 2393 2707 abiciatur
2446 2651 2557 2707 loci
2601 2669 2693 2706 ve-

1539 2731 1747 2781 nustas.
1806 2755 1875 2765 —
1924 2724 2018 2793 fiet
2052 2724 2209 2795 aper]
2252 2724 2421 2779 Hom.
2456 2722 2561 2779 od.
2598 2723 2695 2785 IV,

1539 2800 1647 2853 455
1692 2814 1813 2867 sqq.
1872 2825 1941 2839 -·
2000 2796 2371 2864 dictantisJ,
2372 2794 2697 2865 ,credentis3

1541 2869 1675 2939 quia
1728 2886 1855 2924 oum
1905 2868 2101 2924 damus
2148 2867 2411 2923 dicimus.
2480 2836 2697 2935 „scribe

1541 2941 1857 2997 cautionem
1892 2958 1997 3009 pro
2036 2956 2103 2995 ea
2134 2940 2389 3008 pecunia.
2396 2939 2423 2967 ‘⁴
2485 2939 2695 2993 Comm-

1543 3013 1711 3082 Cruq.
1764 3042 1838 3052 —
1885 3010 2195 3081 rescribere]
2260 3011 2492 3067 solvere.
2566 3009 2697 3065 vide

1541 3084 1615 3139 ad
1652 3084 1835 3139 Carm.
1858 3083 1958 3148 111,
1982 3084 2073 3151 29,
2096 3084 2184 3137 54.
2218 3082 2441 3137 Terent.
2468 3081 2697 3137 Phorm.

1541 3156 1610 3225 V,
1647 3157 1701 3224 9,
1738 3158 1834 3210 28:
1900 3154 2043 3223 „Sed
2088 3154 2270 3209 transi
2308 3154 2469 3209 sodes
2504 3154 2577 3208 ad
2615 3151 2697 3209 fo·

1541 3244 1685 3283 rum.
1748 3232 1919 3295 atque
1981 3225 2123 3281 illud
2180 3226 2323 3279 mihi
2380 3226 2698 3294 Argentum

1541 3316 1737 3353 rursus
1787 3298 1918 3353 iube
1962 3296 2213 3363 rescribi,
2259 3296 2579 3352 Phormiost‘
2628 3326 2696 3336 —

1542 3370 1765 3439 audire]
1782 3370 1903 3425 Iam
1922 3370 2122 3425 relicto
2142 3368 2484 3439 Damasippo
2506 3385 2697 3423 omnes

1541 3441 1845 3497 mortales
1828 3442 2074 3495 insanire
2094 3444 2158 3495 ut
2178 3440 2527 3495 demonstret
2548 3438 2697 3495 Ster-

1541 3514 1717 3567 tinius
1755 3531 1813 3567 se
1849 3513 2112 3584 accingit,
2147 3512 2392 3582 primum
2421 3510 2509 3565 his
2534 3511 2697 3579 quin-

1542 3602 1653 3653 que
1674 3584 1928 3641 versibus
1954 3588 2181 3639 cunctos
2207 3582 2698 3651 comprehendens,

1543 3656 1747 3711 deinde
1782 3674 1817 3711 a
1842 3656 2094 3711 versibus
2133 3654 2203 3709 82
2240 3655 2311 3709 de
2346 3655 2589 3709 avaritia
2614 3653 2700 3708 di-

1542 3732 1753 3781 cturus.
1800 3756 1867 3767 -—
1920 3733 2101 3797 toqam
2134 3724 2471 3808 οοπῳοπενο]
2518 3724 2700 3794 plicas

1542 3804 1711 3869 togae
1746 3803 1899 3853 recte
1934 3798 2257 3868 disponere;
2292 3796 2363 3852 de
2387 3796 2702 3865 discipulis,

1545 3871 1645 3939 qui
1691 3876 1853 3942 togas
1902 3871 1963 3926 in
1996 3870 2301 3939 plicaturas
2337 3872 2706 3937 componunt,

1543 3946 1611 3997 ut
1635 3943 1891 4026 longam,
1926 3960 2095 4011 quam
2129 3944 2476 4011 exspectant,
2514 3938 2690 4011 magi-

1543 4015 1651 4069 stri
1706 4014 2017 4069 orationem
2072 4013 2305 4067 attentis
2354 4011 2585 4067 auribus
2638 4014 2699 4067 et

1545 4086 1749 4169 animis
1793 4085 2051 4154 excipere
2098 4084 2331 4153 possint.
2387 4113 2455 4123 —
2505 4080 2697 4152 pallet]

1547 4158 1681 4227 quia
1717 4158 1875 4225 quasi
1922 4173 2087 4226 aeger
2124 4160 2225 4211 est.
2298 4154 2452 4209 Pers.
2500 4156 2554 4222 4,
2596 4154 2697 4207 47:

1547 4229 1717 4298 „Viso
1742 4230 1789 4283 si
1814 4228 2009 4299 palles,
2028 4227 2301 4297 improbe,
2326 4243 2572 4281 nummo-
2574 4225 2701 4265 “—

1545 4300 1787 4370 ellebon]
1822 4300 1929 4354 Est
1950 4304 2238 4355 veratrum
2265 4298 2509 4367 nigrum,
2548 4296 2701 4365 quod

1549 4372 1793 4441 melamp
1794 4371 1987 4427 odium
2022 4368 2257 4438 dicitur3
2302 4368 2372 4424 de
2410 4386 2520 4438 quo
2555 4369 2701 4423 Plin.

1550 4444 1617 4499 Ν.
1656 4444 1727 4499 H.
1754 4390 1949 4508 XXV,
1988 4444 2050 4497 5.
2120 4442 2227 4510 „Ni
2338 4458 2395 4495 m
2447 4440 2706 4495 medetur

1555 4514 1900 4584 paralyticis,
1929 4512 2235 4569 insaniens
2338 4511 2707 4582 ,hydropicis

1557 4587 1700 4643 cet“
1763 4584 1943 4657 Epist.
1980 4584 2057 4654 11,
2088 4586 2143 4655 2,
2182 4586 2301 4640 137.
2370 4585 2440 4643 A.
2478 4583 2543 4639 P.
2580 4585 2703 4641 300.
