3092 5059
498 216 623 283 448
1345 192 1352 198 ’
1440 213 1946 283 SATIRARUM

601 405 824 482 Nunc
874 430 1021 503 age
1072 404 1451 483 luxuriam
1506 418 1584 483 et
1633 404 2202 483 Nomentanum
2257 404 2520 502 arripe
2563 430 2915 481 mecum:

500 564 578 605 ηε
602 530 887 607 Vincet
930 531 1138 608 enim
1192 530 1461 607 stultos
1514 530 1711 606 ratio
1765 530 2106 607 insanire
2157 541 2502 632 nepotes.

602 657 759 733 Hic
812 656 1044 733 simul
1092 656 1392 753 accepit
1442 656 1864 755 patrimoni
1913 655 2128 731 mille
2179 654 2490 750 talenta,

599 782 881 877 Edicit,
933 781 1268 879 piscator
1320 780 1453 877 uti,
1506 780 1926 879 pomarius,
1979 806 2286 880 auceps,

600 906 1173 1007 Unguentarius
1222 931 1316 981 ac
1365 905 1600 982 Tusci
1651 906 1878 982 turba
1925 905 2170 1006 impia
2219 905 2396 1001 vici,

604 1030 804 1107 Cum
854 1028 1137 1105 scurris
1182 1027 1445 1124 fartor,
1502 1052 1680 1103 cum
1730 1027 2066 1105 Velabro
2121 1055 2350 1107 omne
2399 1028 2830 1105 macellum

382 1188 403 1201 -
500 1190 580 1230 πο
602 1156 834 1232 Mane
862 1154 1180 1231 domum
1216 1153 1547 1230 veniant.
1597 1152 1806 1248 Quid
1832 1158 2044 1231 tum?
2098 1156 2402 1233 Venere
2425 1157 2918 1255 frequentes3

602 1282 863 1360 Verba
898 1278 1087 1355 facit
1112 1278 1328 1355 leno:
1372 1277 1816 1379 „Quicquid
1853 1280 2069 1374 mihi,
2109 1280 2482 1381 quicquid
2519 1293 2599 1357 et
2629 1280 2916 1355 horum

608 1407 909 1506 Cuique
924 1404 1144 1480 domi
1158 1416 1293 1501 est,
1304 1402 1388 1479 id
1402 1404 1637 1481 erede
1652 1417 1870 1481 tuum
1881 1417 1960 1481 et
1971 1404 2096 1481 vel
2111 1431 2319 1482 nunc
2334 1418 2515 1505 pete
2525 1404 2650 1482 vel
2675 1398 2917 1481 cras.“

604 1531 924 1630 Accipe,
982 1528 1170 1628 quid
1224 1540 1494 1605 eontra
1543 1527 1845 1605 iuvenis
1895 1529 2381 1627 responderit
2431 1556 2776 1631 aequus3

606 1655 749 1753 „In
797 1655 978 1731 nive
1027 1654 1341 1731 Lucana
1392 1654 1689 1731 dormis
1743 1667 2116 1752 ocreatus,
2173 1668 2258 1731 ut
2305 1683 2584 1754 aprum

504 1814 580 1855 ωε
606 1782 895 1861 Cenem
950 1805 1120 1878 ege,
1166 1794 1247 1857 tu
1302 1780 1552 1881 pisces
1597 1779 1926 1856 hiberno
1979 1806 2078 1857 ex
2129 1804 2471 1881 aequore
2523 1783 2816 1878 verrii-13

606 1906 879 2005 Segnis
933 1910 1079 2003 e‘go
1132 1904 1501 2003 indignus
1557 1904 1694 2003 qui
1741 1915 2042 1979 tantum
2090 1904 2571 2001 possideam:
2623 1903 2892 1983 auferl

608 2031 845 2109 Sume
896 2032 1041 2108 tibi
1094 2030 1387 2127 decies3
1437 2029 1582 2105 tibi
1631 2029 2122 2125 tantundem3
2176 2030 2324 2105 tibi
2373 2030 2688 2127 triplex,

604 2157 826 2236 Unde
878 2184 1070 2233 uxor
1120 2155 1379 2231 media
1430 2154 1674 2232 currit
1729 2154 1828 2231 de
1879 2167 2106 2231 nocte
2157 2152 2501 2231 vocata.“

580 2282 853 2359 -Filius
904 2282 1200 2382 Aesopi
1254 2281 1676 2358 detractam
1729 2304 1821 2357 ex
1868 2306 2059 2357 aure
2111 2278 2494 2377 Metellae,

508 2442 585 2482 κο
608 2408 922 2486 Scilicet
974 2421 1058 2483 ut
1108 2407 1360 2483 decies
1412 2405 1748 2482 solidum
1803 2407 2270 2499 exsorberet‚
2319 2418 2536 2483 aceto

508 2657 711 2695 norum
747 2642 1065 2695 arcessitur.
1114 2639 1185 2695 cf.
1221 2657 1273 2694 v.
1316 2641 1403 2693 79.
1441 2671 1509 2680 —
1547 2641 1668 2696 vin·

507 2718 588 2768 cet
632 2712 795 2781 ratio]
852 2710 967 2766 Sat.
1014 2710 1059 2777 1,
1096 2713 1148 2777 3,
1191 2713 1293 2765 115
1340 2712 1465 2769 coll.
1515 2712 1666 2767 infra

510 2786 633 2837 250.
657 2812 728 2823 —
766 2782 954 2853 edicit]
994 2787 1265 2851 tanquam
1298 2788 1529 2867 praetor
1568 2802 1670 2854 per

510 2854 1273 2996 ἓῖἶῗοῗθῗωέιώυιίῗῗᾞῖῑ
1295 2855 1535 2981 Ῑίἓὲἐΐέ,
1572 2873 1670 2981 Εἴ.

510 2998 792 3065 bitabaut,
828 2997 899 3052 de
936 2998 1138 3066 quibus
1172 2996 1358 3052 Plaut.
1391 2998 1537 3053 Eud.
1565 2998 1666 3066 ΙΙΙ,

512 3075 565 3138 2,
604 3072 672 3123 38
709 3066 887 3139 (651):
926 3068 1218 3137 „Fr-audis,
1256 3070 1497 3131 sceleris,
1536 3087 1665 3139 par-

510 3140 694 3209 ricidi,
716 3140 930 3210 periuri
954 3140 1341 3210 plenissumus,
1360 3140 1667 3212 Legirupa,

512 3212 814 3282 inpudens,
876 3212 1137 3281 inpurus,
1202 3213 1666 3269 inverecundissi-

512 3302 659 3339 mus:
700 3282 823 3339 Uno
842 3285 1016 3338 verbo
1042 3285 1349 3353 absolvam,
1376 3285 1501 3340 leno
1526 3286 1668 3339 est.“

512 3354 655 3411 Vide
692 3355 765 3409 ad
802 3354 913 3411 Sat.
942 3356 987 3414 Ι.
1021 3357 1073 3419 9,
1106 3359 1195 3409 35.
1224 3386 1285 3395 -
1322 3355 1528 3426 fartor]
1567 3357 1667 3426 qui

511 3421 1396 3555 {Jffrifflmfiiffitffffsssgffi‘zfts
1413 3428 1556 3555 ἐξ.
1571 3428 1668 3554 ἳῖ.

512 3568 605 3625 off.
653 3570 698 3636 Ι,
735 3572 820 3624 42.
881 3600 950 3609 -
1066 3571 1267 3640 elabro]
1318 3572 1505 3639 „locus
1563 3571 1668 3625 Ro·

512 3660 657 3702 mae.
692 3642 788 3697 ubi
824 3642 1159 3725 prostabant
1194 3643 1383 3697 omnia
1418 3660 1563 3711 quae
1597 3643 1670 3699 ad

512 3713 693 3770 victus
731 3718 1011 3769 rationem
1050 3720 1109 3768 et
1142 3714 1375 3769 delicias
1422 3714 1669 3784 pertine·

511 3784 706 3841 bant.“
778 3784 988 3841 Comm.
1027 3786 1216 3854 Cruq.·
1246 3816 1312 3825 —
1369 3786 1668 3856 macellum]

514 3857 611 3911 ubi
650 3874 797 3915 care.
844 3858 1039 3927 pisces,
1088 3857 1320 3912 obsonia
1356 3856 1670 3913 vendeban-

515 3936 627 3983 tur.
683 3928 867 3997 Epist.
905 3929 951 3997 1,
990 3931 1077 3996 15,
1118 3931 1202 3983 31.
1266 3928 1489 3984 Terent.
1527 3930 1672 3983 Eun.

513 4000 587 4069 11,
624 4002 677 4064 2,
714 4002 814 4055 24:
866 3998 977 4068 „ad
1020 4001 1319 4055 macellum
1366 4002 1464 4055 ubi
1506 4001 1672 4055 adve-

514 4072 719 4139 nimus,
747 4072 1098 4127 Concurrunt
1122 4072 1258 4127 laeti
1284 4072 1421 4127 mihi
1446 4073 1673 4127 obviam

516 4142 904 4214 cuppedinarii
962 4162 1174 4214 omnes,
1220 4144 1447 4212 cetarii,
1513 4144 1670 4211 lanii,

514 4216 699 4287 coqui,
736 4215 995 4279 fartores,
1033 4216 1393 4286 piscatores.“
1431 4245 1495 4255 —
1521 4214 1674 4286 Quid

513 4294 629 4343 tum
644 4286 691 4355 ,91
734 4286 1002 4341 Meinekii
1050 4287 1429 4343 coniecturam
1480 4293 1542 4341 ut
1587 4303 1670 4343 ve-

514 4376 637 4415 nere
669 4358 823 4429 freq„
870 4359 1188 4428 probarunt
1228 4358 1456 4413 Linker.
1494 4358 1671 4413 Muel-

515 4429 616 4486 ler.
656 4428 867 4494 Lehrs„
914 4431 1227 4486 reiecerunt
1264 4429 1495 4485 Teuffel.
1536 4428 1672 4485 Hol-

515 4502 634 4557 der.
662 4501 923 4557 Doederl.
962 4500 1070 4573 Qui
1105 4518 1223 4557 cum
1240 4500 1425 4559 Bentl.
1454 4507 1513 4557 et
1549 4520 1674 4557 cum

517 4590 584 4627 eo
610 4572 835 4627 Miiller.
858 4573 1144 4627 Ecksteiu.
1184 4603 1247 4614 —-
1286 4572 1429 4645 leno]
1470 4574 1676 4644 „Apud

1760 2640 2113 2695 luxuriosum
2172 2641 2300 2693 leno
2359 2639 2608 2709 primum
2664 2638 2909 2707 loquitur

1761 2717 2032 2783 tanquam
2078 2716 2350 2781 patronus
2397 2712 2648 2765 omnium
2687 2709 2904 2767 nebulo-

1761 2784 1948 2839 num.“
1993 2783 2202 2837 Comm.
2239 2783 2406 2851 Cruq.
2445 2811 2516 2823 --
2554 2780 2818 2851 Lucana]
2851 2780 2908 2834 In

1761 2856 1998 2911 saltibus
2035 2854 2321 2910 Lucaniae
2365 2855 2566 2923 optimi
2612 2854 2769 2923 apri;
2821 2850 2908 2906 cfr.

1763 2927 1880 2983 Sat.
1915 2926 1990 2989 ΙΙ,
2029 2927 2082 2993 8,
2119 2929 2171 2981 6.
2212 2955 2279 2965 -
2315 2924 2560 2995 hiberno]
2595 2924 2668 2979 cf.
2707 2924 2826 2979 Sat.
2847 2920 2909 2985 11,

1763 2998 1814 3063 2,
1838 3002 1921 3052 17.
1949 3028 2017 3038 —
2036 3000 2216 3067 pisces
2250 2994 2446 3065 verris]
2487 2997 2822 3053 everriculo.
2849 3020 2907 3033 -

1761 3070 1961 3140 scynis]
2001 3069 2358 3126 acerbissime
2395 3069 2608 3123 dictum
2647 3073 2716 3123 ut
2753 3080 2906 3135 supra

1763 3159 1816 3196 v.
1837 3144 1942 3195 233
1968 3156 2186 3210 aequm.
2221 3170 2280 3179 —-
2309 3140 2507 3211 decies]
2543 3144 2786 3194 centena
2820 3136 2905 3217 ¹¹1⁵?

1761 3212 1841 3267 lia
1907 3212 2244 3269 sestertium.
2302 3239 2369 3250 —
2430 3210 2656 3282 Aesopi]
2715 3210 2906 3279 tragici

1763 3286 1970 3339 actoris
2009 3289 2067 3339 et
2088 3283 2371 3339 Ciceronis
2408 3283 2594 3338 amici.
2621 3312 2692 3323 -
2729 3278 2905 3337 Melet

1761 3356 1864 3425 lae]
1919 3355 2158 3411 Caecilia
2205 3354 2454 3421 Metella,
2493 3371 2640 3409 uxor
2685 3352 2753 3407 P.
2793 3353 2906 3407 Gor·

1761 3428 1896 3481 nelii
1945 3426 2176 3482 Lentuli
2229 3425 2566 3495 Spintheris,
2621 3423 2906 3495 repudiata

1764 3499 1835 3553 ab
1873 3515 1938 3554 eo
1977 3517 2027 3553 a.
2063 3517 2118 3553 u.
2154 3514 2202 3553 c.
2241 3500 2365 3552 ¹709.
2391 3526 2460 3537 —
2485 3496 2741 3566 solidum]
2785 3498 2904 3551 iute-

1761 3588 1922 3640 gram
1993 3588 2268 3625 summam
2347 3568 2532 3624 decies
2599 3568 2902 3623 sestertium

1763 3644 1962 3707 (16000
1997 3641 2162 3697 Mark
2199 3640 2410 3709 Germ.)
2451 3640 2598 3695 Plin.
2635 3640 2704 3695 N.
2723 3640 2798 3693 H.
2821 3636 2902 3701 IX,

1761 3717 1832 3769 35
1871 3714 1971 3768 ubi
1991 3712 2346 3782 Cleopatram
2377 3712 2695 3767 detractum
2733 3730 2806 3765 ex
2841 3708 2902 3763 al-

1765 3790 1888 3841 tera
1913 3784 2164 3839 auricula
2188 3784 2449 3838 unionem
2479 3788 2638 3839 aceto
2675 3783 2902 3838 dilutum

1767 3856 2116 3912 absorbuisse
2153 3860 2213 3911 ct
2247 3856 2328 3911 sic
2363 3870 2474 3909 uno
2507 3856 2716 3909 haustu
2738 3854 2903 3909 decies

1763 3929 2084 3985 sestertium
2159 3927 2565 3995 consumpsisse
2635 3924 2901 3987 narravit,

1765 3999 2330 4140 amaritia
2351 3994 2903 4125 {samm}

1765 4143 2022 4215 tragoedi
2071 4142 2284 4212 Aesopi
2338 4140 2508 4209 filius,
2558 4142 2794 4196 relictus
2843 4137 2900 4193 ab

1765 4233 1832 4269 eo
1868 4216 1926 4268 in
1965 4214 2168 4283 amplis
2204 4213 2404 4282 opibus
2455 4212 2672 4267 heres.“
2725 4240 2790 4253 -
2829 4224 2900 4265 a·

1765 4286 2013 4357 sorberet]
2075 4284 2191 4339 Alii
2237 4290 2305 4339 ut
2352 4283 2596 4339 Orellius
2642 4303 2712 4339 ex
2761 4280 2898 4339 codd.

1767 4358 2078 4419 absorberet,
2117 4356 2217 4411 alii
2253 4356 2560 4412 absorbe-et
2594 4362 2662 4410 ut
2681 4352 2899 4411 Fritsch-

1768 4429 2006 4499 Kriiger.
2066 4428 2348 4483 Eckstein.
2417 4427 2640 4483 Miiller.
2694 4426 2896 4483 Holder.

1767 4501 1974 4557 Keller.
2052 4500 2330 4568 Cruquius
2411 4505 2604 4555 tamen
2679 4499 2896 4555 exsorbe-

1767 4578 1875 4641 ret,
1939 4572 2010 4627 de
2091 4571 2204 4625 suis
2287 4570 2445 4625 codd.
2516 4570 2662 4625 nihil
2733 4570 2897 4625 admo-
