3092 5059
140 2685 153 2696 -
224 2649 343 2703 tius
368 2651 437 2703 A.
473 2650 659 2706 Veter.

1094 238 1259 306 LIB.
1298 240 1349 305 1.
1392 237 1666 305 EPIST.
1705 237 1759 304 1.

2498 234 2624 300 495

328 429 605 504 Peccet
654 427 753 504 ad
798 441 1222 505 extremum
1270 426 1640 505 ridendus
1693 439 1770 502 et
1817 426 1954 501 ilia
2007 419 2312 500 dueat.“

247 585 298 624 ιο
331 552 401 627 N
405 578 553 628 unc
594 553 853 651 itaque
904 565 979 628 et
1027 579 1297 629 versus
1351 565 1427 627 et
1477 565 1734 628 cetera
1780 551 2082 626 ludicra
2129 572 2376 645 pon03

331 674 537 767 Quid
560 701 827 752 verum
848 689 1077 775 atque
1097 676 1377 752 decens
1398 701 1584 752 curo
1597 689 1676 752 et
1691 699 1884 776 rogo
1908 687 1982 752 et
1995 674 2238 750 omnis
2261 673 2343 747 in
2360 672 2510 746 hoc
2535 695 2728 765 sum3

335 801 607 878 Condo
662 815 737 876 et
794 827 1175 899 compono
1230 827 1429 900 quae
1474 829 1658 878 mox
1712 803 2172 902 depromere
2216 800 2531 897 possim.

333 927 449 1002 Ac
500 951 599 1002 ne
652 927 859 1003 sorte
906 951 1159 1026 roges,
1218 951 1371 1026 quo
1425 951 1552 1003 me
1604 917 1822 1022 duce,
1879 949 2034 1024 quo
2086 925 2286 1001 Lare
2333 935 2575 1000 tuter:

328 1049 637 1126 Nullius
691 1051 1051 1129 addictus
1103 1052 1361 1128 iurare
1409 1051 1490 1126 in
1534 1053 1776 1127 verba
1827 1052 2199 1150 magistri,

247 1207 299 1248 us
339 1173 511 1266 Quo
566 1203 691 1252 me
742 1201 1075 1275 cumque
1124 1176 1328 1275 rapit
1370 1189 1808 1276 tempestae,
1865 1177 2179 1252 deferor
2231 1174 2550 1275 hospes3

224 1449 352 1486 rem
387 1449 536 1488 nova
568 1433 839 1490 inlustrat
870 1435 1135 1506 imagine,
1164 1439 1389 1506 sumpta

225 1521 297 1559 ea
334 1505 561 1574 quidem
598 1524 632 1561 a
674 1506 852 1561 nobili
888 1525 1051 1576 equ0,
1091 1509 1189 1577 qui
1221 1525 1387 1578 saepe

224 1572 581 1648 ἀεθλοφόρος
602 1593 673 1632 ne
696 1595 983 1634 senescens
1009 1579 1233 1649 quidem
1260 1597 1387 1634 cum

226 1648 545 1704 iunioribus
609 1655 892 1704 certamen
954 1651 1234 1706 detrectat
1290 1651 1389 1706 sed

225 1719 465 1775 intentis
526 1721 780 1790 quamvis
847 1723 1103 1777 omnibus
1172 1723 1387 1794 viribus

224 1795 421 1846 tamen
456 1792 703 1850 vincitur
744 1798 803 1848 et
835 1793 1071 1850 ridetur.
1096 1824 1163 1834 —
1181 1793 1387 1864 peccet]

226 1863 508 1931 vincatur,
533 1881 598 1919 eo
625 1882 735 1933 quo
760 1865 901 1920 velit
934 1883 1045 1922 non
1078 1867 1387 1937 perveniat.

230 1933 377 1990 Stat.
422 1935 595 1991 Theb.
638 1937 795 2005 VIII,
842 1937 976 1992 688:
1038 1938 1272 2006 „Cuspis
1328 1937 1389 1990 in

228 2007 573 2077 armigerum
624 2007 929 2079 Phlegyam
973 2010 1278 2079 peccavit.“
1319 2038 1386 2048 -

223 2077 337 2132 aia
384 2077 577 2148 ducat]
634 2079 919 2134 Meineke:
981 2079 1125 2149 „Ilia
1185 2081 1388 2135 ducere

224 2166 342 2202 non
379 2149 661 2220 significat
695 2152 957 2221 spiritum
994 2169 1061 2206 ex
1090 2151 1261 2206 ilibus
1286 2153 1385 2206 du·

228 2237 374 2286 cere,
412 2222 562 2291 quod
600 2239 712 2292 quo
744 2224 895 2278 facto
928 2223 1053 2278 fieri
1085 2225 1268 2308 possit
1290 2224 1387 2278 vix

226 2291 545 2363 intellegas,
584 2295 763 2349 multo
785 2296 973 2349 minus
1005 2295 1135 2364 „die
1156 2293 1387 2350 Lenden

222 2363 520 2419 kenehend
580 2367 933 2436 schleppen,“
1006 2367 1104 2421 sed
1169 2367 1239 2422 de
1302 2367 1384 2420 iu-

224 2436 435 2489 mentis
477 2435 705 2506 dicitur,
752 2455 991 2507 quorum
1036 2438 1137 2492 ilia
1174 2438 1387 2494 crebris

223 2506 481 2575 pulsibus
518 2508 824 2564 tenduntur
852 2526 1157 2579 rursusque
1192 2510 1384 2566 remit-

223 2583 446 2632 tuntur.
492 2577 634 2634 Rem
678 2581 890 2706 ‹zptime
926 2580 1177 2637 declarat
1209 2581 1383 2652 Vege-

742 2693 757 2720 ,
781 2654 875 2706 64:
915 2671 1114 2721 „nares
1148 2653 1385 2707 iumenti

225 2722 573 2790 praecludes,
608 2729 674 2778 ut
702 2724 961 2793 spiritum
999 2725 1235 2780 reddere
1272 2741 1385 2778 non

224 2793 432 2862 possit:
498 2799 633 2850 tunc
681 2795 779 2850 ilia
829 2797 881 2850 ei
926 2795 1203 2866 inspicies,
1241 2813 1385 2865 quae

228 2865 278 2918 si
316 2866 507 2934 spissis
540 2866 795 2936 pulsibus
822 2867 1063 2935 duxerit,
1102 2871 1241 2922 scito
1269 2885 1386 2922 esse

224 2938 429 2991 tussim
466 2955 535 2992 ex
571 2955 735 2993 causa
780 2939 1057 3006 iecinoris‚
1102 2939 1384 3009 pulmonis

228 3008 323 3062 vel
358 3010 835 3079 praecordiorum,
860 3011 956 3064 sed
993 3014 1296 3065 recentem:
1336 3011 1383 3064 si

227 3080 401 3134 lentis
437 3081 693 3150 pulsibus
729 3083 829 3137 ilia
854 3082 1097 3150 duxerit,
1135 3087 1383 3137 veterem

228 3151 446 3207 indicat
482 3153 735 3208 tussim.“
789 3153 934 3208 Plin.
970 3153 1037 3208 N.
1074 3153 1144 3208 H.
1182 3153 1383 3218 XXVI,

231 3224 331 3276 15:
384 3224 680 3293 „iumentis
717 3243 832 3279 non
866 3224 1233 3280 tussientibus
1268 3243 1383 3280 mo-

228 3294 322 3357 do,
358 3295 457 3350 sed
492 3297 592 3350 ilia
630 3313 849 3366 quoque
879 3297 1286 3352 trahentibus.“
1315 3327 1386 3336 —

223 3365 439 3437 itaque]
477 3367 561 3422 De
584 3369 835 3437 positura
870 3369 1183 3438 particulae
1202 3368 1384 3423 Hand.

228 3437 395 3491 Turs.
451 3437 552 3494 ΠΙ.
602 3455 657 3510 p.
700 3443 831 3494 509:
894 3440 1077 3510 „Livii
1133 3445 1387 3510 tempore

226 3510 502 3578 primaria
538 3511 949 3581 significatione
974 3512 1305 3567 oblitterata
1328 3515 1387 3566 et

223 3582 511 3650 particula
545 3599 649 3651 pro
687 3584 865 3653 iyitur
892 3589 1121 3653 accepta
1150 3585 1385 3653 scripto·

224 3671 317 3707 res
358 3652 507 3707 haud
544 3656 935 3710 contemnendi
974 3673 1096 3710 eam
1144 3655 1386 3710 secundo

226 3725 351 3779 loco
377 3726 469 3780 vel
494 3727 663 3781 tertio
688 3743 897 3796 ponere
925 3727 1383 3783 consueverunt.“

226 3823 298 3837 ·-
335 3796 543 3866 versus]
584 3797 750 3853 Haud
786 3799 956 3854 dubie
1008 3799 1389 3868 intellegenda

224 3872 361 3924 sunt
397 3868 572 3940 lyrica
600 3870 849 3926 carmina
888 3889 921 3924 a
958 3870 1160 3939 quibus
1196 3887 1255 3925 se
1292 3870 1385 3924 ab·

224 3941 439 3995 stinere
496 3941 795 4010 profitetur
855 3949 1047 4012 poeta;
1120 3942 1387 4012 epistulas

225 4013 395 4074 enim,
423 4013 570 4068 ‘tunc
604 4012 787 4082 ipsum
826 4019 1009 4069 totum
1034 4013 1242 4068 librum
1268 4013 1383 4069 edi-

225 4090 416 4151 turus,
482 4083 801 4155 significare
858 4103 973 4140 non
1031 4086 1237 4156 potuit.
1312 4083 1383 4139 cf.

225 4155 411 4224 Epist.
470 4155 543 4224 11,
604 4157 651 4220 1,
713 4157 830 4211 111.
902 4158 973 4224 Π,
1032 4159 1083 4222 2,
1139 4158 1211 4210 54
1262 4173 1383 4225 sqq.

232 4229 332 4280 1-ss
372 4243 489 4296 sqq.
540 4227 586 4296 I,
622 4229 676 4296 ’7,
712 4229 801 4280 27.
845 4227 889 4291 Ι,
934 4231 1017 4290 14,
1056 4230 1143 4283 36.
1200 4227 1381 4282 Canu.

226 4297 329 4360 111.
368 4299 455 4367 26,
492 4299 551 4368 43
610 4316 679 4353 ex
727 4299 929 4367 quibus
976 4299 1111 4354 locis
1166 4299 1385 4354 videbis

228 4387 375 4438 quae
398 4373 586 4424 cetera
624 4369 840 4426 ludicra
875 4371 1102 4426 dixerit.
1146 4397 1213 4411 -—
1256 4387 1389 4426 curo

227 4445 279 4496 et
311 4439 471 4511 roqo]
506 4442 829 4498 meditando
862 4448 921 4497 et
952 4441 1107 4510 alios,
1144 4443 1387 4499 maxime

225 4512 420 4576 libros,
457 4514 811 4568 consulenda
852 4543 917 4554 —
957 4513 1157 4584 omnis]
1195 4513 1310 4570 Sat.
1340 4515 1383 4580 1,

228 4587 283 4654 9,
300 4587 351 4639 2.
380 4611 449 4623 -—
486 4585 765 4657 compono]
802 4584 957 4652 Quae
993 4585 1198 4657 collegi
1228 4585 1386 4657 quasi

1481 1437 1543 1490 in
1577 1436 1722 1492 cella
1754 1435 1846 1490 vel
1873 1435 2076 1490 horreo
2113 1434 2294 1490 condo
2331 1438 2392 1489 et
2427 1433 2636 1489 similia

1480 1508 1758 1562 similibus
1795 1524 2084 1578 compone,
2117 1511 2184 1560 ut
2223 1523 2348 1561 cum
2383 1523 2523 1576 opus
2559 1505 2634 1560 sit

1482 1578 1650 1635 facile
1704 1579 1914 1650 possim
1983 1577 2325 1646 depromere.
2391 1605 2460 1618 -
2529 1593 2633 1646 quo

1482 1651 1634 1708 Lare
1681 1650 1842 1720 tuter]
1893 1649 2288 1719 Metaphoram
2341 1649 2633 1720 intelleges

1483 1740 1552 1777 ex
1577 1721 1754 1776 Carm.
1777 1721 1824 1788 I,
1843 1723 1930 1789 29,
1956 1725 2040 1775 14.
2081 1722 2164 1775 De
2197 1722 2416 1776 ratione
2453 1727 2634 1775 trans·

1482 1794 1652 1849 eundi
1687 1793 1758 1850 cf.
1795 1794 1976 1864 Epist.
2000 1793 2076 1861 II,
2099 1798 2148 1860 1,
2169 1795 2302 1862 208;
2343 1797 2635 1862 praeterea

1481 1865 1732 1919 notanda
1783 1871 1868 1919 est
1922 1865 2372 1934 breviloquentia
2423 1864 2484 1918 in
2537 1863 2632 1918 ad-

1480 1936 1666 1991 denda
1697 1937 1928 2006 apodosi
1962 1941 2022 1992 et
2041 1936 2266 1992 Graecis
2291 1941 2350 1990 et
2367 1936 2634 1990 Romanis

1482 2008 1646 2062 valde
1682 2009 1916 2077 usitata3
1957 2008 2086 2062 vide
2127 2008 2198 2062 ad
2240 2007 2354 2063 Sat.
2373 2007 2450 2076 11,
2474 2010 2522 2076 1,
2546 2008 2634 2060 82.

1481 2078 1637 2134 Haec
1674 2083 1860 2134 autem
1893 2079 2145 2149 libertas,
2181 2095 2350 2148 quam
2373 2080 2434 2132 in
2499 2078 2638 2132 hilo-

1482 2152 1680 2220 sophia
1726 2168 1948 2221 quoque
2001 2151 2110 2206 sibi
2157 2150 2404 2206 servavit
2514 2167 2634 2205 ora-

1480 2224 1613 2291 tius,
1660 2239 1788 2278 cum
1837 2223 1972 2277 satis
2021 2227 2158 2278 nota
2210 2239 2328 2276 esse
2376 2221 2638 2276 debuerit

1480 2294 1810 2360 Maecenati,
1859 2295 1930 2349 ad
1975 2291 2123 2349 bunc
2175 2293 2356 2348 solum
2395 2293 2516 2349 noli
2548 2311 2634 2347 re·

1481 2365 1630 2420 ferre
1670 2365 1905 2420 alteram
1941 2366 2103 2421 verbi
2135 2381 2433 2436 personam
2463 2381 2636 2436 reyes,

1480 2437 1578 2492 sed
1605 2453 2006 2508 quemcumque
2032 2438 2299 2492 lectorem
2324 2436 2634 2522 intellegas.

1481 2539 1553 2548 —
1590 2507 1842 2564 addictus
1905 2508 2151 2564 Verbum
2201 2508 2308 2564 hoc
2343 2525 2635 2578 proprium

1480 2581 1552 2635 de
1574 2581 1657 2645 iis,
1682 2579 1778 2648 qui
1804 2599 1833 2636 e
1875 2581 1988 2635 icto
2001 2582 2279 2651 praetoris
2297 2580 2368 2635 ob
2389 2597 2478 2634 aes
2502 2580 2634 2634 alie-

1480 2669 1616 2706 num
1643 2652 2014 2707 creditoribus
2035 2654 2195 2722 quasi
2221 2653 2281 2706 in
2308 2653 2636 2706 servitutem

1483 2724 1782 2786 dabantur,
1805 2724 2142 2779 translatum
2161 2729 2246 2779 est
2266 2725 2340 2779 ad
2358 2723 2634 2795 gladiato·

1479 2813 1569 2850 res
1597 2795 1736 2865 (Sat.
1755 2795 1828 2858 11,
1853 2798 1904 2864 7,
1931 2797 2026 2865 58)
2056 2797 2126 2850 ab
2155 2797 2223 2850 iis
2263 2813 2332 2850 ue
2359 2795 2429 2850 ad
2454 2795 2634 2866 philo·

1480 2867 1683 2938 sophos
1731 2869 1786 2919 h.
1831 2867 1868 2921 l.
1924 2867 2173 2922 ductum.
2225 2815 2400 2922 qucit
2446 2871 2634 2922 autem

1479 2944 1646 3008 poeta
1700 2937 1846 2992 nihil
1901 2937 2057 2992 aliud
2105 2939 2214 2992 nisi
2261 2939 2392 2994 hoc:
2453 2953 2634 3007 „nunc

1482 3009 1696 3066 Stoicos
1735 3011 1878 3080 lege,
1915 3027 2038 3064 cum
2081 3009 2264 3079 iisque
2300 3011 2504 3081 agendi
2540 3027 2632 3064 cu-

1478 3081 1628 3151 pidis
1664 3081 1880 3152 (cyitis)
1916 3081 2212 3150 πρακτικὸς
2237 3099 2364 3137 sum
2390 3082 2637 3150 philoso-

1478 3154 1624 3222 phus
1673 3158 1731 3208 et
1776 3149 2130 3224 πολιτεύομαι
2173 3155 2448 3223 videoque
2497 3151 2634 3223 quid

1480 3225 1568 3279 illi
1615 3226 1794 3279 severi
1844 3243 2010 3280 verae
2048 3227 2277 3280 virtutis
2315 3226 2542 3280 comites
2580 3229 2640 3279 et

1480 3297 1750 3352 satellites
1787 3297 1857 3352 de
1890 3298 2055 3352 rebus
2092 3296 2333 3367 publicis
2367 3296 2637 3367 praescri-

1478 3368 1636 3434 bant,
1685 3372 1749 3422 ut
1793 3369 1999 3438 singuli
2045 3369 2298 3424 homines
2348 3370 2638 3423 universae

1479 3439 1651 3494 saluti
1689 3457 1854 3509 quam
1882 3441 2094 3508 optime
2129 3440 2456 3510 inserviant,
2490 3457 2639 3494 nunc

1478 3513 1666 3566 nescio
1705 3529 1815 3580 quo
1852 3512 2018 3566 modo
2051 3513 2288 3582 (furtim)
2314 3511 2538 3567 deferor
2566 3510 2638 3565 ad

1481 3583 1812 3652 Cyrenaicos
1881 3581 2210 3654 (ἡδονικοὺς)
2273 3602 2398 3639 cum
2457 3583 2638 3651 iisque

1474 3654 1720 3708 meditor
1784 3655 1853 3708 de
1917 3655 2098 3709 otiosa
2155 3659 2212 3709 et
2277 3655 2446 3710 beata
2499 3654 2636 3720 vita,

1477 3731 1666 3795 spreto
1716 3743 1904 3780 rerum
1951 3731 2008 3780 et
2055 3725 2344 3782 hominum
2397 3725 2634 3795 imperio

1475 3797 1782 3867 paranda.“
1841 3797 2024 3866 Epist.
2061 3797 2107 3866 1,
2145 3800 2228 3861 17,
2267 3800 2351 3851 23.
2407 3797 2524 3850 Sat.
2562 3795 2637 3864 11,

1478 3871 1531 3938 3,
1575 3872 1691 3923 100.
1769 3868 1851 3922 De
1890 3869 2092 3924 Stoicis
2139 3869 2211 3924 cf.
2249 3870 2361 3922 Cic.
2399 3867 2468 3924 de
2510 3865 2637 3923 Fin.

1476 3939 1580 4026 III,
1617 3941 1706 4010 20,
1744 3941 1839 3994 67:
1899 3940 2230 4010 „Praeclare
2280 3942 2428 3994 enim
2466 3939 2637 4024 (Jhry-

1479 4013 2638 4155 {2112135’s003253m33203mattam¹323?

1480 4155 1776 4210 munitatis
1830 4159 1888 4210 et
1941 4156 2224 4211 societatis
2278 4172 2434 4224 suae;
2502 4172 2638 4223 quo·

1478 4229 1743 4298 uiamque
1772 4243 1838 4282 ea
1873 4233 2078 4282 natura
2103 4231 2246 4282 esset
2280 4227 2538 4292 hominis,
2573 4230 2640 4282 ut

1482 4299 1533 4354 ei
1573 4317 1699 4355 cum
1734 4315 1938 4369 genere
1985 4301 2226 4354 humano
2275 4301 2432 4368 quasi
2473 4297 2640 4354 civile

1482 4371 1570 4425 ius
1607 4371 1994 4440 intercederet,
2042 4371 2138 4440 qui
2187 4371 2247 4424 id
2284 4373 2640 4425 conservaret

1483 4461 1609 4498 eum
1654 4443 1879 4510 iustum,
1927 4443 2025 4511 qui
2061 4442 2332 4514 migraret
2369 4442 2640 4495 iniustum

1482 4515 1655 4569 fore.“
1707 4543 1774 4554 —
1831 4513 2060 4584 deferor]
2121 4513 2352 4569 Constat
2395 4515 2454 4567 in
2501 4513 2638 4567 ima·

1482 4587 1634 4658 gine,
1692 4585 1752 4640 in
1811 4601 1977 4655 quam
2026 4585 2302 4642 vocabulo
2351 4590 2642 4655 tempestas
