3092 5059
466 234 592 299 624

1535 235 1791 300 LIBER

564 419 750 494 Post
802 421 1031 498 etiam
1089 420 1385 496 inclusa
1436 431 1551 495 est
1598 420 1763 494 voti
1810 418 2187 494 sententia
2232 427 2585 514 compos3

566 544 756 637 Quis
807 558 1064 624 tamen
1117 546 1438 644 exiguos
1489 544 1753 644 elegos
1806 545 2147 620 emiserit
2196 557 2485 636 auctor,

565 669 1074 748 Grammatici
1126 683 1422 747 certant
1471 684 1550 746 et
1598 670 1855 746 adhuc
1906 670 2047 746 sub
2098 669 2357 746 iudice
2398 667 2495 742 lis
2550 681 2699 743 est.

566 796 1122 872 Archilochum
1177 797 1495 897 proprio
1550 796 1803 872 rabies
1854 796 2183 872 armavit
2228 795 2529 892 iambo3

483 957 534 996 so
571 921 802 998 Hunc
851 923 1058 998 socci
1107 947 1380 1021 cepere
1433 919 1715 1020 pedem
1762 920 2255 1021 grandesque
2304 920 2695 1017 cothurni,

568 1046 911 1124 Alternis
961 1060 1223 1147 aptum
1275 1046 1755 1123 sermonibus
1809 1058 1884 1122 et
1932 1045 2351 1145 populares

569 1175 1018 1250 Vincentem
1075 1173 1438 1273 strepitus
1493 1185 1569 1250 et
1592 1149 1600 1161 ’
1620 1185 1881 1248 natum
1934 1172 2163 1248 rebus
2215 1171 2563 1271 agendis.

567 1299 792 1374 Musa
844 1297 1060 1374 dedit
1105 1299 1387 1374 fidibus
1441 1298 1661 1374 divos
1712 1323 2145 1398 puerosque
2196 1297 2517 1374 deorum

565 1425 664 1499 Et
715 1423 1054 1523 pugilem
1109 1423 1480 1500 victorem
1532 1438 1611 1502 et
1660 1449 1948 1524 equum
1994 1424 2411 1500 certamine
2462 1423 2815 1523 primum

480 1583 531 1625 ει
565 1549 664 1624 Et
711 1548 1076 1624 iuvenum
1129 1573 1352 1624 curas
1405 1560 1480 1623 et
1527 1546 1775 1624 libera
1826 1547 2005 1622 vina
2045 1547 2364 1623 referre.

565 1674 1001 1772 Descriptas
1047 1698 1353 1749 servare
1398 1674 1605 1748 vices
1660 1696 2136 1770 operumque
2182 1670 2477 1746 colores

569 1797 731 1874 Cur
783 1823 926 1896 ego
981 1800 1046 1874 si
1097 1823 1395 1898 nequeo
1450 1799 1887 1896 ignoroque
1939 1809 2169 1894 poeta
2220 1795 2553 1870 salutor?

567 1923 727 2001 Cur
775 1925 1074 2000 nescire
1129 1924 1430 2024 pudens
1473 1949 1715 2024 prave
1770 1947 2002 2020 quam
2056 1921 2352 1996 discere
2404 1919 2675 1995 malo?

569 2047 940 2146 Versibus
987 2051 1264 2148 exponi
1317 2049 1629 2148 tragicis
1681 2074 1802 2123 res
1852 2047 2146 2122 comica
2198 2073 2353 2122 non
2405 2045 2609 2142 vult3

485 2210 535 2250 ιο
569 2173 1026 2270 Indignatur
1075 2177 1255 2251 item
1315 2175 1635 2272 privatis
1688 2200 1779 2250 ac
1830 2199 2076 2274 prope
2128 2199 2351 2248 socco

568 2300 839 2397 Dignis
893 2301 1358 2376 carminibus
1405 2300 1704 2376 narrari
1757 2325 1946 2375 cena
1996 2299 2399 2396 Thyestae.

467 2502 639 2556 minis
689 2520 756 2558 ea
797 2503 944 2558 ratio
989 2504 1181 2572 fuerit,
1227 2509 1292 2559 ut
1335 2510 1619 2574 pentame-

469 2579 690 2629 trorum
741 2575 1021 2644 posterior
1077 2593 1210 2646 pars
1263 2576 1402 2632 haec
1448 2581 1615 2630 esset.

467 2643 496 2699 ἓ
537 2644 564 2699 ἓ
601 2644 716 2715 λέγ’
753 2646 780 2699 ἒ
817 2647 844 2699 ἒ
881 2650 1024 2716 λέγε.
1085 2647 1178 2701 Illi
1213 2647 1392 2718 igitur
1427 2665 1621 2702 versus

469 2721 622 2772 recte
657 2717 796 2771 dicti
847 2723 979 2772 sunt
1015 2720 1206 2788 ἔλεγοι.
1215 2719 1240 2748 “
1317 2719 1620 2774 Hermann.

467 2817 541 2828 -
595 2787 726 2858 vota]
774 2789 1134 2860 Significatur
1179 2792 1372 2874 elegia
1397 2787 1622 2859 ἐρωτικὴ

471 2877 506 2914 a
541 2859 878 2915 Mimnermo
925 2862 1106 2929 culta;
1152 2861 1224 2916 cf.
1265 2862 1448 2932 Epist.
1485 2862 1530 2929 1,
1568 2865 1622 2926 6,

470 2931 758 2999 65.11,2,
799 2933 1020 2986 101.-—
1058 2934 1282 3004 εωίραοε
1315 2933 1504 3004 elegos]
1541 2937 1620 2988 te·

469 3019 608 3057 nues
667 3009 726 3057 et
783 3004 1043 3069 humiles,
1113 3007 1160 3060 si
1223 3009 1621 3076 comparantur

469 3091 596 3128 cum
633 3075 778 3144 epici
813 3077 1072 3130 carminis
1109 3078 1406 3148 gravitate.
1445 3076 1623 3132 Orion

470 3163 526 3215 p.
575 3147 668 3199 58.
745 3143 1025 3216 „15:592er
1094 3149 1156 3202 δὲ
1227 3150 1324 3202 τοῦ
1385 3150 1622 3218 ἐλεγείου

472 3220 652 3288 φασὶν
687 3221 741 3270 οἱ
773 3220 886 3290 μὲν
927 3217 1026 3273 τὸν
1054 3214 1408 3291 ’,Λρχίλοχον
1459 3223 1514 3273 οἱ
1556 3219 1621 3274 δὲ

470 3293 837 3378 Μίμνερμον,
881 3294 934 3344 οἱ
979 3292 1042 3344 δὲ
1082 3294 1355 3346 Καλλῖνον
1393 3286 1621 3345 παλαιό-

469 3376 652 3428 τερον·
691 3357 830 3416 οὕτω
850 3363 1100 3435 Δίδυμος
1135 3363 1382 3464 (Horatii
1421 3381 1621 3432 aequa·

471 3431 564 3499 lis)
615 3432 678 3486 ἔν
721 3435 797 3502 τῷ
847 3451 916 3488 πε
955 3439 974 3486 ὶ
1029 3436 1322 3500 ποιητῶν.“
1395 3434 1621 3490 Terent.

467 3503 652 3587 Maur.
679 3506 842 3560 1721.
964 3511 1332 3562 entametrum
1359 3507 1625 3560 dubitant

469 3575 572 3644 qui
607 3577 822 3645 primus
857 3577 1088 3633 finxerit
1125 3584 1342 3632 auctor.
1381 3577 1623 3646 Quidam

471 3665 586 3701 non
654 3648 921 3704 dubitant
991 3649 1176 3706 dicere
1253 3649 1621 3704 Callinoum.“

473 3717 738 3774 Omnium
795 3737 938 3790 quae
981 3722 1055 3775 ad
1097 3738 1199 3775 nos
1247 3725 1621 3791 pervenerunt

471 3791 862 3860 antiquissima
905 3794 1086 3864 elegia
1135 3799 1220 3847 est
1255 3793 1456 3848 Callini
1493 3793 1626 3863 (730

471 3864 563 3916 vel
613 3865 718 3917 685
767 3881 818 3920 a.
858 3864 1026 3934 Cim).
1085 3893 1152 3906 -
1209 3864 1601 3920 Archilochum

472 3933 654 4003 Epod.
681 3937 733 4002 6,
764 3937 843 3989 13.
869 3935 1050 4005 Epist.
1077 3935 1118 4005 1,
1148 3939 1230 3998 19,
1255 3937 1342 3991 25.
1369 3967 1432 3976 -
1455 3937 1599 3991 socci

472 4005 652 4075 Epist.
692 4007 766 4075 ΙΙ,
810 4011 856 4075 1,
901 4010 1018 4062 174.
1057 4007 1136 4063 Ut
1167 4008 1471 4064 cothurnus
1509 4013 1625 4062 tra·

471 4077 732 4148 goediam
783 4079 868 4133 ita
915 4095 1106 4135 soccus
1151 4080 1495 4136 comoediam
1539 4081 1623 4133 in·

471 4149 640 4205 dicat.
685 4179 757 4190 -
803 4152 1056 4236 alternis]
1091 4153 1327 4208 Aristot.
1364 4152 1516 4207 Poet.
1560 4155 1621 4204 4·

471 4216 774 4292 ,,Μάλιστα
827 4221 1072 4278 λεκτικὸν
1119 4225 1231 4278 τῶν
1285 4228 1504 4307 μέτρων
1560 4221 1621 4276 τὸ

471 4261 731 4363 ὶαμβεῖόν
779 4293 954 4349 ἔστιν·
1013 4301 1246 4366 σημεῖον
1289 4295 1354 4348 δὲ
1405 4291 1621 4348 τούτου·

473 4367 704 4418 πλεῖστα
747 4363 854 4436 γὰρ
903 4370 1170 4454 ἰαμβεῖα
1177 4371 1416 4438 λέγομεν
1462 4368 1526 4420 ἐν
1562 4367 1624 4439 τῇ

471 4437 737 4505 διαλέκτῳ
769 4439 830 4510 τῇ
869 4457 904 4490 n
911 4457 1009 4508 ρος
1041 4432 1312 4507 alitibus,
1358 4433 1625 4508 ἑξάμετρα

476 4506 541 4558 δὲ
598 4455 892 4576 ὀλιγακιςμ
911 4459 1078 4565 pecie.
1135 4508 1292 4564 Orat.
1352 4511 1440 4574 57,
1494 4510 1619 4562 191:

479 4595 611 4648 „pes
665 4579 934 4635 iambicus
979 4581 1222 4636 orationi
1279 4549 1623 4650 simillimus3

1714 2520 1825 2572 qua
1860 2502 1931 2557 de
1955 2520 2123 2559 causa
2156 2501 2299 2570 fieri,
2326 2508 2391 2557 ut
2427 2501 2473 2556 is
2510 2503 2875 2572 potissimum

1714 2579 1949 2644 propter
1996 2574 2425 2628 similitudinem
2467 2576 2737 2630 veritatis
2786 2576 2877 2630 ad-

1714 2647 1975 2700 hibeatur
2030 2646 2091 2700 in
2140 2645 2405 2700 fabulis.“
2464 2673 2531 2684 -—
2594 2645 2877 2716 strepitus]

1712 2717 1981 2772 clamores
2014 2717 2261 2802 „populi,
2298 2717 2359 2771 id
2395 2722 2497 2785 eat,
2536 2719 2751 2772 clarius
2790 2735 2874 2772 re·

1714 2795 2001 2843 sonantem
2053 2791 2113 2842 in
2154 2806 2350 2844 scaena
2386 2806 2555 2858 quam
2594 2790 2877 2844 tumultus

1713 2862 2002 2930 popularis
2068 2865 2320 2915 resonet:
2390 2861 2530 2915 tales
2602 2865 2725 2915 stre
2764 2861 2878 2916 itus

1716 2933 1927 2987 excitat
1946 2933 2053 2986 iste
2074 2933 2205 3002 pes!
2210 2933 2473 2986 ιΟοιιιιιι.
2487 2929 2663 3002 Cruq.
2756 2934 2877 2986 uin·

1712 3005 1799 3058 til.
1838 3003 1936 3065 IX.
1972 3005 2188 3073 4,136:
2229 3007 2483 3074 „Aspera
2518 3004 2725 3059 iambis
2762 3023 2881 3058 ma·

1714 3076 1864 3130 xime
1914 3076 2286 3138 concitantur,
2336 3091 2449 3130 non
2496 3075 2679 3129 solum
2727 3075 2879 3144 quod

1714 3152 1845 3202 sunt
1880 3165 1911 3202 e
1952 3147 2168 3202 duabus
2214 3147 2381 3202 modo
2428 3146 2659 3215 syllabis
2696 3163 2877 3217 eoque

1714 3218 2151 3288 frequentiorem
2192 3219 2353 3287 quasi
2381 3219 2605 3288 pulsum
2642 3219 2875 3287 habent,

1715 3307 1857 3360 quae
1903 3308 1993 3346 res
2042 3291 2265 3345 lenitati
2300 3292 2589 3345 contraria
2632 3297 2738 3355 eet,
2774 3291 2875 3346 sed

1715 3363 1885 3417 etiam
1924 3363 2075 3431 quod
2112 3362 2371 3417 omnibus
2408 3361 2647 3432 pedibus
2692 3363 2877 3417 insur-

1712 3439 1882 3504 gunt,
1940 3440 2000 3488 et
2048 3453 2082 3489 a
2124 3434 2391 3489 brevibus
2436 3435 2497 3488 in
2542 3434 2743 3504 longas
2786 3435 2877 3488 ni·

1712 3511 1916 3560 tuntur
1954 3511 2010 3560 et
2046 3511 2322 3560 crescunt.
2326 3506 2360 3536 ‘⁴
2403 3535 2466 3546 —-
2518 3507 2679 3560 rebus
2714 3521 2879 3576 oyen-

1715 3574 2873 3666 disJAristot.Poet.24,1o:„16'31142

1715 3648 1887 3736 βικὸν
1936 3653 2028 3701 καὶ
2072 3666 2436 3733 τετραμετρον
2490 3667 2751 3714 tamenta,
2814 3669 2875 3702 ιο

1714 3721 1825 3791 μὲν
1860 3715 2208 3791 ὀρχηστικόι,
2244 3721 2307 3774 τὸ
2344 3720 2409 3774 δὲ
2448 3715 2876 3788 npoexnaedrf‘

1723 3821 1785 3832 —-·
1812 3791 1971 3847 divos
1990 3761 2315 3862 puerosque]
2360 3792 2691 3846 Indicantur
2716 3793 2877 3846 varia

1719 3864 1927 3934 lyricae
1961 3864 2145 3933 poesis
2174 3881 2400 3934 genera.
2446 3863 2518 3919 cf.
2558 3863 2743 3919 Garm.
2781 3863 2873 3928 IV,

1718 3937 1883 3998 2,10
1920 3954 2041 4006 sqq.
2084 3965 2147 3976 -
2188 3937 2361 3991 libera
2400 3935 2551 4004 vina]
2587 3935 2707 3990 Sat.
2744 3935 2787 4002 1,
2824 3938 2875 4004 4,

1716 3975 1802 4062 89.
1859 4007 1932 4075 ΙΙ,
1981 4011 2032 4074 8,
2071 4009 2156 4062 37.
2208 4037 2275 4046 -—
2308 3993 2657 4078 descriptas]
2707 4009 2873 4062 certis

1718 4079 1935 4150 legibus
1970 4047 2195 4141 divisas,
2240 4084 2309 4133 ut
2344 4096 2507 4133 suum
2544 4080 2745 4147 cuique
2780 4097 2871 4150 ge·

1716 4151 1839 4206 neri
1886 4155 2129 4204 metrum
2174 4151 2541 4206 constitutum
2596 4152 2690 4204 sit.
2764 4151 2874 4206 cic.

1718 4223 1837 4278 Cat.
1866 4223 1995 4277 mai.
2025 4224 2075 4285 2,
2098 4225 2145 4276 6.
2186 4223 2283 4276 ubi
2322 4222 2395 4277 cf.
2432 4221 2871 4277 Sommerbrodt.

1718 4293 1813 4348 Sic
1850 4295 2020 4349 etiam
2040 4293 2391 4364 Peerlkamp.
2420 4293 2631 4347 Keller.
2652 4293 2871 4348 Mulier.

1720 4365 2068 4433 Doederlinq
2106 4365 2317 4434 discrip
2321 4373 2409 4420 tas
2428 4364 2715 4420 Eckstein.
2752 4383 2873 4420 cum

1717 4437 2059 4492 Buechelero
2084 4437 2249 4506 (Mus.
2270 4435 2451 4492 Bhen.
2472 4437 2625 4492 XIII.
2648 4454 2705 4507 p.
2728 4439 2871 4506 598).

1720 4539 1788 4549 -
1842 4507 2059 4579 colores]
2108 4508 2182 4563 cf.
2220 4527 2273 4564 v.
2312 4511 2439 4564 236.
2494 4539 2565 4549 —
2614 4508 2867 4578 privam]

1718 4597 1971 4636 sermone
2031 4597 2101 4636 ex
2160 4581 2473 4636 cottidiana
2534 4597 2603 4636 ac
2656 4581 2869 4653 vulgari
