3092 5059
983 225 1143 291 LIB.
1187 223 1237 290 1.
1281 221 1468 290 SAT.
1515 221 1668 287 VII.
1715 221 1887 288 VIII.

2526 221 2651 285 399

341 414 713 492 Cessisset
761 435 1050 510 magna
1099 409 1571 509 compellans
1624 433 1813 486 voce
1868 409 2245 486 cuculum.

340 540 446 615 At
497 543 864 635 Graecus,
923 551 1336 638 postquam
1389 549 1502 612 est
1550 535 1749 611 Italo
1800 535 2159 634 perfusus
2210 546 2453 630 acet0,

336 663 644 740 Persius
698 662 1116 740 exclamat:
1163 661 1362 756 „Per
1411 685 1759 759 magnos,
1814 660 2074 755 Brute,
2130 657 2338 755 deos,
2396 671 2472 732 te

344 785 530 884 Orc,
588 789 720 888 qui
775 811 997 886 reges
1049 786 1440 862 consueris
1491 785 1791 882 tollere,
1844 810 1980 860 cur
2031 808 2187 858 non

255 943 307 984 ss
343 912 876 1010 HuncRegem
891 911 1232 1008 iugulas?
1248 910 1599 1011 Operum
1611 909 1978 1006 hoc‚mihi
1990 907 2553 1004 crede,tuorum
2570 901 2753 979 est.“

1352 1143 1551 1151 —————

1141 1289 1472 1378 SA'rmA
1535 1289 1750 1374 VIII.

348 1471 559 1550 Olim
611 1486 926 1548 truncus
980 1498 1191 1548 eram
1235 1471 1603 1568 ficulnus3
1658 1470 1931 1547 inutile
1980 1469 2305 1569 lignum,

354 1599 547 1677 Cum
597 1599 818 1675 faber
870 1599 1211 1673 incertus
1263 1623 1655 1673 scamnum
1714 1597 2103 1672 faceretne
2154 1595 2519 1696 Priapum

351 1723 626 1798 Maluit
677 1748 840 1798 esse
894 1721 1166 1816 deum3
1235 1721 1422 1798 dene
1473 1721 1659 1797 inde
1713 1746 1884 1820 ege,
1933 1707 2189 1797 furum
2246 1721 2663 1821 aviumque

349 1849 687 1923 Maxima
737 1848 1124 1923 formido:
1179 1874 1360 1923 nam
1411 1847 1621 1924 fures
1677 1847 1943 1924 dextra
2000 1857 2309 1924 coercet

245 2089 318 2126 ex
374 2071 634 2126 omnibus
689 2087 866 2142 prope
921 2071 1079 2126 codd.
1135 2089 1240 2141 pro
1284 2087 1405 2126 con·

238 2144 439 2214 mh}
493 2148 560 2198 ut
610 2144 710 2197 sit:
767 2143 978 2214 quippe
1035 2145 1134 2213 qui
1180 2160 1406 2198 consue-

239 2215 341 2269 ris.
398 2243 466 2256 —
527 2213 698 2286 reyes]
754 2215 992 2270 ridicule
1040 2220 1211 2286 auget
1259 2231 1404 2283 rem3

239 2303 378 2341 nam
435 2287 657 2340 etiamsi
717 2288 816 2357 qui
871 2287 1178 2342 audiebant
1233 2287 1406 2341 etiam

241 2359 316 2412 de
368 2357 675 2427 Tarquinio
735 2359 987 2428 Superbo
1047 2364 1246 2428 sponte
1305 2375 1406 2412 sua

241 2429 528 2484 debebant
599 2430 853 2500 cogitare
867 2470 882 2500 ,
955 2429 1026 2484 de
1097 2447 1210 2484 uno
1273 2430 1406 2484 Cae·

241 2519 370 2555 sare
420 2501 721 2556 interfecto
777 2501 992 2556 dictum
1047 2507 1148 2558 est.
1256 2501 1408 2557 Bene

245 2572 630 2642 Porphyrion:
687 2574 911 2642 „iocans
951 2574 1012 2628 in
1055 2591 1262 2629 nomen
1297 2573 1406 2628 Re-

243 2645 336 2715 gis
381 2643 598 2713 Rupilii
643 2646 754 2699 ait:
824 2644 872 2700 0
922 2645 1098 2700 Brute
1113 2687 1127 2716 ‚
1175 2663 1406 2716 sequere

242 2715 470 2788 generis
515 2716 604 2770 tui
651 2717 894 2788 gloriam
944 2722 1003 2772 et
1048 2717 1198 2773 hunc
1231 2717 1408 2787 Rupi-

243 2789 388 2842 lium
423 2787 636 2858 Regem
663 2789 1012 2860 exstingue.“
1053 2819 1120 2830 —-
1159 2789 1404 2860 operum]

241 2865 410 2914 tuum
448 2859 556 2914 hcc
593 2869 677 2915 est
709 2879 928 2916 munus.

625 2975 854 3030 Satira
889 2975 1040 3029 VIII.

317 3071 386 3124 In
421 3071 692 3140 Esquiliis
739 3077 901 3126 extra
946 3087 1172 3125 murum
1210 3076 1270 3125 et
1309 3087 1404 3140 ag-

245 3159 440 3215 gerem
461 3142 756 3212 Tarquinii
791 3159 1058 3214 magnum
1093 3143 1231 3196 olim
1271 3158 1406 3210 pau-

243 3231 448 3286 perum
496 3215 786 3269 hominum
838 3216 1212 3284 sepulcretum
1269 3212 1404 3267 fuit:

247 3287 350 3356 qui
404 3286 558 3342 locus
613 3305 648 3341 a
703 3285 1048 3352 Maecenate,
1109 3286 1182 3341 ad
1241 3301 1409 3354 quem

246 3358 526 3413 nescimus
585 3375 696 3429 qua
737 3359 958 3414 ratione
1003 3359 1090 3411 his
1141 3357 1408 3426 tempori·

247 3429 356 3484 bus
393 3428 736 3484 turbulentis
776 3433 836 3483 et
871 3429 1100 3484 incertis
1140 3445 1412 3498 pervene-

247 3505 346 3556 rat
385 3501 446 3556 in
491 3517 752 3556 amoenos
797 3501 990 3556 hortos
1036 3505 1408 3556 commutatus

247 3589 570 3642 magnoque
627 3573 900 3640 aedificio,
961 3591 1132 3643 quam
1191 3577 1410 3628 turrem

249 3643 734 3700 Maecenatianam
769 3651 1042 3700 vocarunt
1077 3645 1284 3715 (Carm-
1307 3644 1408 3714 ΙΙΙ,

249 3718 342 3784 29,
381 3717 416 3769 9
451 3717 578 3786 sq.),
615 3721 849 3772 ornatus
885 3722 988 3771 est.
1060 3717 1128 3770 In
1165 3715 1272 3771 hoc
1309 3716 1414 3786 igi·

249 3793 351 3842 tur
397 3788 520 3843 loco
574 3789 746 3842 etiam
791 3793 922 3843 ante
959 3805 1128 3858 quam
1172 3787 1411 3858 perfecti

252 3859 482 3914 omnino
519 3864 704 3914 essent
728 3860 880 3915 horti
903 3859 1112 3930 Priapi,
1149 3859 1411 3916 fertilita-

248 3932 330 3985 tis
377 3930 484 3996 dei,
537 3935 725 3986 statua
771 3931 1012 3987 ficulnea
1048 3933 1234 4002 posita
1272 3935 1410 3986 erat.

255 4003 442 4070 Quare
477 4003 640 4072 quasi
673 4003 840 4057 deum
875 4004 1060 4073 ipsum
1096 4003 1201 4058 hac
1237 4003 1414 4058 satira

251 4079 578 4129 narrantem
604 4074 878 4144 audimus,
904 4093 1072 4145 quam
1107 4093 1298 4131 saevas
1323 4092 1411 4130 ar-

253 4149 342 4201 tes
377 4146 459 4200 ibi
496 4163 529 4200 a
569 4145 804 4202 Canidia
841 4163 968 4202 eum
1005 4147 1226 4218 Sagana
1261 4147 1412 4203 socia

255 4218 504 4273 exerceri
542 4217 768 4286 viderit,
807 4235 916 4287 quo
953 4223 1172 4274 terrore
1209 4237 1274 4274 ac
1309 4235 1410 4288 pu·

254 4289 392 4344 dore
433 4295 728 4360 correptus
767 4290 886 4360 ipse
923 4291 1016 4358 sit,
1042 4309 1154 4360 qua
1173 4289 1416 4360 denique

257 4359 444 4416 iocosa
505 4362 726 4417 ratione
783 4360 1056 4416 veneficas
1113 4362 1412 4433 fugaverit.

257 4431 520 4487 Proxime
564 4433 744 4518 igitur
783 4433 892 4488 hoc
937 4434 1184 4489 carmine
1233 4435 1416 4506 tangi-

255 4507 352 4558 tur
409 4505 646 4560 Ganidxa
697 4505 770 4560 de
817 4521 931 4574 qua
977 4505 1108 4561 vide
1145 4505 1323 4576 Epod.
1363 4507 1416 4574 6,

257 4577 356 4647 433
395 4595 427 4631 a
453 4593 564 4646 quo
603 4576 742 4632 haec
775 4577 952 4631 satira
989 4579 1072 4632 ita
1107 4577 1316 4644 differt,
1351 4582 1418 4632 ut

1502 2087 1629 2125 cum
1672 2070 1733 2124 in
1790 2074 2033 2139 utroque
2078 2071 2327 2126 carmine
2378 2071 2663 2129 terribiles

1501 2141 1826 2196 insanarum
1868 2142 2171 2196 mulierum
2216 2144 2473 2214 magicae
2508 2149 2663 2200 artes

1499 2219 1603 2268 tan
1642 2231 1771 2267 uam
1832 2231 1866 2268 a
1934 2215 2174 2268 testibus
2250 2215 2662 2285 describantur,

1501 2285 1605 2339 illu
1697 2286 1865 2339 triste
1914 2289 1973 2339 et
2018 2285 2296 2350 acerbum,
2354 2287 2463 2342 hoc
2514 2289 2661 2344 ioco·

1501 2373 1626 2411 sum
1680 2373 1747 2411 ac
1803 2356 2054 2426 lepidum
2104 2357 2197 2412 sit.
2270 2358 2355 2413 De
2406 2364 2663 2430 tempore

1499 2428 1667 2482 huius
1704 2429 1909 2484 satirae
1934 2428 2041 2483 hoc
2064 2433 2289 2484 tantum
2316 2429 2431 2485 dici
2454 2436 2661 2501 potest,

1499 2501 1766 2570 scriptam
1824 2517 1947 2556 eam
1992 2517 2111 2555 esse
2168 2506 2297 2556 ante
2344 2502 2525 2572 Epod.
2574 2505 2635 2556 17
2647 2521 2661 2571 3

1499 2589 1665 2627 versu
1686 2572 1837 2627 enim
1864 2574 1937 2627 58
1960 2573 2113 2626 illius
2138 2574 2304 2642 epodi
2322 2573 2461 2630 haec
2488 2575 2665 2629 satira

1499 2649 1695 2713 aperte
1730 2643 2004 2714 tangitur.
2071 2643 2311 2714 Reliqua
2359 2663 2503 2714 quae
2548 2647 2660 2701 viri

1500 2714 1653 2770 docti
1700 2717 2111 2786 excogitarunt,
2162 2715 2381 2772 lubrica
2418 2722 2551 2771 sunt
2596 2737 2663 2773 ac

1501 2787 1727 2842 debilia.
1766 2787 1996 2841 Etenim
2034 2787 2159 2857 quis
2180 2788 2450 2856 inveniat,
2486 2791 2663 2845 satira

1501 2863 1693 2913 utrum
1724 2859 1937 2928 scripta
1961 2859 2039 2914 sit
2067 2863 2371 2930 antequam
2390 2861 2661 2916 Horatius

1501 2948 1535 2985 a
1558 2930 1881 2985 Maecenate
1917 2936 2175 3000 acceptus
2206 2931 2281 2985 sit
2318 2949 2389 2986 an
2428 2933 2661 3002 postea?

1503 3001 1835 3071 Quanquam
1876 3003 2057 3057 altera
2081 3003 2290 3072 opinio,
2318 3021 2431 3073 qua
2464 3009 2662 3074 postea

1447 3123 1454 3132 ,
1501 3073 1713 3142 scripta
1758 3073 1984 3142 dicitur,
2028 3073 2169 3128 mihi
2222 3091 2443 3146 quoque
2478 3077 2662 3148 magis

1501 3145 1731 3199 videtur
1774 3145 2085 3214 probabilis
2135 3163 2269 3201 esse.
2342 3147 2463 3201 Alii
2500 3148 2575 3203 ad
2612 3166 2663 3203 a.

1503 3218 1628 3283 715,
1664 3216 1763 3270 alii
1800 3217 1872 3271 ad
1912 3234 1957 3270 a.
2002 3219 2107 3271 719
2151 3217 2242 3272 vel
2280 3219 2385 3274 720
2430 3221 2662 3275 rettule-

1503 3291 1665 3357 runt;
1704 3288 1817 3343 fuit
1854 3290 2024 3342 etiam
2061 3288 2159 3357 qni
2194 3306 2245 3344 a.
2284 3292 2391 3343 714
2426 3292 2661 3347 satiram

1505 3361 1775 3429 scriptam
1806 3364 2054 3430 putaret,
2089 3361 2261 3414 nullis
2286 3367 2477 3417 tamen
2499 3381 2660 3433 prae-

1505 3431 1665 3486 sidiis
1712 3433 1979 3486 munitus.
2051 3431 2243 3502 Neque
2288 3433 2433 3488 illud
2479 3440 2668 3503 potest

1506 3503 1709 3557 invest‘
1754 3503 1859 3571 ari,
1899 3521 2011 3573 quo
2048 3519 2197 3558 anno
2218 3503 2509 3561 Maecenas
2538 3507 2665 3561 hor-

1503 3579 1595 3629 tos
1633 3521 1993 3644 inlffi'aequiliis
2028 3574 2246 3630 fecerit.

1580 3645 1643 3701 V.
1672 3651 1715 3700 1.
1752 3646 1950 3702 inutile
1972 3647 2201 3717 liquam]
2238 3648 2484 3718 Lignum
2508 3648 2665 3704 ficul-
2720 3689 2729 3700 .

1509 3735 1679 3772 neum
1750 3717 1957 3788 fragile
2028 3723 2199 3788 atque
2280 3720 2666 3803 spongiosum3

1505 3789 1639 3844 inde
1684 3789 1909 3844 Graecis
1966 3807 2187 3859 quoque
2240 3808 2460 3849 συκινος
2512 3786 2664 3862 ἀνήρ,

1507 3867 1699 3927 συκίνη
1732 3855 1948 3946 γνώμη,
1988 3867 2183 3929 συκίνη
2221 3863 2520 3932 ἐπικουρία.
2575 3863 2665 3918 In·

1507 3933 1663 3986 utilis
1710 3933 1887 3988 iacuit
1928 3939 2178 3999 truncus,
2234 3939 2535 4003 antequam
2580 3934 2665 3989 fa-

1505 4005 1609 4060 ber
1642 4005 1931 4060 accederet
1954 4005 2120 4060 deum
2162 4023 2231 4061 ue
2268 4006 2497 4060 faceret.
2535 4005 2665 4061 Irni-

1505 4080 1661 4131 tatus
1696 4080 1783 4131 est
1800 4075 1964 4132 Ovid.
1984 4079 2111 4132 Am.
2189 4078 2231 4146 1,
2250 4079 2300 4145 ⁷,
2322 4078 2415 4131 15:
2450 4077 2664 4148 „Trun-

1506 4165 1603 4202 cus
1658 4147 1809 4203 iners
1864 4149 2029 4220 iacui,
2084 4149 2293 4217 species
2348 4155 2406 4204 et
2460 4149 2665 4205 inutile

1507 4220 1789 4290 pondus“;
1826 4221 1997 4275 etiam
2034 4219 2278 4275 Martial.
2317 4220 2441 4288 Vn,
2482 4224 2565 4289 19,
2606 4225 2662 4277 1:

1510 4292 1967 4362 „Fragmentum,
2023 4293 2173 4362 quod
2228 4292 2341 4348 vile
2386 4296 2552 4362 putas
2608 4297 2667 4348 et

1509 4363 1711 4417 inutile
1760 4363 2029 4434 lignum“.
2082 4391 2143 4402 —
2190 4361 2485 4434 faceretne]
2534 4365 2665 4420 vide

1509 4435 1583 4490 ad
1621 4434 1801 4489 Germ.
1838 4435 1913 4502 11,
1949 4437 2001 4503 7,
2038 4435 2124 4488 25.
2169 4433 2357 4505 Priap.
2398 4438 2459 4490 9:
2502 4435 2665 4506 „Non

1509 4523 1601 4562 me
1657 4505 1969 4561 Praxiteles
2020 4505 2295 4576 Scopasve
2347 4508 2501 4577 feeit,
2549 4509 2667 4564 Nec

1509 4595 1633 4632 sum
1668 4577 1939 4633 Phidiaca
1974 4595 2143 4632 manu
2178 4579 2415 4652 politus3
2452 4580 2560 4636 Sed
2598 4581 2663 4636 li·-
