3092 5059
1003 155 1167 221 LIB.
1213 157 1263 222 Ι.
1308 157 1581 223 EPIST.
1625 157 1867 224 XVIII.

2531 163 2656 226 567

360 345 535 438 Qua
586 345 885 422 ratione
939 371 1175 445 queas
1226 346 1634 422 traducere
1684 346 1957 424 leniter
2005 371 2318 422 aevum:

358 471 565 548 Num
615 483 691 544 te
740 495 1045 570 semper
1098 469 1324 568 inops
1376 469 1615 567 agitet
1667 484 2043 569 vexetque
2095 473 2402 570 cupide,

355 596 561 671 Num
611 621 855 695 pavor
908 608 982 672 et
1033 622 1289 672 rerum
1346 595 1840 672 mediocriter
1886 596 2185 672 utilium
2242 622 2439 696 spes,

254 751 334 790 ιω
358 721 739 797 Virtutem
795 721 1143 797 doctrina
1192 733 1412 820 paret
1470 736 1846 796 naturane
1899 720 2152 817 donet,

360 846 571 940 Quid
622 847 917 923 minuat
967 872 1211 942 curas,
1268 845 1459 947 quid
1507 859 1582 922 te
1633 846 1777 921 tibi
1822 845 2100 922 reddat
2152 845 2506 942 amicum,

360 971 567 1065 Quid
626 996 818 1068 pure
860 972 1335 1071 tranquillet,
1387 971 1633 1047 honos
1687 997 1784 1047 an
1841 971 2070 1047 dulce
2119 970 2509 1062 lucellum,

354 1098 483 1172 An
536 1111 917 1174 secretum
966 1098 1113 1174 iter
1164 1111 1239 1174 et
1289 1097 1630 1174 fallentis
1683 1097 1952 1174 semita
2004 1097 2230 1172 vitae.

356 1222 487 1298 Me
542 1223 896 1322 quotiens
948 1222 1190 1299 reficit
1238 1222 1543 1321 gelidus
1597 1222 1960 1321 Digentia
2005 1223 2238 1316 rivus,

256 1379 332 1421 ιω
362 1346 610 1439 Quem
668 1347 1027 1424 Mandela
1080 1348 1294 1444 bibit,
1348 1371 1676 1445 rugosus
1729 1347 2024 1446 frigore
2077 1371 2345 1446 pagus,

360 1473 570 1568 Quid
622 1474 903 1550 sentire
953 1481 1230 1572 putas?
1282 1473 1468 1573 quid
1528 1472 1802 1570 credis,
1857 1473 2126 1560 amice,
2178 1470 2526 1570 precari?

358 1596 473 1674 Sit
522 1599 717 1674 mihi
752 1599 965 1698 quod
1016 1625 1221 1674 nunc
1270 1611 1405 1696 est,
1440 1601 1674 1675 etiam
1713 1598 2001 1693 minu-3
2057 1609 2132 1673 et
2175 1596 2366 1672 mihi
2401 1597 2655 1672 vivam

360 1721 593 1816 Quod
644 1737 991 1822 superest
1044 1723 1237 1820 aevi,
1291 1725 1357 1799 si
1408 1723 1598 1822 quid
1649 1747 2048 1820 superesse
2103 1721 2371 1796 volunt
2423 1720 2547 1816 di3

357 1847 473 1924 Sit
523 1849 728 1924 bona
776 1848 1155 1925 librorum
1210 1862 1288 1925 et
1337 1849 1694 1945 provisae
1745 1849 1992 1946 frugis
2041 1849 2122 1922 in
2181 1873 2466 1922 annum

252 2009 333 2047 no
360 1973 626 2070 Copia,
679 1999 828 2049 neu
873 1973 1165 2050 fluitem
1216 1973 1496 2050 dubiae
1549 1999 1686 2071 spe
1737 1972 2119 2072 pendulus
2173 1973 2433 2048 horae.

254 2232 367 2286 que
433 2214 665 2282 famem,
727 2233 855 2271 cum
918 2216 1110 2287 pulmo
1164 2215 1407 2272 Falerno

248 2285 543 2344 Ardent!

325 2359 391 2413 V.
418 2359 505 2414 96.
556 2358 701 2416 inter
736 2359 955 2429 cuncta]
994 2357 1182 2430 „Haec
1221 2360 1409 2417 omnia

252 2429 393 2484 dum
446 2431 587 2502 agis,
640 2431 759 2486 noli
815 2431 1072 2486 oblivisci
1126 2433 1245 2486 eius
1305 2433 1407 2500 rei,

253 2501 405 2556 unde
440 2520 718 2556 summum
760 2503 971 2557 bonum
1015 2503 1294 2558 haurias.“
1336 2534 1406 2544 —

256 2572 433 2644 Num]
493 2573 690 2628 Bland.
738 2579 1009 2644 quattuor
1045 2580 1104 2630 et
1147 2580 1263 2630 tres
1310 2576 1407 2630 alii

252 2644 417 2700 codd.
460 2645 692 2714 Cruquii
730 2647 789 2700 in
826 2652 1066 2716 utroque
1111 2665 1277 2701 versu
1312 2648 1410 2702 ha·

258 2717 393 2772 bent
427 2732 584 2783 num3
625 2717 723 2772 alii
756 2734 866 2772 non
902 2718 963 2772 in
999 2719 1191 2788 priore
1225 2737 1408 2787 versu,

251 2789 315 2843 in
353 2789 533 2842 altero
568 2805 680 2855 nec,
716 2789 817 2843 alii
856 2807 923 2844 nc
960 2830 973 2843 .
1013 2828 1027 2843 .
1067 2832 1080 2844 .
1118 2806 1200 2857 ne,
1240 2808 1407 2859 quam

252 2861 553 2916 lectionem
577 2877 727 2916 nunc
749 2861 962 2930 recepit
981 2861 1273 2930 Lehrsius3
1309 2863 1409 2916 alii

251 2947 402 2986 nunc
422 2971 436 2986 .
456 2973 469 2984 .
492 2971 505 2985 .
526 2947 687 2986 nunc.
726 2930 924 2986 Orellii
960 2951 1183 3003 quoque
1208 2934 1409 3003 optimi

254 3008 314 3058 et
333 3002 594 3057 Pottierii
628 3003 886 3073 plerique
921 3021 1068 3074 num,
1104 3021 1251 3068 num,
1280 3006 1411 3059 Pul-

252 3075 446 3129 manni
483 3075 747 3144 quinque.
786 3075 940 3130 Num
978 3116 991 3130 .
1033 3115 1043 3128 .
1080 3092 1212 3130 num
1250 3095 1409 3146 prae-

252 3146 513 3201 tulerunt
583 3147 790 3201 Keller.
870 3146 1093 3203 Miiller.
1166 3148 1410 3218 Kriiger.

254 3217 545 3272 Eckstein.
590 3217 912 3274 Doederlin.
960 3249 1028 3258 —
1072 3236 1253 3274 rerum
1306 3235 1409 3273 me-

257 3289 516 3344 diocriter
540 3288 787 3358 utilium]
826 3289 1141 3346 Stoicorum
1174 3285 1305 3342 ἆὸιὰ

253 3379 343 3430 pa,
378 3379 413 3414 a
442 3361 705 3416 Cicerone
743 3362 812 3416 de
836 3361 963 3416 Fin.
996 3361 1093 3426 111,
1139 3363 1203 3416 16
1239 3310 1410 3430 indpzf-

252 3433 493 3500 ferentia
516 3433 822 3487 nominata·
868 3432 1011 3488 Sunt
1045 3433 1209 3494 bona,
1236 3433 1408 3487 hono-

253 3521 361 3572 res,
411 3504 635 3559 similia.
683 3533 749 3542 —
802 3503 1062 3560 doctrina
1106 3503 1287 3574 paret]
1337 3505 1407 3559 cf.

253 3575 399 3630 Plat.
451 3575 671 3631 Menon.
717 3594 773 3646 p.
811 3578 898 3630 86.
938 3575 995 3631 C.
1038 3606 1101 3615 —
1152 3581 1409 3632 secretum

256 3645 389 3716 iter]
444 3647 514 3701 cf.
564 3647 745 3716 Epist.
791 3648 838 3716 Ι,
887 3650 970 3717 17,
1021 3650 1103 3702 10.
1200 3647 1411 3702 Semita

253 3719 397 3772 latet
432 3719 879 3782 multitudinem;
932 3737 1105 3788 quare
1152 3720 1249 3789 qui
1286 3737 1411 3774 eam

254 3788 521 3857 intravit,
577 3793 851 3846 secretum
898 3791 1036 3846 fecit
1081 3809 1183 3862 per
1233 3791 1409 3846 vitam

252 3860 366 3915 iter
416 3862 509 3916 vel
556 3861 834 3918 occultam
883 3864 1061 3919 vitam
1113 3864 1251 3934 agit.
1334 3864 1406 3918 cf.

252 3933 435 4003 Epist.
461 3932 507 3996 1,
538 3933 622 3997 16,
647 3936 733 3989 61.
768 3934 1017 3990 Iuvenal.
1042 3935 1134 4003 IV,
1166 3939 1249 4004 10,
1274 3935 1405 3990 364:

256 4003 563 4073 „Monam-0,
600 4004 735 4074 quid
762 4007 883 4076 ipse
907 4007 1014 4061 tibi
1045 4009 1225 4077 possis
1256 4007 1405 4062 dare.

254 4075 467 4132 Semita
503 4081 653 4132 certe
690 4075 1055 4147 Tranquillae
1090 4097 1192 4148 per
1229 4080 1406 4133 virtu-

254 4151 370 4202 tem
407 4153 568 4218 patet
602 4149 767 4204 unica
802 4150 1005 4204 vitae.“
1032 4179 1095 4188 —
1111 4149 1404 4220 Mandela]

256 4219 491 4289 Porph.:
550 4219 847 4288 „Mandela
890 4239 1066 4292 pagus
1112 4226 1196 4276 est
1238 4222 1407 4276 nimis

254 4294 590 4347 contrahens
654 4297 825 4360 atque
889 4293 1126 4363 algidus,
1192 4293 1407 4364 frigore

601 4363 613 4376 .
910 4364 920 4375 .
1378 4366 1403 4394 u

252 4362 1405 4492 111111111111111111112

256 4511 307 4562 et
353 4505 509 4578 man]
560 4505 652 4564 Sic
700 4511 852 4564 recte
900 4511 1171 4578 quattuor
1204 4507 1408 4566 Bland.

1356 3310 1409 3342 0-

1500 2220 1560 2271 et
1613 2214 1748 2271 Silv.
1819 2215 2077 2285 Cruquii‚
2143 2215 2346 2286 optimi
2409 2214 2660 2284 Bentlei3

1502 2288 1762 2358 plerique
1819 2287 2017 2342 Orellii
2075 2293 2154 2356 ut,
2217 2305 2362 2356 quae
2427 2287 2659 2357 scriptio

1500 2360 1742 2429 probata
1799 2364 1882 2414 est
1936 2358 2162 2413 Kellero
2221 2365 2278 2413 et
2329 2358 2658 2412 Ecksteinio

1500 2448 1614 2486 non
1651 2431 1924 2486 Mueller-o
1961 2434 2061 2485 aut
2097 2429 2334 2485 Lehrsio
2371 2434 2472 2484 aut
2511 2430 2658 2484 Krii-

1500 2520 1637 2574 gero
1664 2505 1763 2557 aut
1787 2502 2165 2558 DoederliniO.
2202 2503 2296 2556 Ad
2321 2502 2658 2558 sententiam

1500 2575 1573 2630 cf.
1610 2574 1793 2644 Epist.
1839 2575 1882 2644 Ι,
1927 2577 1977 2641 7,
2025 2575 2114 2628 36.
2156 2576 2240 2642 10,
2275 2575 2330 2628 8.
2376 2576 2458 2642 14,
2499 2576 2546 2627 1.
2588 2603 2654 2614 —

1499 2647 1565 2701 in
1610 2645 1838 2717 annum]
1880 2647 2090 2716 „Unius
2137 2645 2271 2700 anni
2320 2650 2659 2715 proventum

1501 2719 1613 2774 sibi
1643 2735 1930 2787 superesse
1953 2719 2096 2786 vult,
2132 2720 2215 2786 ut,
2255 2717 2303 2771 si
2329 2733 2483 2786 spem
2507 2734 2658 2771 men-

1498 2791 1608 2846 tita
1645 2791 1720 2843 sit
1757 2806 1914 2859 seges
1959 2788 2206 2858 proximi
2255 2789 2407 2856 anni,
2450 2787 2660 2843 habeat

1500 2862 1648 2917 unde
1674 2861 1855 2916 vitam
1880 2860 2206 2916 sustentet.“
2247 2860 2546 2915 Obbarius.
2574 2858 2658 2912 Cf.

1503 2933 1656 2988 Caes.
1695 2933 1758 2986 B.
1799 2932 1863 2986 G.
1898 2931 1993 3000 IV,
2028 2934 2118 2986 29.
2168 2961 2231 2971 -
2281 2948 2389 2988 neu
2429 2931 2658 3000 fluitem]

1500 3004 1592 3059 Sic
1646 3009 1798 3058 recte
1857 3004 2059 3073 optimi
2119 3003 2362 3071 codices,
2417 3002 2514 3057 alii
2573 3018 2659 3057 ne.

1503 3075 1664 3144 Quod
1689 3077 1736 3129 si
1757 3075 2046 3142 scriberes,
2071 3075 2342 3143 penderet
2360 3074 2468 3128 1100
2490 3090 2655 3142 quar-

1501 3154 1624 3202 tum
1650 3146 1802 3216 quod
1828 3151 1990 3216 optat
2023 3147 2095 3201 ab
2119 3146 2219 3200 illo
2259 3146 2408 3215 quod
2432 3162 2661 3215 praece-

1502 3219 1612 3285 dit;
1653 3218 1805 3288 quod
1842 3236 1912 3272 ne
1937 3219 2115 3286 possit
2145 3216 2269 3273 fieri
2294 3222 2452 3272 vetat
2477 3220 2659 3272 extre-

1502 3307 1626 3345 mus
1663 3307 1859 3346 versus
1905 3294 1964 3344 et
2007 3289 2290 3359 particula
2333 3287 2444 3344 sed.
2515 3289 2659 3342 Nam

1502 3361 1645 3416 illud
1678 3361 1905 3430 fluitare
1927 3376 2025 3430 spe
2050 3359 2223 3416 dubia
2257 3361 2423 3415 horae
2449 3359 2659 3431 signifi-

1502 3437 1596 3488 cat
1630 3432 1884 3502 iniquam
1904 3433 2078 3488 animi
2107 3432 2510 3500 condicionem,
2548 3449 2659 3500 qua

1504 3504 1672 3559 modo
1696 3504 1808 3558 huc
1833 3504 1999 3559 modo
2036 3504 2172 3559 illuc
2196 3505 2363 3558 homo
2391 3503 2659 3572 trahitur,

1504 3580 1564 3632 et
1599 3576 1906 3646 opponitur
1945 3576 2216 3646 aequitati
2253 3575 2444 3631 animi.
2499 3575 2661 3630 Hanc

1506 3652 1696 3702 tamen
1733 3665 1847 3701 non
1871 3647 2127 3718 Iuppiter
2162 3652 2350 3716 potest
2374 3647 2527 3715 dare,
2563 3647 2660 3702 sed

1504 3720 1672 3774 homo
1712 3724 1794 3774 est
1833 3721 1930 3788 qui
1954 3725 2122 3789 parat
2157 3720 2266 3772 sibi
2302 3719 2448 3788 ipse3
2487 3735 2660 3787 qusre

1504 3791 1642 3846 satis
1688 3795 1774 3845 est
1809 3789 1998 3846 Iovem
2047 3808 2112 3845 ea
2160 3808 2360 3861 rogare
2407 3808 2550 3859 quae
2599 3789 2660 3844 in

1504 3863 1622 3917 eius
1661 3867 1790 3918 sunt
1825 3866 2118 3932 potestate.
2188 3861 2350 3918 ovid.
2388 3881 2452 3916 ex
2491 3861 2658 3916 Pont.

1502 3933 1574 4002 11,
1621 3937 1666 4004 l,
1704 3936 1800 3989 53:
1844 3933 1936 4005 „di
1971 3934 2078 3988 tibi
2114 3933 2253 3989 dent
2287 3935 2490 3988 annos!
2530 3952 2564 3987 a
2599 3939 2658 3988 te

1500 4024 1634 4061 nam
1670 4011 1855 4061 cetera
1891 4005 2121 4060 sumes.“
2163 4036 2228 4046 -
2267 4004 2481 4073 dubiae]
2522 4005 2658 4073 quia

1500 4078 1778 4134 incertum
1830 4082 1932 4144 est,
1979 4078 2116 4145 quid
2161 4077 2325 4132 ferat.
2367 4106 2438 4116 —
2467 4076 2656 4146 ponit]

1502 4149 1595 4204 Sic
1630 4166 1819 4205 omnes
1859 4147 2012 4202 MSS.
2052 4149 2301 4218 Cruquii,
2347 4153 2404 4203 et
2456 4148 2657 4204 Orellii

1500 4221 1662 4276 codd.
1697 4219 1968 4275 Einsiedl.
2006 4224 2064 4275 ‘et
2087 4220 2513 4290 Montepessul.;
2555 4220 2656 4274 alii

1500 4311 1605 4348 nec
1627 4292 1793 4362 pauci
1826 4309 1928 4346 nec
1950 4291 2089 4347 mali
2113 4292 2301 4356 donat,
2342 4293 2492 4360 quod
2517 4293 2654 4346 Mei-

1498 4365 1714 4432 nekius,
1751 4363 2026 4431 Kellerus‚
2057 4363 2366 4434 Kriigerus,
2399 4363 2650 4419 Eckstei-

1502 4437 1628 4492 nius
1663 4437 2072 4506 praetulerunt.
2110 4436 2261 4490 Bene
2297 4439 2486 4488 tamen
2509 4435 2651 4490 Ben-

1498 4509 1695 4565 tleius:
1737 4508 1927 4578 „ponit
1961 4524 2067 4577 pro
2084 4507 2272 4575 donat,
2312 4506 2420 4562 etsi
2454 4524 2652 4576 parum
