3092 5059
380 219 505 285 634

1459 217 1716 286 LIBER

482 408 748 484 Latior
797 411 1157 510 amplecti
1210 437 1472 486 murus
1523 413 1864 512 vinoque
1919 411 2196 487 diurno

378 568 454 607 210
479 533 779 609 Placari
830 535 1125 613 Genius
1180 537 1394 612 festis
1440 537 1756 637 impune
1809 537 2102 633 diebus,

484 660 833 736 Accessit
875 662 1371 760 numerisque
1421 661 1827 763 modisque
1877 663 2186 739 licentia
2232 665 2501 738 maior.

480 785 843 862 Indoctus
898 785 1082 885 quid
1137 787 1341 862 enim
1394 802 1701 885 saperet
1748 787 2102 888 liberque
2152 788 2503 864 laborum

478 912 835 987 Rusticus
882 911 1182 985 urbano
1236 911 1628 1006 confusus,
1682 912 1923 1012 turpis
1977 911 2352 988 honesto?

492 1036 619 1114 Sic
668 1037 966 1135 priscae
1016 1047 1467 1135 motumque
1522 1048 1596 1112 et
1647 1036 2026 1113 luxuriem
2078 1033 2386 1114 addidit
2432 1037 2582 1112 arti

377 1198 453 1238 ω
479 1163 798 1239 Tibicen
845 1161 1225 1260 traxitque
1272 1186 1514 1260 vagus
1567 1187 1708 1259 per
1757 1160 2062 1260 pulpita
2113 1174 2444 1257 vestem,

479 1287 605 1363 Sic
664 1288 893 1363 etiam
943 1285 1224 1362 fidibus
1279 1311 1506 1362 voces
1562 1311 1875 1363 crevere
1927 1286 2212 1362 severis

477 1415 577 1490 Et
626 1412 804 1488 tulit
853 1411 1243 1511 eloquium
1294 1406 1684 1486 insolitum
1739 1410 2101 1487 facundia
2153 1437 2544 1510 praeceps,

476 1538 958 1636 Utiliumque
1009 1561 1241 1635 sagax
1294 1561 1550 1611 rerum
1606 1550 1680 1612 et
1732 1535 1996 1611 divina
2050 1536 2292 1612 futuri

482 1661 883 1760 Sortilegis
931 1687 1087 1738 non
1142 1662 1566 1763 discrepuit
1611 1663 1986 1739 sententia
2038 1661 2384 1763 Delphis.

379 1819 455 1859 πο
481 1783 842 1862 Carmine
896 1786 1031 1884 qui
1081 1786 1375 1884 tragico
1430 1785 1657 1862 vilem
1715 1787 2036 1863 certavit
2087 1787 2187 1862 ob
2238 1786 2560 1881 hircum,

378 1995 585 2065 „Apud
622 1995 899 2050 neminem
928 2001 1059 2051 ante
1094 1995 1394 2050 Horatium
1430 1997 1538 2052 hoc

378 2067 715 2124 vocabulum
753 2084 902 2122 nunc
924 2068 1221 2138 reperitur.
1258 2067 1396 2122 Post
1418 2067 1531 2123 Ho-

376 2139 589 2194 ratium
626 2137 862 2193 Ovidius
897 2139 1033 2194 Met.
1070 2139 1138 2202 V,
1175 2139 1333 2194 588st
1374 2139 1530 2195 Orel-

378 2212 503 2265 lius.
546 2239 610 2249 -
647 2211 827 2281 urbes]
866 2209 958 2266 Sic
997 2228 1176 2282 prope
1222 2229 1429 2280 omnes,
1467 2217 1533 2266 ut

378 2282 621 2350 videtur,
657 2279 844 2351 MSS.;
882 2301 1025 2338 unus
1062 2282 1325 2338 Pottierii
1360 2283 1533 2339 habet

380 2353 579 2422 urbem,
616 2353 766 2422 qnod
801 2354 937 2408 olim
973 2371 1311 2425 receperam.
1388 2354 1532 2426 „Ho-

378 2425 558 2480 ratius
595 2425 658 2479 in
692 2429 816 2481 tota
852 2425 957 2480 hac
994 2426 1377 2496 disputatione
1416 2445 1531 2481 ma-

420 2496 712 2623 231⁰&ss
738 2496 977 2623 ⁶253*
998 2516 1169 2639 {³12²ssss
1197 2497 1529 2624 {32²an

383 2669 448 2679 —
486 2640 609 2695 vino
698 2640 881 2711 immo]
928 2641 1200 2698 conviviis
1246 2643 1529 2712 tempesti-

379 2711 481 2766 vis.
519 2739 584 2751 —-
617 2711 854 2781 placari]
892 2712 1021 2768 vide
1054 2712 1125 2766 ad
1162 2713 1343 2767 Carm.
1367 2714 1415 2776 1,
1444 2715 1529 2768 36.

376 2784 431 2834 2.
470 2811 536 2820 -
575 2782 827 2837 indoctus
851 2783 985 2852 quid
1020 2784 1184 2854 enim]
1224 2783 1373 2852 „Hos
1410 2803 1531 2839 ver-

378 2871 471 2908 sus
506 2871 688 2922 neque
725 2855 1003 2910 eiciendos
1052 2859 1199 2920 (cum
1233 2856 1527 2926 Paldamo)

380 2943 561 2995 neque
616 2927 1060 2994 transponendos
1117 2927 1265 2998 (post
1318 2945 1369 2982 v.
1422 2930 1531 2982 224

378 3014 507 3052 cum
530 2996 619 3051 En
659 2997 791 3068 elio)
830 3013 947 3053 esse
970 2999 1140 3054 facile
1172 2999 1529 3069 perspicitur,

382 3070 607 3123 dummo
648 3086 681 3123 o
719 3069 792 3124 ad
827 3087 892 3124 ea
919 3088 1156 3139 quorum
1189 3089 1414 3126 causam
1448 3073 1531 3126 in·

382 3139 572 3194 dicant
606 3139 941 3195 referantur.
1007 3142 1150 3198 Sunt
1189 3145 1367 3214 igitur
1404 3160 1531 3198 cum

382 3211 572 3266 decem
610 3211 707 3280 qui
744 3214 1088 3281 praecedunt
1112 3216 1363 3271 versibus
1400 3233 1531 3270 con-

384 3282 677 3352 iungendi3
734 3285 1037 3340 ostendunt
1082 3287 1231 3341 enim
1277 3304 1377 3341 cur
1415 3306 1529 3343 mu-

384 3354 497 3408 sica
534 3355 786 3411 scaenica
819 3373 932 3409 non
961 3358 1117 3427 prius
1142 3376 1176 3412 a
1211 3360 1396 3429 prisca
1432 3360 1532 3414 illa

384 3425 749 3495 simplicitate
819 3427 1119 3482 desciverit
1183 3446 1348 3498 quam
1421 3448 1531 3500 quo

384 3501 637 3567 tempore
698 3500 938 3568 populns
951 3540 965 3568 ,
1038 3501 1245 3570 quippe
1313 3503 1532 3572 magnis

383 3569 635 3623 victoriis
678 3574 904 3639 potens,
948 3571 1135 3626 mollis
1180 3577 1237 3626 et
1284 3573 1531 3627 luxurio-

383 3657 475 3695 sus
510 3641 712 3704 factus,
758 3642 877 3696 dies
926 3647 1225 3712 noctesque
1260 3645 1531 3698 conviviis

382 3716 441 3766 et
476 3712 985 3781 compotationibus
1021 3715 1263 3786 benigne
1315 3733 1371 3769 se
1417 3721 1530 3770 tra-

384 3788 539 3837 ctare
581 3784 904 3853 coepisset-‘⁴
979 3785 1204 3856 Hilgers
1251 3786 1321 3840 de
1357 3786 1420 3854 Q.
1459 3787 1529 3841 H.

382 3853 447 3908 F.
484 3854 649 3923 epist.
688 3855 760 3909 ad
795 3854 904 3910 Pis.
942 3874 998 3926 p.
1040 3859 1124 3911 39.
1171 3887 1240 3897 —
1289 3859 1421 3913 liber
1452 3861 1530 3913 la·

382 3924 587 3997 borum]
644 3925 716 3980 cf.
763 3926 941 3981 Carm.
986 3927 1085 3994 111,
1137 3931 1221 3997 17,
1265 3931 1345 3983 16.
1418 3927 1530 3984 Sat.

382 3997 455 4062 Π,
504 3999 556 4065 2,
609 3997 727 4050 119.
802 3997 983 4068 Epist.
1030 3999 1103 4067 11,
1155 4003 1203 4064 1,
1254 4003 1372 4054 140.
1448 4002 1531 4056 De

380 4068 644 4139 genetivo
691 4083 955 4139 compara
1004 4069 1213 4125 Lucan.
1260 4071 1356 4136 VI,
1400 4073 1529 4127 800.

383 4140 599 4208 „libera
634 4141 823 4212 legum
858 4141 1092 4196 Roma.“
1162 4142 1259 4197 Sil.
1297 4143 1423 4197 Ital.
1466 4144 1532 4206 V,

383 4213 513 4267 212:
552 4217 778 4282 „erepto
802 4214 1089 4268 metuendi
1114 4214 1293 4269 libera
1318 4215 1531 4283 (iuven-

380 4285 495 4354 tus)
543 4285 753 4339 coe10.“
793 4315 859 4325 —
896 4287 1082 4356 turpis
1132 4285 1369 4356 honesto]
1410 4285 1531 4340 infi-

382 4373 505 4410 mae
562 4356 728 4410 sortis
772 4357 1025 4411 homines
1070 4373 1195 4410 cum
1241 4357 1531 4411 nobiliori·

381 4424 502 4480 bus.
538 4427 639 4481 cfr.
680 4427 858 4482 Carm.
883 4428 953 4494 11,
988 4432 1039 4497 4,
1082 4429 1163 4482 17.
1204 4430 1291 4482 20.
1332 4428 1445 4482 Sat.
1484 4429 1529 4490 Ι,

388 4497 439 4562 6,
474 4497 559 4548 69.
606 4497 786 4566 Epist.
823 4498 895 4567 Π,
936 4501 983 4562 1,
1024 4501 1143 4553 149.
1186 4529 1252 4540 --
1284 4499 1533 4570 pulpita]

386 4565 457 4620 cf.
492 4565 673 4636 Epist.
712 4569 785 4632 11,
826 4573 874 4640 1,
915 4572 1033 4625 1⁷4.
1074 4570 1204 4626 infr.
1258 4569 1395 4626 279:
1449 4576 1535 4627 est

1630 2013 1848 2066 scaena,
1885 1999 2117 2066 λογεῖον.
2173 1996 2272 2065 „In
2307 2011 2564 2051 scaenam
2598 2001 2785 2052 trans-

1628 2069 1778 2123 latus
1831 2068 2042 2124 tibicen
2101 2085 2245 2122 novo
2304 2085 2460 2123 more
2509 2068 2788 2137 aspiravit

1623 2139 1900 2194 monodiis
1975 2145 2033 2195 et
2105 2139 2334 2194 canticis
2407 2139 2748 2194 histrionum
2765 2181 2782 2206 ‚

1627 2228 1768 2281 quae
1818 2211 2120 2282 Euripides
2195 2215 2254 2265 et
2323 2214 2523 2281 poetae
2570 2211 2782 2282 tragici

1625 2282 1956 2353 Euripidem
2046 2283 2331 2337 imitantes
2417 2281 2781 2338 induxerant.

1623 2353 1769 2409 Nam
1821 2355 1966 2409 tibia
2009 2353 2284 2410 monodiis
2335 2353 2526 2408 adesse
2574 2354 2779 2418 suevit,

1625 2424 1844 2480 cithara
1881 2426 2064 2480 rarius
2104 2425 2357 2480 adhibita
2394 2425 2532 2479 est.“
2571 2425 2783 2480 Ritter.

1627 2525 1694 2536 —
1720 2497 1934 2567 vestem]
1972 2515 2156 2566 syrma
2182 2497 2479 2567 tragicum,
2517 2514 2628 2565 quo
2666 2502 2784 2551 tra-

1625 2569 1793 2639 goedi
1839 2569 2072 2623 heroum
2119 2569 2462 2636 deorumque
2511 2585 2784 2638 personas

1627 2659 1660 2695 a
1701 2645 1857 2695 entes
1893 2642 1978 2694 uti
2029 2640 2298 2695 solebant.
2337 2640 2590 2694 Iuvenal.
2626 2639 2784 2708 VIII,

1626 2801 1811 2854 syrma
1847 2784 1937 2837 vel
1974 2785 2286 2854 Antigones
2335 2788 2434 2837 aut
2480 2799 2782 2853 personam

1623 2855 2026 2925 Melanippes.“
2063 2855 2260 2910 Traxit
2280 2877 2348 2900 =
2384 2849 2587 2922 σύρειν,
2630 2854 2784 2908 unde

1628 2922 1830 2998 σῦρμα.
1869 2957 1936 2966 --
1979 2925 2202 2995 fidibus]
2250 2925 2392 2992 ,‚Sic‚
2439 2926 2638 2980 eadem
2685 2943 2782 2980 ne·

1626 2999 1904 3068 cessitate,
1948 2998 2152 3066 fidibus
2186 2998 2343 3067 prius
2378 3001 2552 3052 servis
2588 3001 2648 3051 et
2687 2997 2784 3051 ba-

1626 3071 1887 3126 bentibus
1932 3087 2163 3141 gravem
2210 3085 2408 3123 sonum
2445 3083 2654 3123 crevere
2689 3085 2782 3123 vo-

1625 3158 1708 3198 ces
1750 3145 1983 3212 propter
2027 3140 2396 3211 gravitatem,
2441 3139 2572 3208 quia
2619 3141 2784 3194 semi-

1627 3213 1840 3268 tonium
1879 3217 1964 3267 est
1999 3213 2310 3280 inventum,
2345 3216 2412 3265 ut
2445 3216 2783 3336 acutaseegofi

2707 3301 2741 3336 ο

1837 2712 2100 2783 „longum
2161 2717 2226 2765 tu
2286 2729 2432 2781 pone
2497 2709 2782 2779 Thyestae

1628 3303 1716 3340 ces
1843 3284 2036 3339 avibus
2092 3283 2518 3338 consonarent.“

1629 3357 1754 3411 cod.
1835 3373 1988 3410 onae.
2018 3355 2103 3409 De
2121 3371 2241 3409 voc.
2275 3353 2475 3409 severis
2498 3353 2572 3408 cf.
2595 3354 2782 3408 C-arm.

1627 3428 1699 3488 11,
1743 3430 1790 3495 1,
1835 3431 1885 3482 9.
1933 3457 2002 3467 —
2047 3425 2336 3496 eloquium]
2397 3424 2564 3495 „Pari
2609 3425 2782 3479 modo

1626 3499 1832 3554 fidicen
1875 3515 2096 3567 quoque
2132 3499 2316 3567 prisca
2357 3497 2658 3552 severitate
2693 3513 2780 3550 re-

1627 3573 1764 3625 licta
1799 3588 2017 3625 severos
2042 3570 2194 3638 lyrae
2229 3585 2390 3623 sonos
2425 3568 2585 3622 auxit
2610 3573 2779 3637 atque

1627 3647 1812 3712 poeta,
1856 3646 1922 3696 ut
1969 3641 2262 3696 liberiores
2309 3640 2554 3694 musicae
2590 3656 2782 3694 nume·

1627 3731 1719 3768 ros
1791 3718 2142 3782 sequeretur,
2217 3711 2377 3766 chori
2443 3711 2776 3776 orationem,

1627 3803 1770 3855 quae
1807 3789 1974 3839 antea
1999 3784 2236 3853 simplex
2265 3787 2322 3837 et
2356 3781 2612 3838 modesta
2651 3781 2783 3850 fuit,

1628 3861 1924 3926 tantopere
1972 3855 2312 3921 immutavit,
2353 3860 2417 3909 ut
2461 3855 2576 3908 iam
2619 3871 2780 3922 prae-

1629 3929 1807 3998 cipiti,
1843 3927 2039 3982 inflato
2072 3931 2128 3981 et
2165 3927 2400 3981 obscuro
2425 3925 2650 3980 dicendi
2687 3943 2780 3996 ge·

1627 4017 1760 4054 nere
1795 4016 1924 4053 usus
1951 3999 2227 4068 sapientes
2261 4003 2318 4052 et
2350 3997 2611 4052 fatidicas
2647 4013 2778 4066 pro·

1628 4071 1804 4126 ferret
1853 4071 2174 4137 sententias,
2221 4086 2362 4138 quae
2408 4068 2478 4123 ab
2524 4067 2780 4123 obscuris

1627 4142 1906 4212 Apollinis
1931 4141 2193 4211 Delphici
2219 4141 2457 4195 oraculis
2483 4156 2596 4194 non
2633 4141 2779 4194 mul·

1628 4219 1751 4269 tum
1802 4211 2191 4268 differebant.“
2276 4212 2500 4282 Hilgers
2545 4211 2581 4265 1.
2627 4211 2665 4265 1.
2709 4240 2780 4252 -

1627 4284 1838 4355 divina]
1879 4284 1947 4339 cf.
1989 4285 2170 4338 Carm.
2209 4283 2308 4350 111,
2349 4285 2434 4350 27,
2478 4285 2561 4336 10.

1699 4355 1765 4408 V.
1806 4357 1924 4410 220.
1973 4355 2106 4411 Gum
2142 4355 2380 4410 Rotnani
2410 4359 2604 4424 poetae
2637 4355 2790 4409 nim

1628 4429 1962 4482 intentatum
2000 4428 2362 4496 relinquerent
2408 4425 2503 4495 (cf.
2541 4443 2593 4478 v.
2631 4427 2788 4492 285),

1623 4498 1902 4567 probabile
1917 4503 1996 4552 est
2022 4515 2135 4554 non
2160 4497 2398 4564 defuisse
2417 4501 2546 4552 tunc
2565 4497 2666 4567 qm·
2687 4513 2786 4552 sa-

1627 4571 1862 4642 tyricum
1885 4585 2095 4641 quoque
2129 4569 2325 4625 drama
2343 4567 2570 4624 Βοωαηι
2598 4573 2788 4624 trans—
