<?xml version="1.0" encoding="UTF-8"?>
<!DOCTYPE html PUBLIC "-//W3C//DTD XHTML 1.0 Transitional//EN"
    "http://www.w3.org/TR/xhtml1/DTD/xhtml1-transitional.dtd">
<html xmlns="http://www.w3.org/1999/xhtml" xml:lang="en" lang="en">
 <head>
  <title>
</title>
<meta http-equiv="Content-Type" content="text/html;charset=utf-8" />
  <meta name='ocr-system' content='tesseract 3.04.00' />
  <meta name='ocr-capabilities' content='ocr_page ocr_carea ocr_par ocr_line ocrx_word'/>
</head>
<body>
  <div class='ocr_page' id='page_1' title='image "./qhoratiiflaccio05unkngoog_0601.png"; bbox 0 0 3092 5059; ppageno 0'>
   <div class='ocr_carea' id='block_1_1' title="bbox 1017 215 1821 284">
    <p class='ocr_par' dir='ltr' id='par_1_1' title="bbox 1017 215 1821 284">
     <span class='ocr_line' id='line_1_1' title="bbox 1017 215 1821 284; baseline -0.001 0"><span class='ocrx_word' id='word_1_1' title='bbox 1017 217 1180 284; x_wconf 91' lang='lat' dir='ltr'><strong>LIB.</strong></span> <span class='ocrx_word' id='word_1_2' title='bbox 1223 219 1273 284; x_wconf 96' lang='lat' dir='ltr'><strong>I.</strong></span> <span class='ocrx_word' id='word_1_3' title='bbox 1311 217 1591 284; x_wconf 76' lang='lat' dir='ltr'><strong>EPIST.</strong></span> <span class='ocrx_word' id='word_1_4' title='bbox 1634 215 1821 284; x_wconf 89' lang='lat' dir='ltr'>XIX.</span> 
     </span>
    </p>
   </div>
   <div class='ocr_carea' id='block_1_2' title="bbox 2482 216 2603 282">
    <p class='ocr_par' dir='ltr' id='par_1_2' title="bbox 2482 216 2603 282">
     <span class='ocr_line' id='line_1_2' title="bbox 2482 216 2603 282; baseline 0 0"><span class='ocrx_word' id='word_1_5' title='bbox 2482 216 2603 282; x_wconf 84' lang='lat'><strong>571</strong></span> 
     </span>
    </p>
   </div>
   <div class='ocr_carea' id='block_1_3' title="bbox 220 405 2608 2005">
    <p class='ocr_par' dir='ltr' id='par_1_3' title="bbox 308 405 2603 634">
     <span class='ocr_line' id='line_1_3' title="bbox 308 405 2603 507; baseline 0 -25"><span class='ocrx_word' id='word_1_6' title='bbox 308 406 720 507; x_wconf 79' lang='lat' dir='ltr'><strong>Temperat</strong></span> <span class='ocrx_word' id='word_1_7' title='bbox 771 406 1222 483; x_wconf 80' lang='lat' dir='ltr'><strong>Archilochi</strong></span> <span class='ocrx_word' id='word_1_8' title='bbox 1275 406 1576 481; x_wconf 86' lang='lat' dir='ltr'><strong>Musam</strong></span> <span class='ocrx_word' id='word_1_9' title='bbox 1628 405 1829 504; x_wconf 89' lang='lat' dir='ltr'><strong>pede</strong></span> <span class='ocrx_word' id='word_1_10' title='bbox 1874 407 2213 484; x_wconf 82' lang='lat' dir='ltr'><strong>mascula</strong></span> <span class='ocrx_word' id='word_1_11' title='bbox 2264 405 2603 507; x_wconf 82' lang='lat' dir='ltr'><strong>Sappho,</strong></span> 
     </span>
     <span class='ocr_line' id='line_1_4' title="bbox 309 531 2387 634; baseline 0 -26"><span class='ocrx_word' id='word_1_12' title='bbox 309 532 724 632; x_wconf 78' lang='lat' dir='ltr'><strong>Temperat</strong></span> <span class='ocrx_word' id='word_1_13' title='bbox 771 532 1123 624; x_wconf 76' lang='lat' dir='ltr'><strong>Alcaeus,</strong></span> <span class='ocrx_word' id='word_1_14' title='bbox 1177 532 1316 609; x_wconf 88' lang='lat' dir='ltr'><strong>sed</strong></span> <span class='ocrx_word' id='word_1_15' title='bbox 1365 532 1597 606; x_wconf 88' lang='lat' dir='ltr'><strong>rebus</strong></span> <span class='ocrx_word' id='word_1_16' title='bbox 1648 545 1723 608; x_wconf 89' lang='lat' dir='ltr'><strong>et</strong></span> <span class='ocrx_word' id='word_1_17' title='bbox 1776 531 2049 609; x_wconf 84' lang='lat' dir='ltr'><strong>ordine</strong></span> <span class='ocrx_word' id='word_1_18' title='bbox 2102 533 2387 634; x_wconf 88' lang='lat' dir='ltr'><strong>dispar,</strong></span> 
     </span>
    </p>

    <p class='ocr_par' dir='ltr' id='par_1_4' title="bbox 226 655 2540 1256">
     <span class='ocr_line' id='line_1_5' title="bbox 226 655 2540 756; baseline 0.002 -28"><span class='ocrx_word' id='word_1_19' title='bbox 226 687 276 728; x_wconf 72' lang='lat' dir='ltr'><strong>ao</strong></span> <span class='ocrx_word' id='word_1_20' title='bbox 309 655 470 732; x_wconf 90' lang='lat' dir='ltr'><strong>Nec</strong></span> <span class='ocrx_word' id='word_1_21' title='bbox 513 682 866 732; x_wconf 88' lang='lat' dir='ltr'><strong>socerum</strong></span> <span class='ocrx_word' id='word_1_22' title='bbox 921 658 1242 756; x_wconf 88' lang='lat' dir='ltr'><strong>quaerit,</strong></span> <span class='ocrx_word' id='word_1_23' title='bbox 1301 682 1534 756; x_wconf 85' lang='lat' dir='ltr'><strong>quem</strong></span> <span class='ocrx_word' id='word_1_24' title='bbox 1590 657 1937 733; x_wconf 87' lang='lat' dir='ltr'><strong>versibus</strong></span> <span class='ocrx_word' id='word_1_25' title='bbox 1982 657 2276 733; x_wconf 80' lang='lat' dir='ltr'><strong>oblinat</strong></span> <span class='ocrx_word' id='word_1_26' title='bbox 2331 658 2540 753; x_wconf 87' lang='lat' dir='ltr'><strong>atris,</strong></span> 
     </span>
     <span class='ocr_line' id='line_1_6' title="bbox 307 781 2324 880; baseline -0 -23"><span class='ocrx_word' id='word_1_27' title='bbox 307 781 472 857; x_wconf 91' lang='lat' dir='ltr'><strong>Nec</strong></span> <span class='ocrx_word' id='word_1_28' title='bbox 524 806 852 878; x_wconf 79' lang='lat' dir='ltr'><strong>sponsae</strong></span> <span class='ocrx_word' id='word_1_29' title='bbox 905 782 1266 880; x_wconf 88' lang='lat' dir='ltr'><strong>laqueum</strong></span> <span class='ocrx_word' id='word_1_30' title='bbox 1317 782 1616 857; x_wconf 83' lang='lat' dir='ltr'><strong>famoso</strong></span> <span class='ocrx_word' id='word_1_31' title='bbox 1671 783 2011 858; x_wconf 85' lang='lat' dir='ltr'><strong>carmine</strong></span> <span class='ocrx_word' id='word_1_32' title='bbox 2063 782 2324 858; x_wconf 82' lang='lat' dir='ltr'><strong>nectit.</strong></span> 
     </span>
     <span class='ocr_line' id='line_1_7' title="bbox 307 905 2324 1004; baseline 0 -23"><span class='ocrx_word' id='word_1_33' title='bbox 307 905 538 981; x_wconf 88' lang='lat' dir='ltr'><strong>Hunc</strong></span> <span class='ocrx_word' id='word_1_34' title='bbox 591 931 736 1004; x_wconf 84' lang='lat' dir='ltr'><strong>ego</strong></span> <span class='ocrx_word' id='word_1_35' title='bbox 783 932 943 980; x_wconf 93' lang='lat' dir='ltr'><strong>non</strong></span> <span class='ocrx_word' id='word_1_36' title='bbox 995 905 1148 981; x_wconf 89' lang='lat' dir='ltr'><strong>alio</strong></span> <span class='ocrx_word' id='word_1_37' title='bbox 1206 905 1497 982; x_wconf 84' lang='lat' dir='ltr'><strong>dictum</strong></span> <span class='ocrx_word' id='word_1_38' title='bbox 1552 908 1767 1004; x_wconf 88' lang='lat' dir='ltr'><strong>prius</strong></span> <span class='ocrx_word' id='word_1_39' title='bbox 1823 932 1956 981; x_wconf 92' lang='lat' dir='ltr'><strong>ore</strong></span> <span class='ocrx_word' id='word_1_40' title='bbox 2010 906 2324 982; x_wconf 84' lang='lat' dir='ltr'><strong>Latinus</strong></span> 
     </span>
     <span class='ocr_line' id='line_1_8' title="bbox 309 1030 2298 1128; baseline 0.001 -24"><span class='ocrx_word' id='word_1_41' title='bbox 309 1030 645 1128; x_wconf 85' lang='lat' dir='ltr'><strong>Vulgavi</strong></span> <span class='ocrx_word' id='word_1_42' title='bbox 695 1030 1022 1126; x_wconf 83' lang='lat' dir='ltr'><strong>fidicen3</strong></span> <span class='ocrx_word' id='word_1_43' title='bbox 1075 1031 1291 1107; x_wconf 84' lang='lat' dir='ltr'><strong>iuvat</strong></span> <span class='ocrx_word' id='word_1_44' title='bbox 1335 1032 1869 1108; x_wconf 87' lang='lat' dir='ltr'><strong>immemorata</strong></span> <span class='ocrx_word' id='word_1_45' title='bbox 1921 1032 2298 1107; x_wconf 84' lang='lat' dir='ltr'><strong>ferentem</strong></span> 
     </span>
     <span class='ocr_line' id='line_1_9' title="bbox 305 1154 2214 1256; baseline 0.001 -26"><span class='ocrx_word' id='word_1_46' title='bbox 305 1154 677 1254; x_wconf 83' lang='lat' dir='ltr'><strong>Ingenuis</strong></span> <span class='ocrx_word' id='word_1_47' title='bbox 731 1156 1129 1255; x_wconf 88' lang='lat' dir='ltr'><strong>oculisque</strong></span> <span class='ocrx_word' id='word_1_48' title='bbox 1177 1155 1337 1256; x_wconf 84' lang='lat' dir='ltr'><strong>legi</strong></span> <span class='ocrx_word' id='word_1_49' title='bbox 1387 1157 1897 1256; x_wconf 89' lang='lat' dir='ltr'><strong>manibusque</strong></span> <span class='ocrx_word' id='word_1_50' title='bbox 1944 1156 2214 1233; x_wconf 88' lang='lat' dir='ltr'><strong>teneri.</strong></span> 
     </span>
    </p>

    <p class='ocr_par' dir='ltr' id='par_1_5' title="bbox 223 1280 2608 1878">
     <span class='ocr_line' id='line_1_10' title="bbox 223 1280 2330 1380; baseline 0.002 -28"><span class='ocrx_word' id='word_1_51' title='bbox 223 1311 273 1352; x_wconf 65' lang='lat' dir='ltr'><strong>aa</strong></span> <span class='ocrx_word' id='word_1_52' title='bbox 311 1280 524 1358; x_wconf 85' lang='lat' dir='ltr'><strong>Scire</strong></span> <span class='ocrx_word' id='word_1_53' title='bbox 573 1280 788 1378; x_wconf 82' lang='lat' dir='ltr'><strong>velis,</strong></span> <span class='ocrx_word' id='word_1_54' title='bbox 847 1307 1018 1356; x_wconf 88' lang='lat' dir='ltr'><strong>mea</strong></span> <span class='ocrx_word' id='word_1_55' title='bbox 1069 1305 1206 1356; x_wconf 90' lang='lat' dir='ltr'><strong>cur</strong></span> <span class='ocrx_word' id='word_1_56' title='bbox 1257 1283 1607 1380; x_wconf 85' lang='lat' dir='ltr'><strong>ingratus</strong></span> <span class='ocrx_word' id='word_1_57' title='bbox 1662 1281 2039 1379; x_wconf 88' lang='lat' dir='ltr'><strong>opuscula</strong></span> <span class='ocrx_word' id='word_1_58' title='bbox 2086 1282 2330 1358; x_wconf 87' lang='lat' dir='ltr'><strong>lector</strong></span> 
     </span>
     <span class='ocr_line' id='line_1_11' title="bbox 309 1404 2608 1506; baseline -0 -25"><span class='ocrx_word' id='word_1_59' title='bbox 309 1405 613 1482; x_wconf 89' lang='lat' dir='ltr'><strong>Laudet</strong></span> <span class='ocrx_word' id='word_1_60' title='bbox 662 1417 1024 1504; x_wconf 86' lang='lat' dir='ltr'><strong>ametque</strong></span> <span class='ocrx_word' id='word_1_61' title='bbox 1079 1404 1314 1499; x_wconf 89' lang='lat' dir='ltr'><strong>domi,</strong></span> <span class='ocrx_word' id='word_1_62' title='bbox 1367 1419 1674 1505; x_wconf 84' lang='lat' dir='ltr'><strong>premat</strong></span> <span class='ocrx_word' id='word_1_63' title='bbox 1718 1419 1935 1481; x_wconf 79' lang='lat' dir='ltr'><strong>extra</strong></span> <span class='ocrx_word' id='word_1_64' title='bbox 1972 1405 2209 1481; x_wconf 90' lang='lat' dir='ltr'><strong>limen</strong></span> <span class='ocrx_word' id='word_1_65' title='bbox 2252 1405 2608 1506; x_wconf 82' lang='lat' dir='ltr'><strong>iniquus?</strong></span> 
     </span>
     <span class='ocr_line' id='line_1_12' title="bbox 303 1529 2121 1628; baseline -0.001 -22"><span class='ocrx_word' id='word_1_66' title='bbox 303 1530 482 1606; x_wconf 83' lang='lat' dir='ltr'><strong>Non</strong></span> <span class='ocrx_word' id='word_1_67' title='bbox 535 1555 682 1628; x_wconf 85' lang='lat' dir='ltr'><strong>ego</strong></span> <span class='ocrx_word' id='word_1_68' title='bbox 737 1543 1100 1606; x_wconf 87' lang='lat' dir='ltr'><strong>ventosae</strong></span> <span class='ocrx_word' id='word_1_69' title='bbox 1148 1529 1399 1628; x_wconf 86' lang='lat' dir='ltr'><strong>plebis</strong></span> <span class='ocrx_word' id='word_1_70' title='bbox 1453 1529 1827 1628; x_wconf 86' lang='lat' dir='ltr'><strong>suffragia</strong></span> <span class='ocrx_word' id='word_1_71' title='bbox 1879 1555 2121 1606; x_wconf 87' lang='lat' dir='ltr'><strong>venor</strong></span> 
     </span>
     <span class='ocr_line' id='line_1_13' title="bbox 303 1655 2196 1757; baseline 0 -25"><span class='ocrx_word' id='word_1_72' title='bbox 303 1655 687 1757; x_wconf 89' lang='lat' dir='ltr'><strong>Impensis</strong></span> <span class='ocrx_word' id='word_1_73' title='bbox 741 1681 1105 1731; x_wconf 82' lang='lat' dir='ltr'><strong>cenarum</strong></span> <span class='ocrx_word' id='word_1_74' title='bbox 1159 1666 1234 1732; x_wconf 89' lang='lat' dir='ltr'><strong>et</strong></span> <span class='ocrx_word' id='word_1_75' title='bbox 1285 1655 1509 1731; x_wconf 88' lang='lat' dir='ltr'><strong>tritae</strong></span> <span class='ocrx_word' id='word_1_76' title='bbox 1564 1682 1879 1733; x_wconf 91' lang='lat' dir='ltr'><strong>munere</strong></span> <span class='ocrx_word' id='word_1_77' title='bbox 1932 1657 2196 1752; x_wconf 82' lang='lat' dir='ltr'><strong>vestis3</strong></span> 
     </span>
     <span class='ocr_line' id='line_1_14' title="bbox 302 1779 2419 1878; baseline -0 -23"><span class='ocrx_word' id='word_1_78' title='bbox 302 1781 376 1856; x_wconf 91' lang='lat' dir='ltr'>N</span> <span class='ocrx_word' id='word_1_79' title='bbox 380 1806 482 1854; x_wconf 92' lang='lat' dir='ltr'><strong>on</strong></span> <span class='ocrx_word' id='word_1_80' title='bbox 535 1803 704 1878; x_wconf 83' lang='lat' dir='ltr'><strong>ege,</strong></span> <span class='ocrx_word' id='word_1_81' title='bbox 761 1779 1140 1855; x_wconf 90' lang='lat' dir='ltr'><strong>nobilium</strong></span> <span class='ocrx_word' id='word_1_82' title='bbox 1191 1780 1649 1876; x_wconf 83' lang='lat' dir='ltr'><strong>scriptorum</strong></span> <span class='ocrx_word' id='word_1_83' title='bbox 1710 1779 2017 1855; x_wconf 87' lang='lat' dir='ltr'><strong>auditor</strong></span> <span class='ocrx_word' id='word_1_84' title='bbox 2067 1793 2143 1856; x_wconf 92' lang='lat' dir='ltr'><strong>et</strong></span> <span class='ocrx_word' id='word_1_85' title='bbox 2191 1780 2419 1876; x_wconf 90' lang='lat' dir='ltr'><strong>ultor,</strong></span> 
     </span>
    </p>

    <p class='ocr_par' dir='ltr' id='par_1_6' title="bbox 220 1905 2365 2005">
     <span class='ocr_line' id='line_1_15' title="bbox 220 1905 2365 2005; baseline 0 -25"><span class='ocrx_word' id='word_1_86' title='bbox 220 1939 270 1980; x_wconf 70' lang='grc' dir='ltr'><strong>ιο</strong></span> <span class='ocrx_word' id='word_1_87' title='bbox 308 1905 870 1987; x_wconf 83' lang='lat' dir='ltr'><strong>Grammaticas</strong></span> <span class='ocrx_word' id='word_1_88' title='bbox 923 1905 1220 1982; x_wconf 88' lang='lat' dir='ltr'><strong>ambire</strong></span> <span class='ocrx_word' id='word_1_89' title='bbox 1270 1905 1516 1982; x_wconf 90' lang='lat' dir='ltr'><strong>tribus</strong></span> <span class='ocrx_word' id='word_1_90' title='bbox 1572 1917 1647 1981; x_wconf 87' lang='lat' dir='ltr'><strong>et</strong></span> <span class='ocrx_word' id='word_1_91' title='bbox 1696 1905 2000 2005; x_wconf 88' lang='lat' dir='ltr'><strong>pulpita</strong></span> <span class='ocrx_word' id='word_1_92' title='bbox 2053 1906 2365 2005; x_wconf 84' lang='lat' dir='ltr'><strong>dignor:</strong></span> 
     </span>
    </p>
   </div>
   <div class='ocr_carea' id='block_1_4' title="bbox 305 2029 1188 2108">
    <p class='ocr_par' dir='ltr' id='par_1_7' title="bbox 305 2029 1188 2108">
     <span class='ocr_line' id='line_1_16' title="bbox 305 2029 1188 2108; baseline -0.002 -1"><span class='ocrx_word' id='word_1_93' title='bbox 305 2031 517 2108; x_wconf 90' lang='lat' dir='ltr'><strong>Hinc</strong></span> <span class='ocrx_word' id='word_1_94' title='bbox 571 2029 752 2107; x_wconf 89' lang='lat' dir='ltr'><strong>illae</strong></span> <span class='ocrx_word' id='word_1_95' title='bbox 799 2029 1188 2107; x_wconf 86' lang='lat' dir='ltr'><strong>lacrimae.</strong></span> 
     </span>
    </p>
   </div>
   <div class='ocr_carea' id='block_1_5' title="bbox 1294 2030 2361 2130">
    <p class='ocr_par' dir='ltr' id='par_1_8' title="bbox 1294 2030 2361 2130">
     <span class='ocr_line' id='line_1_17' title="bbox 1294 2030 2361 2130; baseline 0 -22"><span class='ocrx_word' id='word_1_96' title='bbox 1294 2031 1623 2130; x_wconf 83' lang='lat' dir='ltr'><strong>„Spissis</strong></span> <span class='ocrx_word' id='word_1_97' title='bbox 1680 2030 2001 2130; x_wconf 87' lang='lat' dir='ltr'><strong>indigna</strong></span> <span class='ocrx_word' id='word_1_98' title='bbox 2044 2031 2361 2108; x_wconf 82' lang='lat' dir='ltr'><strong>theatris</strong></span> 
     </span>
    </p>
   </div>
   <div class='ocr_carea' id='block_1_6' title="bbox 304 2153 2443 2507">
    <p class='ocr_par' dir='ltr' id='par_1_9' title="bbox 304 2153 2443 2507">
     <span class='ocr_line' id='line_1_18' title="bbox 305 2153 2443 2258; baseline -0.001 -23"><span class='ocrx_word' id='word_1_99' title='bbox 305 2157 609 2254; x_wconf 85' lang='lat' dir='ltr'><strong>Scripta</strong></span> <span class='ocrx_word' id='word_1_100' title='bbox 658 2155 900 2258; x_wconf 89' lang='lat' dir='ltr'><strong>pudet</strong></span> <span class='ocrx_word' id='word_1_101' title='bbox 949 2157 1272 2233; x_wconf 89' lang='lat' dir='ltr'><strong>recitare</strong></span> <span class='ocrx_word' id='word_1_102' title='bbox 1323 2170 1400 2232; x_wconf 86' lang='lat' dir='ltr'><strong>et</strong></span> <span class='ocrx_word' id='word_1_103' title='bbox 1446 2157 1671 2254; x_wconf 85' lang='lat' dir='ltr'><strong>nugis</strong></span> <span class='ocrx_word' id='word_1_104' title='bbox 1725 2157 2013 2233; x_wconf 85' lang='lat' dir='ltr'><strong>addere</strong></span> <span class='ocrx_word' id='word_1_105' title='bbox 2064 2153 2443 2257; x_wconf 88' lang='lat' dir='ltr'><strong>pondus‚“</strong></span> 
     </span>
     <span class='ocr_line' id='line_1_19' title="bbox 304 2277 2178 2380; baseline -0.001 -22"><span class='ocrx_word' id='word_1_106' title='bbox 304 2281 388 2358; x_wconf 84' lang='lat' dir='ltr'><strong>Si</strong></span> <span class='ocrx_word' id='word_1_107' title='bbox 444 2281 630 2378; x_wconf 85' lang='lat' dir='ltr'><strong>dixi,</strong></span> <span class='ocrx_word' id='word_1_108' title='bbox 686 2277 1040 2380; x_wconf 85' lang='lat' dir='ltr'><strong>‚‚Rides,“</strong></span> <span class='ocrx_word' id='word_1_109' title='bbox 1084 2283 1192 2359; x_wconf 87' lang='lat' dir='ltr'><strong>ait</strong></span> <span class='ocrx_word' id='word_1_110' title='bbox 1235 2296 1362 2377; x_wconf 90' lang='lat' dir='ltr'><strong>„et</strong></span> <span class='ocrx_word' id='word_1_111' title='bbox 1408 2281 1615 2358; x_wconf 82' lang='lat' dir='ltr'><strong>Iovis</strong></span> <span class='ocrx_word' id='word_1_112' title='bbox 1668 2283 1984 2358; x_wconf 89' lang='lat' dir='ltr'><strong>auribus</strong></span> <span class='ocrx_word' id='word_1_113' title='bbox 2031 2285 2178 2358; x_wconf 85' lang='lat' dir='ltr'><strong>ista</strong></span> 
     </span>
     <span class='ocr_line' id='line_1_20' title="bbox 307 2405 2115 2507; baseline -0.001 -22"><span class='ocrx_word' id='word_1_114' title='bbox 307 2405 624 2485; x_wconf 83' lang='lat' dir='ltr'><strong>Servas:</strong></span> <span class='ocrx_word' id='word_1_115' title='bbox 675 2407 849 2483; x_wconf 89' lang='lat' dir='ltr'><strong>fidis</strong></span> <span class='ocrx_word' id='word_1_116' title='bbox 903 2408 1106 2485; x_wconf 88' lang='lat' dir='ltr'><strong>enim</strong></span> <span class='ocrx_word' id='word_1_117' title='bbox 1164 2434 1478 2484; x_wconf 86' lang='lat' dir='ltr'><strong>manare</strong></span> <span class='ocrx_word' id='word_1_118' title='bbox 1527 2407 1831 2507; x_wconf 86' lang='lat' dir='ltr'><strong>poetica</strong></span> <span class='ocrx_word' id='word_1_119' title='bbox 1881 2409 2115 2485; x_wconf 84' lang='lat' dir='ltr'><strong>mella</strong></span> 
     </span>
    </p>
   </div>
   <div class='ocr_carea' id='block_1_7' title="bbox 218 2532 1337 2630">
    <p class='ocr_par' dir='ltr' id='par_1_10' title="bbox 218 2532 1337 2630">
     <span class='ocr_line' id='line_1_21' title="bbox 218 2532 1337 2630; baseline 0 -24"><span class='ocrx_word' id='word_1_120' title='bbox 218 2565 270 2606; x_wconf 75' lang='lat'><strong>45</strong></span> <span class='ocrx_word' id='word_1_121' title='bbox 307 2533 424 2608; x_wconf 87' lang='lat' dir='ltr'><strong>Te</strong></span> <span class='ocrx_word' id='word_1_122' title='bbox 473 2532 750 2628; x_wconf 89' lang='lat' dir='ltr'><strong>solum,</strong></span> <span class='ocrx_word' id='word_1_123' title='bbox 800 2532 944 2608; x_wconf 89' lang='lat' dir='ltr'><strong>tibi</strong></span> <span class='ocrx_word' id='word_1_124' title='bbox 999 2532 1337 2630; x_wconf 85' lang='lat' dir='ltr'><strong>pulcher.</strong></span> 
     </span>
    </p>
   </div>
   <div class='ocr_carea' id='block_1_8' title="bbox 195 2781 1368 4644">
    <p class='ocr_par' dir='ltr' id='par_1_11' title="bbox 195 2781 1368 4644">
     <span class='ocr_line' id='line_1_22' title="bbox 203 2781 1363 2852; baseline 0.004 -19"><span class='ocrx_word' id='word_1_125' title='bbox 203 2781 288 2834; x_wconf 86' lang='lat'><strong>13.</strong></span> <span class='ocrx_word' id='word_1_126' title='bbox 328 2810 400 2820; x_wconf 93' lang='lat'><strong>—</strong></span> <span class='ocrx_word' id='word_1_127' title='bbox 441 2781 686 2836; x_wconf 67' lang='lat' dir='ltr'><strong>mascula</strong></span> <span class='ocrx_word' id='word_1_128' title='bbox 719 2781 962 2852; x_wconf 73' lang='lat' dir='ltr'><strong>Sappho]</strong></span> <span class='ocrx_word' id='word_1_129' title='bbox 1009 2800 1154 2851; x_wconf 85' lang='lat' dir='ltr'><strong>quae</strong></span> <span class='ocrx_word' id='word_1_130' title='bbox 1189 2800 1363 2852; x_wconf 83' lang='lat' dir='ltr'><strong>quan·</strong></span> 
     </span>
     <span class='ocr_line' id='line_1_23' title="bbox 201 2853 1364 2924; baseline 0.002 -18"><span class='ocrx_word' id='word_1_131' title='bbox 201 2868 373 2920; x_wconf 88' lang='lat' dir='ltr'><strong>quam</strong></span> <span class='ocrx_word' id='word_1_132' title='bbox 422 2853 627 2908; x_wconf 83' lang='lat' dir='ltr'><strong>mulier</strong></span> <span class='ocrx_word' id='word_1_133' title='bbox 671 2854 862 2908; x_wconf 83' lang='lat' dir='ltr'><strong>virum</strong></span> <span class='ocrx_word' id='word_1_134' title='bbox 903 2860 1093 2909; x_wconf 88' lang='lat' dir='ltr'><strong>tamen</strong></span> <span class='ocrx_word' id='word_1_135' title='bbox 1149 2855 1364 2924; x_wconf 84' lang='lat' dir='ltr'><strong>ingenii</strong></span> 
     </span>
     <span class='ocr_line' id='line_1_24' title="bbox 197 2924 1358 2996; baseline 0.003 -19"><span class='ocrx_word' id='word_1_136' title='bbox 197 2924 424 2978; x_wconf 81' lang='lat' dir='ltr'><strong>viribus</strong></span> <span class='ocrx_word' id='word_1_137' title='bbox 469 2925 871 2994; x_wconf 81' lang='lat' dir='ltr'><strong>aequiperavit.</strong></span> <span class='ocrx_word' id='word_1_138' title='bbox 931 2955 998 2965; x_wconf 93' lang='grc'><strong>-</strong></span> <span class='ocrx_word' id='word_1_139' title='bbox 1049 2927 1213 2996; x_wconf 71' lang='lat' dir='ltr'><strong>hunc]</strong></span> <span class='ocrx_word' id='word_1_140' title='bbox 1261 2927 1358 2980; x_wconf 79' lang='lat' dir='ltr'><strong>Al·</strong></span> 
     </span>
     <span class='ocr_line' id='line_1_25' title="bbox 199 2995 1366 3067; baseline 0.001 -17"><span class='ocrx_word' id='word_1_141' title='bbox 199 3013 417 3050; x_wconf 83' lang='lat' dir='ltr'><strong>cacum.</strong></span> <span class='ocrx_word' id='word_1_142' title='bbox 455 2995 634 3050; x_wconf 87' lang='lat' dir='ltr'><strong>Carm.</strong></span> <span class='ocrx_word' id='word_1_143' title='bbox 671 2995 767 3064; x_wconf 90' lang='lat' dir='ltr'><strong>IV,</strong></span> <span class='ocrx_word' id='word_1_144' title='bbox 810 3001 860 3060; x_wconf 86' lang='lat'><strong>3,</strong></span> <span class='ocrx_word' id='word_1_145' title='bbox 899 2999 986 3051; x_wconf 82' lang='lat'><strong>22.</strong></span> <span class='ocrx_word' id='word_1_146' title='bbox 1021 2997 1124 3067; x_wconf 88' lang='lat'>111,</span> <span class='ocrx_word' id='word_1_147' title='bbox 1163 3001 1248 3064; x_wconf 86' lang='lat'><strong>30,</strong></span> <span class='ocrx_word' id='word_1_148' title='bbox 1281 3001 1366 3052; x_wconf 82' lang='lat'><strong>13.</strong></span> 
     </span>
     <span class='ocr_line' id='line_1_26' title="bbox 199 3067 1366 3125; baseline 0.002 -3"><span class='ocrx_word' id='word_1_149' title='bbox 199 3067 510 3122; x_wconf 86' lang='lat' dir='ltr'><strong>Horkelius</strong></span> <span class='ocrx_word' id='word_1_150' title='bbox 555 3068 910 3124; x_wconf 86' lang='lat' dir='ltr'><strong>scribendum</strong></span> <span class='ocrx_word' id='word_1_151' title='bbox 960 3086 1078 3124; x_wconf 86' lang='lat' dir='ltr'><strong>esse</strong></span> <span class='ocrx_word' id='word_1_152' title='bbox 1125 3069 1366 3125; x_wconf 85' lang='lat' dir='ltr'><strong>coniecit</strong></span> 
     </span>
     <span class='ocr_line' id='line_1_27' title="bbox 199 3139 1364 3210; baseline 0.004 -18"><span class='ocrx_word' id='word_1_153' title='bbox 199 3139 330 3194; x_wconf 76' lang='lat' dir='ltr'><strong>hinc</strong></span> <span class='ocrx_word' id='word_1_154' title='bbox 367 3155 470 3208; x_wconf 69' lang='lat' dir='ltr'><strong>eqo</strong></span> <span class='ocrx_word' id='word_1_155' title='bbox 507 3155 618 3193; x_wconf 76' lang='lat' dir='ltr'><strong>non</strong></span> <span class='ocrx_word' id='word_1_156' title='bbox 655 3139 772 3195; x_wconf 75' lang='lat' dir='ltr'><strong>alio</strong></span> <span class='ocrx_word' id='word_1_157' title='bbox 805 3139 1018 3195; x_wconf 75' lang='lat' dir='ltr'><strong>dictum</strong></span> <span class='ocrx_word' id='word_1_158' title='bbox 1059 3143 1222 3196; x_wconf 77' lang='lat' dir='ltr'><strong>melos</strong></span> <span class='ocrx_word' id='word_1_159' title='bbox 1256 3157 1364 3210; x_wconf 78' lang='lat' dir='ltr'><strong>ore,</strong></span> 
     </span>
     <span class='ocr_line' id='line_1_28' title="bbox 203 3211 1364 3279; baseline 0.002 -15"><span class='ocrx_word' id='word_1_160' title='bbox 203 3227 448 3279; x_wconf 83' lang='lat' dir='ltr'><strong>quocum</strong></span> <span class='ocrx_word' id='word_1_161' title='bbox 486 3211 732 3265; x_wconf 77' lang='lat' dir='ltr'><strong>conferri</strong></span> <span class='ocrx_word' id='word_1_162' title='bbox 767 3213 926 3266; x_wconf 87' lang='lat' dir='ltr'><strong>iubet</strong></span> <span class='ocrx_word' id='word_1_163' title='bbox 963 3211 1145 3267; x_wconf 87' lang='lat' dir='ltr'><strong>Carm.</strong></span> <span class='ocrx_word' id='word_1_164' title='bbox 1183 3213 1284 3276; x_wconf 91' lang='lat'>111,</span> <span class='ocrx_word' id='word_1_165' title='bbox 1311 3216 1364 3276; x_wconf 88' lang='lat'><strong>4,</strong></span> 
     </span>
     <span class='ocr_line' id='line_1_29' title="bbox 208 3282 1366 3354; baseline 0.003 -20"><span class='ocrx_word' id='word_1_166' title='bbox 208 3287 252 3334; x_wconf 86' lang='lat'><strong>1.</strong></span> <span class='ocrx_word' id='word_1_167' title='bbox 295 3282 570 3337; x_wconf 83' lang='lat' dir='ltr'><strong>Lehrsius</strong></span> <span class='ocrx_word' id='word_1_168' title='bbox 601 3299 670 3337; x_wconf 87' lang='lat' dir='ltr'><strong>ex</strong></span> <span class='ocrx_word' id='word_1_169' title='bbox 697 3284 1040 3338; x_wconf 80' lang='lat' dir='ltr'><strong>coniectura:</strong></span> <span class='ocrx_word' id='word_1_170' title='bbox 1083 3301 1230 3354; x_wconf 86' lang='lat' dir='ltr'><strong>„non</strong></span> <span class='ocrx_word' id='word_1_171' title='bbox 1265 3285 1366 3339; x_wconf 87' lang='lat' dir='ltr'><strong>alii</strong></span> 
     </span>
     <span class='ocr_line' id='line_1_30' title="bbox 202 3354 1365 3425; baseline 0.003 -17"><span class='ocrx_word' id='word_1_172' title='bbox 202 3355 424 3408; x_wconf 84' lang='lat' dir='ltr'><strong>dictum</strong></span> <span class='ocrx_word' id='word_1_173' title='bbox 485 3354 644 3422; x_wconf 85' lang='lat' dir='ltr'><strong>prius</strong></span> <span class='ocrx_word' id='word_1_174' title='bbox 706 3373 806 3410; x_wconf 90' lang='lat' dir='ltr'><strong>ore</strong></span> <span class='ocrx_word' id='word_1_175' title='bbox 865 3355 1139 3425; x_wconf 87' lang='lat' dir='ltr'><strong>Latin0‚“</strong></span> <span class='ocrx_word' id='word_1_176' title='bbox 1197 3357 1365 3411; x_wconf 84' lang='lat' dir='ltr'><strong>nimis</strong></span> 
     </span>
     <span class='ocr_line' id='line_1_31' title="bbox 201 3426 1368 3497; baseline 0.002 -17"><span class='ocrx_word' id='word_1_177' title='bbox 201 3429 386 3480; x_wconf 84' lang='lat' dir='ltr'><strong>acute.</strong></span> <span class='ocrx_word' id='word_1_178' title='bbox 411 3455 478 3465; x_wconf 90' lang='lat'>—</span> <span class='ocrx_word' id='word_1_179' title='bbox 507 3426 904 3496; x_wconf 75' lang='lat' dir='ltr'><strong>immemorata]</strong></span> <span class='ocrx_word' id='word_1_180' title='bbox 943 3446 1014 3497; x_wconf 89' lang='lat' dir='ltr'><strong>„a</strong></span> <span class='ocrx_word' id='word_1_181' title='bbox 1039 3429 1198 3482; x_wconf 87' lang='lat' dir='ltr'><strong>nullo</strong></span> <span class='ocrx_word' id='word_1_182' title='bbox 1236 3433 1368 3482; x_wconf 81' lang='lat' dir='ltr'><strong>ante</strong></span> 
     </span>
     <span class='ocr_line' id='line_1_32' title="bbox 201 3495 1364 3570; baseline 0.003 -20"><span class='ocrx_word' id='word_1_183' title='bbox 201 3497 414 3552; x_wconf 87' lang='lat' dir='ltr'><strong>dicta.“</strong></span> <span class='ocrx_word' id='word_1_184' title='bbox 492 3495 698 3551; x_wconf 86' lang='lat' dir='ltr'><strong>Comm.</strong></span> <span class='ocrx_word' id='word_1_185' title='bbox 739 3497 905 3568; x_wconf 85' lang='lat' dir='ltr'><strong>Cruq.</strong></span> <span class='ocrx_word' id='word_1_186' title='bbox 967 3526 1032 3538; x_wconf 83' lang='lat'><strong>--</strong></span> <span class='ocrx_word' id='word_1_187' title='bbox 1085 3499 1364 3570; x_wconf 61' lang='lat' dir='ltr'><strong>ingenuis]</strong></span> 
     </span>
     <span class='ocr_line' id='line_1_33' title="bbox 199 3568 1366 3639; baseline 0.002 -17"><span class='ocrx_word' id='word_1_188' title='bbox 199 3569 582 3639; x_wconf 73' lang='lat' dir='ltr'><strong>ingenuorum</strong></span> <span class='ocrx_word' id='word_1_189' title='bbox 617 3568 926 3638; x_wconf 88' lang='lat' dir='ltr'><strong>hominum,</strong></span> <span class='ocrx_word' id='word_1_190' title='bbox 962 3570 1200 3626; x_wconf 83' lang='lat' dir='ltr'><strong>candide</strong></span> <span class='ocrx_word' id='word_1_191' title='bbox 1225 3571 1366 3625; x_wconf 88' lang='lat' dir='ltr'><strong>iudi·</strong></span> 
     </span>
     <span class='ocr_line' id='line_1_34' title="bbox 199 3641 1366 3711; baseline 0.002 -17"><span class='ocrx_word' id='word_1_192' title='bbox 199 3641 475 3695; x_wconf 84' lang='lat' dir='ltr'><strong>cantium.</strong></span> <span class='ocrx_word' id='word_1_193' title='bbox 531 3669 596 3680; x_wconf 89' lang='lat'><strong>-·</strong></span> <span class='ocrx_word' id='word_1_194' title='bbox 649 3641 888 3711; x_wconf 78' lang='lat' dir='ltr'><strong>premat]</strong></span> <span class='ocrx_word' id='word_1_195' title='bbox 951 3641 1184 3709; x_wconf 85' lang='lat' dir='ltr'><strong>Quintil.</strong></span> <span class='ocrx_word' id='word_1_196' title='bbox 1240 3643 1366 3706; x_wconf 90' lang='lat' dir='ltr'><strong>XII,</strong></span> 
     </span>
     <span class='ocr_line' id='line_1_35' title="bbox 205 3713 1366 3783; baseline 0.003 -19"><span class='ocrx_word' id='word_1_197' title='bbox 205 3715 290 3776; x_wconf 89' lang='lat'><strong>10,</strong></span> <span class='ocrx_word' id='word_1_198' title='bbox 335 3715 431 3766; x_wconf 83' lang='lat'><strong>14:</strong></span> <span class='ocrx_word' id='word_1_199' title='bbox 488 3713 824 3781; x_wconf 76' lang='lat' dir='ltr'><strong>„praecipue</strong></span> <span class='ocrx_word' id='word_1_200' title='bbox 877 3719 1192 3783; x_wconf 69' lang='lat' dir='ltr'><strong>presserunt</strong></span> <span class='ocrx_word' id='word_1_201' title='bbox 1238 3731 1366 3768; x_wconf 88' lang='lat' dir='ltr'><strong>eum</strong></span> 
     </span>
     <span class='ocr_line' id='line_1_36' title="bbox 203 3783 1365 3852; baseline 0.003 -16"><span class='ocrx_word' id='word_1_202' title='bbox 203 3783 307 3846; x_wconf 85' lang='lat' dir='ltr'><strong>(M.</strong></span> <span class='ocrx_word' id='word_1_203' title='bbox 346 3783 626 3849; x_wconf 87' lang='lat' dir='ltr'><strong>Tullium)</strong></span> <span class='ocrx_word' id='word_1_204' title='bbox 673 3785 769 3852; x_wconf 90' lang='lat' dir='ltr'><strong>qui</strong></span> <span class='ocrx_word' id='word_1_205' title='bbox 815 3785 996 3839; x_wconf 85' lang='lat' dir='ltr'><strong>videri</strong></span> <span class='ocrx_word' id='word_1_206' title='bbox 1041 3785 1365 3839; x_wconf 84' lang='lat' dir='ltr'><strong>Atticorum</strong></span> 
     </span>
     <span class='ocr_line' id='line_1_37' title="bbox 201 3855 1363 3938; baseline 0.002 -30"><span class='ocrx_word' id='word_1_207' title='bbox 201 3855 526 3938; x_wconf 73' lang='lat' dir='ltr'><strong>imitatores</strong></span> <span class='ocrx_word' id='word_1_208' title='bbox 563 3855 916 3924; x_wconf 86' lang='lat' dir='ltr'><strong>cupierunt.“</strong></span> <span class='ocrx_word' id='word_1_209' title='bbox 953 3857 1030 3911; x_wconf 89' lang='lat' dir='ltr'><strong>id.</strong></span> <span class='ocrx_word' id='word_1_210' title='bbox 1061 3857 1158 3924; x_wconf 84' lang='lat' dir='ltr'><strong>XI,</strong></span> <span class='ocrx_word' id='word_1_211' title='bbox 1197 3861 1242 3924; x_wconf 90' lang='lat' dir='ltr'><strong>l,</strong></span> <span class='ocrx_word' id='word_1_212' title='bbox 1273 3859 1363 3910; x_wconf 85' lang='lat'><strong>16:</strong></span> 
     </span>
     <span class='ocr_line' id='line_1_38' title="bbox 197 3927 1364 4068; baseline 0.001 -16"><span class='ocrx_word' id='word_1_213' title='bbox 197 3943 344 4052; x_wconf 73' lang='grc'><strong>;·,,;;;</strong></span> <span class='ocrx_word' id='word_1_214' title='bbox 365 3944 440 4052; x_wconf 69' lang='lat'><strong>:3</strong></span> <span class='ocrx_word' id='word_1_215' title='bbox 459 3927 1364 4068; x_wconf 53' lang='lat' dir='ltr'><strong>dztsssss..2⁰232a35{0.332012351</strong></span> 
     </span>
     <span class='ocr_line' id='line_1_39' title="bbox 198 4069 1363 4138; baseline 0.002 -14"><span class='ocrx_word' id='word_1_216' title='bbox 198 4069 344 4124; x_wconf 88' lang='lat' dir='ltr'><strong>Cum</strong></span> <span class='ocrx_word' id='word_1_217' title='bbox 383 4069 616 4138; x_wconf 78' lang='lat' dir='ltr'><strong>Granio,</strong></span> <span class='ocrx_word' id='word_1_218' title='bbox 653 4070 952 4133; x_wconf 82' lang='lat' dir='ltr'><strong>Meinekio,</strong></span> <span class='ocrx_word' id='word_1_219' title='bbox 1003 4071 1363 4126; x_wconf 89' lang='lat' dir='ltr'><strong>Doederlinio</strong></span> 
     </span>
     <span class='ocr_line' id='line_1_40' title="bbox 196 4140 1364 4214; baseline 0.003 -20"><span class='ocrx_word' id='word_1_220' title='bbox 196 4146 330 4210; x_wconf 78' lang='lat' dir='ltr'><strong>poet</strong></span> <span class='ocrx_word' id='word_1_221' title='bbox 393 4140 620 4209; x_wconf 70' lang='lat' dir='ltr'><strong>iniquus</strong></span> <span class='ocrx_word' id='word_1_222' title='bbox 691 4142 1079 4213; x_wconf 84' lang='lat' dir='ltr'><strong>interrogandi</strong></span> <span class='ocrx_word' id='word_1_223' title='bbox 1141 4145 1364 4214; x_wconf 74' lang='lat' dir='ltr'><strong>signum</strong></span> 
     </span>
     <span class='ocr_line' id='line_1_41' title="bbox 196 4213 1363 4285; baseline 0.002 -19"><span class='ocrx_word' id='word_1_224' title='bbox 196 4213 385 4282; x_wconf 84' lang='lat' dir='ltr'><strong>posui,</strong></span> <span class='ocrx_word' id='word_1_225' title='bbox 425 4213 572 4267; x_wconf 86' lang='lat' dir='ltr'><strong>unde</strong></span> <span class='ocrx_word' id='word_1_226' title='bbox 613 4216 856 4282; x_wconf 86' lang='lat' dir='ltr'><strong>protasis</strong></span> <span class='ocrx_word' id='word_1_227' title='bbox 902 4215 1214 4285; x_wconf 80' lang='lat' dir='ltr'><strong>gratiorem</strong></span> <span class='ocrx_word' id='word_1_228' title='bbox 1250 4214 1363 4268; x_wconf 84' lang='lat' dir='ltr'><strong>for·</strong></span> 
     </span>
     <span class='ocr_line' id='line_1_42' title="bbox 198 4284 1362 4355; baseline 0.003 -18"><span class='ocrx_word' id='word_1_229' title='bbox 198 4302 353 4338; x_wconf 85' lang='lat' dir='ltr'><strong>mam</strong></span> <span class='ocrx_word' id='word_1_230' title='bbox 393 4284 672 4339; x_wconf 83' lang='lat' dir='ltr'><strong>indueret.</strong></span> <span class='ocrx_word' id='word_1_231' title='bbox 691 4313 762 4324; x_wconf 94' lang='lat'>—</span> <span class='ocrx_word' id='word_1_232' title='bbox 783 4286 1060 4354; x_wconf 77' lang='lat' dir='ltr'><strong>ventosae]</strong></span> <span class='ocrx_word' id='word_1_233' title='bbox 1093 4292 1158 4341; x_wconf 87' lang='lat' dir='ltr'><strong>ut</strong></span> <span class='ocrx_word' id='word_1_234' title='bbox 1179 4287 1362 4355; x_wconf 85' lang='lat' dir='ltr'><strong>Epist.</strong></span> 
     </span>
     <span class='ocr_line' id='line_1_43' title="bbox 195 4355 1362 4418; baseline 0.002 -9"><span class='ocrx_word' id='word_1_235' title='bbox 195 4355 242 4416; x_wconf 88' lang='lat'><strong>1,</strong></span> <span class='ocrx_word' id='word_1_236' title='bbox 280 4357 334 4418; x_wconf 82' lang='lat'><strong>8,</strong></span> <span class='ocrx_word' id='word_1_237' title='bbox 379 4357 466 4408; x_wconf 81' lang='lat'><strong>12.</strong></span> <span class='ocrx_word' id='word_1_238' title='bbox 535 4355 621 4410; x_wconf 91' lang='lat' dir='ltr'><strong>De</strong></span> <span class='ocrx_word' id='word_1_239' title='bbox 665 4373 728 4410; x_wconf 91' lang='lat' dir='ltr'><strong>re</strong></span> <span class='ocrx_word' id='word_1_240' title='bbox 773 4357 840 4411; x_wconf 85' lang='lat' dir='ltr'><strong>cf.</strong></span> <span class='ocrx_word' id='word_1_241' title='bbox 890 4360 961 4411; x_wconf 79' lang='lat' dir='ltr'><strong>A.</strong></span> <span class='ocrx_word' id='word_1_242' title='bbox 1008 4357 1072 4410; x_wconf 91' lang='lat' dir='ltr'><strong>P.</strong></span> <span class='ocrx_word' id='word_1_243' title='bbox 1115 4361 1237 4411; x_wconf 79' lang='lat'><strong>420.</strong></span> <span class='ocrx_word' id='word_1_244' title='bbox 1295 4386 1362 4400; x_wconf 88' lang='lat'><strong>--</strong></span> 
     </span>
     <span class='ocr_line' id='line_1_44' title="bbox 197 4427 1362 4496; baseline 0.003 -16"><span class='ocrx_word' id='word_1_245' title='bbox 197 4427 372 4482; x_wconf 75' lang='lat' dir='ltr'><strong>tritae</strong></span> <span class='ocrx_word' id='word_1_246' title='bbox 404 4427 593 4496; x_wconf 72' lang='lat' dir='ltr'><strong>meis]</strong></span> <span class='ocrx_word' id='word_1_247' title='bbox 627 4429 839 4483; x_wconf 76' lang='lat' dir='ltr'><strong>Aaron:</strong></span> <span class='ocrx_word' id='word_1_248' title='bbox 879 4446 1028 4496; x_wconf 87' lang='lat' dir='ltr'><strong>„non</strong></span> <span class='ocrx_word' id='word_1_249' title='bbox 1061 4428 1252 4484; x_wconf 81' lang='lat' dir='ltr'><strong>tribuo</strong></span> <span class='ocrx_word' id='word_1_250' title='bbox 1289 4430 1362 4484; x_wconf 92' lang='lat' dir='ltr'><strong>ci-</strong></span> 
     </span>
     <span class='ocr_line' id='line_1_45' title="bbox 196 4498 1364 4570; baseline 0.003 -19"><span class='ocrx_word' id='word_1_251' title='bbox 196 4498 340 4552; x_wconf 87' lang='lat' dir='ltr'><strong>bum</strong></span> <span class='ocrx_word' id='word_1_252' title='bbox 387 4502 446 4552; x_wconf 88' lang='lat' dir='ltr'><strong>et</strong></span> <span class='ocrx_word' id='word_1_253' title='bbox 491 4501 826 4554; x_wconf 80' lang='lat' dir='ltr'><strong>vestimenta</strong></span> <span class='ocrx_word' id='word_1_254' title='bbox 867 4501 1090 4570; x_wconf 73' lang='lat' dir='ltr'><strong>vulgari</strong></span> <span class='ocrx_word' id='word_1_255' title='bbox 1135 4501 1364 4570; x_wconf 82' lang='lat' dir='ltr'><strong>populo,</strong></span> 
     </span>
     <span class='ocr_line' id='line_1_46' title="bbox 201 4569 1362 4644; baseline 0.004 -21"><span class='ocrx_word' id='word_1_256' title='bbox 201 4575 270 4624; x_wconf 87' lang='lat' dir='ltr'><strong>ut</strong></span> <span class='ocrx_word' id='word_1_257' title='bbox 313 4585 410 4624; x_wconf 83' lang='lat' dir='ltr'><strong>me</strong></span> <span class='ocrx_word' id='word_1_258' title='bbox 451 4569 660 4627; x_wconf 85' lang='lat' dir='ltr'><strong>laudet.</strong></span> <span class='ocrx_word' id='word_1_259' title='bbox 731 4570 909 4628; x_wconf 81' lang='lat' dir='ltr'><strong>Persii</strong></span> <span class='ocrx_word' id='word_1_260' title='bbox 953 4571 1100 4628; x_wconf 88' lang='lat' dir='ltr'><strong>illud</strong></span> <span class='ocrx_word' id='word_1_261' title='bbox 1135 4571 1210 4642; x_wconf 86' lang='lat'><strong>(1,</strong></span> <span class='ocrx_word' id='word_1_262' title='bbox 1245 4575 1362 4644; x_wconf 79' lang='lat'><strong>58)=</strong></span> 
     </span>
    </p>
   </div>
   <div class='ocr_carea' id='block_1_9' title="bbox 1347 2529 1388 2569">
    <p class='ocr_par' dir='ltr' id='par_1_12' title="bbox 1347 2529 1388 2569">
     <span class='ocr_line' id='line_1_47' title="bbox 1347 2529 1388 2569; baseline -0.024 0"><span class='ocrx_word' id='word_1_263' title='bbox 1347 2529 1388 2569; x_wconf 69' lang='lat' dir='ltr'><strong>‘C</strong></span> 
     </span>
    </p>
   </div>
   <div class='ocr_carea' id='block_1_10' title="bbox 1488 2533 2579 2631">
    <p class='ocr_par' dir='ltr' id='par_1_13' title="bbox 1488 2533 2579 2631">
     <span class='ocr_line' id='line_1_48' title="bbox 1488 2533 2579 2631; baseline 0.001 -23"><span class='ocrx_word' id='word_1_264' title='bbox 1488 2533 1613 2608; x_wconf 86' lang='lat' dir='ltr'><strong>Ad</strong></span> <span class='ocrx_word' id='word_1_265' title='bbox 1671 2533 1859 2610; x_wconf 87' lang='lat' dir='ltr'><strong>haec</strong></span> <span class='ocrx_word' id='word_1_266' title='bbox 1903 2560 2047 2631; x_wconf 87' lang='lat' dir='ltr'><strong>ego</strong></span> <span class='ocrx_word' id='word_1_267' title='bbox 2100 2533 2413 2610; x_wconf 86' lang='lat' dir='ltr'><strong>naribus</strong></span> <span class='ocrx_word' id='word_1_268' title='bbox 2464 2534 2579 2609; x_wconf 86' lang='lat' dir='ltr'><strong>uti</strong></span> 
     </span>
    </p>
   </div>
   <div class='ocr_carea' id='block_1_11' title="bbox 1454 2781 2615 4569">
    <p class='ocr_par' dir='ltr' id='par_1_14' title="bbox 1454 2781 2615 4569">
     <span class='ocr_line' id='line_1_49' title="bbox 1458 2781 2612 2853; baseline 0 -15"><span class='ocrx_word' id='word_1_269' title='bbox 1458 2783 1713 2838; x_wconf 83' lang='lat' dir='ltr'><strong>Calidum</strong></span> <span class='ocrx_word' id='word_1_270' title='bbox 1753 2785 1859 2838; x_wconf 86' lang='lat' dir='ltr'><strong>scis</strong></span> <span class='ocrx_word' id='word_1_271' title='bbox 1894 2801 2104 2853; x_wconf 88' lang='lat' dir='ltr'><strong>ponere</strong></span> <span class='ocrx_word' id='word_1_272' title='bbox 2135 2801 2255 2838; x_wconf 86' lang='lat' dir='ltr'><strong>sum</strong></span> <span class='ocrx_word' id='word_1_273' title='bbox 2330 2825 2345 2848; x_wconf 88' lang='lat'>,</span> <span class='ocrx_word' id='word_1_274' title='bbox 2366 2781 2485 2838; x_wconf 83' lang='lat' dir='ltr'><strong>Scis</strong></span> <span class='ocrx_word' id='word_1_275' title='bbox 2522 2799 2612 2838; x_wconf 87' lang='lat' dir='ltr'><strong>eo·</strong></span> 
     </span>
     <span class='ocr_line' id='line_1_50' title="bbox 1455 2855 2611 2914; baseline 0 -4"><span class='ocrx_word' id='word_1_276' title='bbox 1455 2856 1651 2910; x_wconf 85' lang='lat' dir='ltr'><strong>mitem</strong></span> <span class='ocrx_word' id='word_1_277' title='bbox 1700 2855 2054 2914; x_wconf 85' lang='lat' dir='ltr'><strong>horridulum</strong></span> <span class='ocrx_word' id='word_1_278' title='bbox 2101 2857 2243 2910; x_wconf 84' lang='lat' dir='ltr'><strong>trita</strong></span> <span class='ocrx_word' id='word_1_279' title='bbox 2320 2873 2493 2910; x_wconf 88' lang='lat' dir='ltr'><strong>onare</strong></span> <span class='ocrx_word' id='word_1_280' title='bbox 2529 2855 2611 2910; x_wconf 87' lang='lat' dir='ltr'><strong>lu-</strong></span> 
     </span>
     <span class='ocr_line' id='line_1_51' title="bbox 1454 2927 2612 2998; baseline -0.001 -16"><span class='ocrx_word' id='word_1_281' title='bbox 1454 2929 1677 2982; x_wconf 82' lang='lat' dir='ltr'><strong>cerna.“</strong></span> <span class='ocrx_word' id='word_1_282' title='bbox 1708 2957 1777 2966; x_wconf 94' lang='lat'><strong>-—-</strong></span> <span class='ocrx_word' id='word_1_283' title='bbox 1816 2927 2037 2982; x_wconf 76' lang='lat' dir='ltr'><strong>auditor</strong></span> <span class='ocrx_word' id='word_1_284' title='bbox 2058 2933 2109 2982; x_wconf 77' lang='lat' dir='ltr'><strong>et</strong></span> <span class='ocrx_word' id='word_1_285' title='bbox 2132 2927 2297 2998; x_wconf 78' lang='lat' dir='ltr'><strong>ultor]</strong></span> <span class='ocrx_word' id='word_1_286' title='bbox 2336 2927 2409 2981; x_wconf 82' lang='lat' dir='ltr'><strong>cf.</strong></span> <span class='ocrx_word' id='word_1_287' title='bbox 2430 2927 2612 2995; x_wconf 81' lang='lat' dir='ltr'><strong>Epist.</strong></span> 
     </span>
     <span class='ocr_line' id='line_1_52' title="bbox 1455 2998 2611 3068; baseline 0 -16"><span class='ocrx_word' id='word_1_288' title='bbox 1455 2999 1530 3067; x_wconf 88' lang='lat'><strong>11,</strong></span> <span class='ocrx_word' id='word_1_289' title='bbox 1550 2999 1603 3068; x_wconf 83' lang='lat'><strong>2,</strong></span> <span class='ocrx_word' id='word_1_290' title='bbox 1628 3001 1715 3052; x_wconf 85' lang='grc'><strong>67.</strong></span> <span class='ocrx_word' id='word_1_291' title='bbox 1761 2998 1954 3053; x_wconf 85' lang='lat' dir='ltr'><strong>Omnis</strong></span> <span class='ocrx_word' id='word_1_292' title='bbox 1992 2999 2177 3052; x_wconf 90' lang='lat' dir='ltr'><strong>ironia</strong></span> <span class='ocrx_word' id='word_1_293' title='bbox 2210 2999 2395 3068; x_wconf 82' lang='lat' dir='ltr'><strong>posita</strong></span> <span class='ocrx_word' id='word_1_294' title='bbox 2432 3002 2519 3053; x_wconf 80' lang='lat' dir='ltr'><strong>est</strong></span> <span class='ocrx_word' id='word_1_295' title='bbox 2552 2999 2611 3052; x_wconf 92' lang='lat' dir='ltr'><strong>in</strong></span> 
     </span>
     <span class='ocr_line' id='line_1_53' title="bbox 1457 3070 2611 3139; baseline -0.001 -14"><span class='ocrx_word' id='word_1_296' title='bbox 1457 3071 1731 3125; x_wconf 85' lang='lat' dir='ltr'><strong>vocabulo</strong></span> <span class='ocrx_word' id='word_1_297' title='bbox 1771 3072 1932 3124; x_wconf 74' lang='lat' dir='ltr'><strong>ultor.</strong></span> <span class='ocrx_word' id='word_1_298' title='bbox 1968 3070 2112 3125; x_wconf 85' lang='lat' dir='ltr'><strong>Nam</strong></span> <span class='ocrx_word' id='word_1_299' title='bbox 2148 3071 2245 3139; x_wconf 91' lang='lat' dir='ltr'><strong>qui</strong></span> <span class='ocrx_word' id='word_1_300' title='bbox 2280 3071 2491 3125; x_wconf 84' lang='lat' dir='ltr'><strong>insulsa</strong></span> <span class='ocrx_word' id='word_1_301' title='bbox 2514 3087 2611 3124; x_wconf 89' lang='lat' dir='ltr'><strong>no·</strong></span> 
     </span>
     <span class='ocr_line' id='line_1_54' title="bbox 1458 3141 2614 3196; baseline 0 0"><span class='ocrx_word' id='word_1_302' title='bbox 1458 3142 1655 3196; x_wconf 89' lang='lat' dir='ltr'><strong>bilium</strong></span> <span class='ocrx_word' id='word_1_303' title='bbox 1678 3144 1755 3196; x_wconf 74' lang='lat' dir='ltr'><strong>&#39;ac</strong></span> <span class='ocrx_word' id='word_1_304' title='bbox 1786 3141 2025 3196; x_wconf 81' lang='lat' dir='ltr'><strong>divitum</strong></span> <span class='ocrx_word' id='word_1_305' title='bbox 2048 3141 2339 3196; x_wconf 86' lang='lat' dir='ltr'><strong>bominum</strong></span> <span class='ocrx_word' id='word_1_306' title='bbox 2364 3143 2614 3196; x_wconf 82' lang='lat' dir='ltr'><strong>carmina</strong></span> 
     </span>
     <span class='ocr_line' id='line_1_55' title="bbox 1458 3213 2612 3280; baseline 0.001 -13"><span class='ocrx_word' id='word_1_307' title='bbox 1458 3215 1637 3280; x_wconf 89' lang='lat' dir='ltr'><strong>audit,</strong></span> <span class='ocrx_word' id='word_1_308' title='bbox 1672 3213 1875 3268; x_wconf 87' lang='lat' dir='ltr'><strong>deinde</strong></span> <span class='ocrx_word' id='word_1_309' title='bbox 1914 3231 2014 3267; x_wconf 86' lang='lat' dir='ltr'><strong>sua</strong></span> <span class='ocrx_word' id='word_1_310' title='bbox 2050 3231 2162 3266; x_wconf 89' lang='lat' dir='ltr'><strong>non</strong></span> <span class='ocrx_word' id='word_1_311' title='bbox 2199 3213 2433 3268; x_wconf 85' lang='lat' dir='ltr'><strong>meliora</strong></span> <span class='ocrx_word' id='word_1_312' title='bbox 2472 3214 2612 3268; x_wconf 84' lang='lat' dir='ltr'><strong>reoi-</strong></span> 
     </span>
     <span class='ocr_line' id='line_1_56' title="bbox 1457 3284 2614 3354; baseline 0 -15"><span class='ocrx_word' id='word_1_313' title='bbox 1457 3290 1562 3346; x_wconf 80' lang='lat' dir='ltr'><strong>tat.</strong></span> <span class='ocrx_word' id='word_1_314' title='bbox 1608 3286 1656 3338; x_wconf 82' lang='lat' dir='ltr'><strong>is</strong></span> <span class='ocrx_word' id='word_1_315' title='bbox 1702 3285 1829 3339; x_wconf 82' lang='lat' dir='ltr'><strong>illos</strong></span> <span class='ocrx_word' id='word_1_316' title='bbox 1877 3286 2035 3352; x_wconf 82' lang='lat' dir='ltr'><strong>quasi</strong></span> <span class='ocrx_word' id='word_1_317' title='bbox 2072 3285 2391 3354; x_wconf 81' lang='lat' dir='ltr'><strong>ulciscitur3</strong></span> <span class='ocrx_word' id='word_1_318' title='bbox 2446 3284 2614 3339; x_wconf 86' lang='lat' dir='ltr'><strong>simul</strong></span> 
     </span>
     <span class='ocr_line' id='line_1_57' title="bbox 1459 3355 2611 3426; baseline 0 -16"><span class='ocrx_word' id='word_1_319' title='bbox 1459 3357 1637 3426; x_wconf 81' lang='lat' dir='ltr'><strong>igitur</strong></span> <span class='ocrx_word' id='word_1_320' title='bbox 1670 3361 1755 3410; x_wconf 83' lang='lat' dir='ltr'><strong>est</strong></span> <span class='ocrx_word' id='word_1_321' title='bbox 1789 3355 2014 3410; x_wconf 78' lang='lat' dir='ltr'><strong>auditor</strong></span> <span class='ocrx_word' id='word_1_322' title='bbox 2059 3360 2119 3411; x_wconf 85' lang='lat' dir='ltr'><strong>et</strong></span> <span class='ocrx_word' id='word_1_323' title='bbox 2152 3357 2319 3410; x_wconf 88' lang='lat' dir='ltr'><strong>ultor.</strong></span> <span class='ocrx_word' id='word_1_324' title='bbox 2398 3355 2491 3412; x_wconf 86' lang='lat' dir='ltr'><strong>Sic</strong></span> <span class='ocrx_word' id='word_1_325' title='bbox 2522 3357 2611 3410; x_wconf 89' lang='lat' dir='ltr'><strong>Iu-</strong></span> 
     </span>
     <span class='ocr_line' id='line_1_58' title="bbox 1458 3427 2613 3499; baseline 0.001 -18"><span class='ocrx_word' id='word_1_326' title='bbox 1458 3428 1672 3482; x_wconf 80' lang='lat' dir='ltr'><strong>venalis</strong></span> <span class='ocrx_word' id='word_1_327' title='bbox 1728 3427 1843 3482; x_wconf 84' lang='lat' dir='ltr'><strong>Sat.</strong></span> <span class='ocrx_word' id='word_1_328' title='bbox 1892 3427 1937 3496; x_wconf 88' lang='lat'><strong>1,</strong></span> <span class='ocrx_word' id='word_1_329' title='bbox 1976 3431 2025 3496; x_wconf 88' lang='lat'><strong>1,</strong></span> <span class='ocrx_word' id='word_1_330' title='bbox 2066 3429 2120 3482; x_wconf 84' lang='lat'><strong>1:</strong></span> <span class='ocrx_word' id='word_1_331' title='bbox 2189 3427 2456 3497; x_wconf 85' lang='lat' dir='ltr'><strong>„Semper</strong></span> <span class='ocrx_word' id='word_1_332' title='bbox 2508 3445 2613 3499; x_wconf 77' lang='lat' dir='ltr'><strong>ego</strong></span> 
     </span>
     <span class='ocr_line' id='line_1_59' title="bbox 1459 3499 2607 3568; baseline 0 -15"><span class='ocrx_word' id='word_1_333' title='bbox 1459 3499 1687 3554; x_wconf 81' lang='lat' dir='ltr'><strong>auditor</strong></span> <span class='ocrx_word' id='word_1_334' title='bbox 1731 3500 1991 3554; x_wconf 76' lang='lat' dir='ltr'><strong>tantum?</strong></span> <span class='ocrx_word' id='word_1_335' title='bbox 2046 3515 2402 3568; x_wconf 85' lang='lat' dir='ltr'><strong>nunquamne</strong></span> <span class='ocrx_word' id='word_1_336' title='bbox 2449 3517 2607 3568; x_wconf 87' lang='lat' dir='ltr'><strong>repo-</strong></span> 
     </span>
     <span class='ocr_line' id='line_1_60' title="bbox 1459 3571 2615 3628; baseline 0.002 -4"><span class='ocrx_word' id='word_1_337' title='bbox 1459 3589 1607 3628; x_wconf 87' lang='lat' dir='ltr'><strong>nam.</strong></span> <span class='ocrx_word' id='word_1_338' title='bbox 1628 3571 1877 3624; x_wconf 84' lang='lat' dir='ltr'><strong>Vexatus</strong></span> <span class='ocrx_word' id='word_1_339' title='bbox 1912 3571 2119 3625; x_wconf 80' lang='lat' dir='ltr'><strong>totiens</strong></span> <span class='ocrx_word' id='word_1_340' title='bbox 2154 3572 2315 3624; x_wconf 86' lang='lat' dir='ltr'><strong>rauci</strong></span> <span class='ocrx_word' id='word_1_341' title='bbox 2340 3571 2615 3626; x_wconf 80' lang='lat' dir='ltr'><strong>Theseide</strong></span> 
     </span>
     <span class='ocr_line' id='line_1_61' title="bbox 1461 3641 2615 3712; baseline 0 -16"><span class='ocrx_word' id='word_1_342' title='bbox 1461 3642 1632 3696; x_wconf 89' lang='lat' dir='ltr'><strong>Codri</strong></span> <span class='ocrx_word' id='word_1_343' title='bbox 1643 3643 1707 3696; x_wconf 80' lang='lat'><strong>¹?“</strong></span> <span class='ocrx_word' id='word_1_344' title='bbox 1733 3671 1800 3682; x_wconf 89' lang='lat'><strong>-·—</strong></span> <span class='ocrx_word' id='word_1_345' title='bbox 1822 3641 2232 3698; x_wconf 75' lang='lat' dir='ltr'><strong>Grammaticas</strong></span> <span class='ocrx_word' id='word_1_346' title='bbox 2250 3641 2451 3712; x_wconf 73' lang='lat' dir='ltr'><strong>tribus]</strong></span> <span class='ocrx_word' id='word_1_347' title='bbox 2472 3643 2615 3697; x_wconf 87' lang='lat' dir='ltr'><strong>Sunt</strong></span> 
     </span>
     <span class='ocr_line' id='line_1_62' title="bbox 1458 3715 2613 3784; baseline 0 -16"><span class='ocrx_word' id='word_1_348' title='bbox 1458 3719 1644 3768; x_wconf 83' lang='lat' dir='ltr'><strong>sectae</strong></span> <span class='ocrx_word' id='word_1_349' title='bbox 1701 3716 2201 3784; x_wconf 75' lang='lat' dir='ltr'><strong>grammaticorum</strong></span> <span class='ocrx_word' id='word_1_350' title='bbox 2218 3754 2232 3780; x_wconf 93' lang='lat'>,</span> <span class='ocrx_word' id='word_1_351' title='bbox 2288 3715 2613 3768; x_wconf 86' lang='lat' dir='ltr'><strong>criticorum</strong></span> 
     </span>
     <span class='ocr_line' id='line_1_63' title="bbox 1459 3784 2613 3854; baseline 0 -15"><span class='ocrx_word' id='word_1_352' title='bbox 1459 3784 2076 3852; x_wconf 75' lang='lat' dir='ltr'><strong>(Aesthetikerziinfte).</strong></span> <span class='ocrx_word' id='word_1_353' title='bbox 2114 3815 2181 3824; x_wconf 92' lang='lat'>—</span> <span class='ocrx_word' id='word_1_354' title='bbox 2220 3784 2464 3854; x_wconf 74' lang='lat' dir='ltr'><strong>pulpita]</strong></span> <span class='ocrx_word' id='word_1_355' title='bbox 2502 3786 2613 3839; x_wconf 90' lang='lat' dir='ltr'><strong>Ka·</strong></span> 
     </span>
     <span class='ocr_line' id='line_1_64' title="bbox 1459 3856 2613 3924; baseline 0.001 -14"><span class='ocrx_word' id='word_1_356' title='bbox 1459 3856 1675 3911; x_wconf 74' lang='lat' dir='ltr'><strong>thedor.</strong></span> <span class='ocrx_word' id='word_1_357' title='bbox 1714 3856 1947 3924; x_wconf 82' lang='lat' dir='ltr'><strong>Quintil.</strong></span> <span class='ocrx_word' id='word_1_358' title='bbox 1984 3857 2083 3924; x_wconf 88' lang='lat' dir='ltr'><strong>XI,</strong></span> <span class='ocrx_word' id='word_1_359' title='bbox 2109 3859 2159 3924; x_wconf 87' lang='lat'><strong>3,</strong></span> <span class='ocrx_word' id='word_1_360' title='bbox 2186 3857 2317 3910; x_wconf 78' lang='lat'><strong>130:</strong></span> <span class='ocrx_word' id='word_1_361' title='bbox 2357 3873 2518 3924; x_wconf 86' lang='lat' dir='ltr'><strong>„cum</strong></span> <span class='ocrx_word' id='word_1_362' title='bbox 2552 3858 2613 3911; x_wconf 90' lang='lat' dir='ltr'><strong>in</strong></span> 
     </span>
     <span class='ocr_line' id='line_1_65' title="bbox 1458 3928 2613 3999; baseline 0.002 -17"><span class='ocrx_word' id='word_1_363' title='bbox 1458 3933 1699 3999; x_wconf 81' lang='lat' dir='ltr'><strong>angusto</strong></span> <span class='ocrx_word' id='word_1_364' title='bbox 1736 3929 1981 3997; x_wconf 85' lang='lat' dir='ltr'><strong>quodam</strong></span> <span class='ocrx_word' id='word_1_365' title='bbox 2017 3928 2239 3998; x_wconf 88' lang='lat' dir='ltr'><strong>pulpito</strong></span> <span class='ocrx_word' id='word_1_366' title='bbox 2276 3933 2431 3982; x_wconf 86' lang='lat' dir='ltr'><strong>stans</strong></span> <span class='ocrx_word' id='word_1_367' title='bbox 2466 3929 2613 3984; x_wconf 85' lang='lat' dir='ltr'><strong>dioe-</strong></span> 
     </span>
     <span class='ocr_line' id='line_1_66' title="bbox 1457 3999 2611 4070; baseline 0 -16"><span class='ocrx_word' id='word_1_368' title='bbox 1457 4001 1600 4054; x_wconf 84' lang='lat' dir='ltr'><strong>ret.“</strong></span> <span class='ocrx_word' id='word_1_369' title='bbox 1640 4029 1707 4039; x_wconf 93' lang='lat'><strong>--</strong></span> <span class='ocrx_word' id='word_1_370' title='bbox 1745 4000 1872 4054; x_wconf 76' lang='lat' dir='ltr'><strong>hinc</strong></span> <span class='ocrx_word' id='word_1_371' title='bbox 1906 4001 2035 4055; x_wconf 77' lang='lat' dir='ltr'><strong>illae</strong></span> <span class='ocrx_word' id='word_1_372' title='bbox 2058 3999 2339 4070; x_wconf 77' lang='lat' dir='ltr'><strong>lacrimae]</strong></span> <span class='ocrx_word' id='word_1_373' title='bbox 2378 3999 2444 4052; x_wconf 87' lang='lat' dir='ltr'><strong>In</strong></span> <span class='ocrx_word' id='word_1_374' title='bbox 2483 4017 2611 4069; x_wconf 89' lang='lat' dir='ltr'><strong>pro·</strong></span> 
     </span>
     <span class='ocr_line' id='line_1_67' title="bbox 1458 4071 2613 4139; baseline 0 -14"><span class='ocrx_word' id='word_1_375' title='bbox 1458 4072 1717 4126; x_wconf 79' lang='lat' dir='ltr'><strong>verbium</strong></span> <span class='ocrx_word' id='word_1_376' title='bbox 1764 4071 1907 4126; x_wconf 86' lang='lat' dir='ltr'><strong>abiit</strong></span> <span class='ocrx_word' id='word_1_377' title='bbox 1952 4089 2021 4126; x_wconf 81' lang='lat' dir='ltr'><strong>ex</strong></span> <span class='ocrx_word' id='word_1_378' title='bbox 2059 4071 2313 4126; x_wconf 79' lang='lat' dir='ltr'><strong>Terentii</strong></span> <span class='ocrx_word' id='word_1_379' title='bbox 2351 4071 2529 4125; x_wconf 82' lang='lat' dir='ltr'><strong>Andr.</strong></span> <span class='ocrx_word' id='word_1_380' title='bbox 2566 4072 2613 4139; x_wconf 93' lang='lat' dir='ltr'><strong>I,</strong></span> 
     </span>
     <span class='ocr_line' id='line_1_68' title="bbox 1463 4143 2611 4212; baseline 0 -15"><span class='ocrx_word' id='word_1_381' title='bbox 1463 4144 1510 4211; x_wconf 90' lang='lat'><strong>1,</strong></span> <span class='ocrx_word' id='word_1_382' title='bbox 1531 4145 1617 4197; x_wconf 81' lang='lat'><strong>99.</strong></span> <span class='ocrx_word' id='word_1_383' title='bbox 1656 4171 1725 4182; x_wconf 94' lang='lat'>—</span> <span class='ocrx_word' id='word_1_384' title='bbox 1763 4143 2013 4212; x_wconf 71' lang='lat' dir='ltr'><strong>theatris]</strong></span> <span class='ocrx_word' id='word_1_385' title='bbox 2048 4161 2251 4212; x_wconf 84' lang='lat' dir='ltr'><strong>magna</strong></span> <span class='ocrx_word' id='word_1_386' title='bbox 2288 4143 2611 4197; x_wconf 84' lang='lat' dir='ltr'><strong>auditorum</strong></span> 
     </span>
     <span class='ocr_line' id='line_1_69' title="bbox 1457 4213 2613 4284; baseline 0.001 -16"><span class='ocrx_word' id='word_1_387' title='bbox 1457 4231 1683 4270; x_wconf 87' lang='lat' dir='ltr'><strong>corona.</strong></span> <span class='ocrx_word' id='word_1_388' title='bbox 1733 4243 1799 4253; x_wconf 95' lang='lat'>—</span> <span class='ocrx_word' id='word_1_389' title='bbox 1852 4213 1959 4284; x_wconf 82' lang='lat' dir='ltr'><strong>ait]</strong></span> <span class='ocrx_word' id='word_1_390' title='bbox 1997 4218 2061 4268; x_wconf 87' lang='lat' dir='ltr'><strong>ut</strong></span> <span class='ocrx_word' id='word_1_391' title='bbox 2094 4214 2307 4284; x_wconf 72' lang='lat' dir='ltr'><strong>inquit3</strong></span> <span class='ocrx_word' id='word_1_392' title='bbox 2362 4215 2491 4268; x_wconf 84' lang='lat' dir='ltr'><strong>vide</strong></span> <span class='ocrx_word' id='word_1_393' title='bbox 2540 4215 2613 4269; x_wconf 90' lang='lat' dir='ltr'><strong>ad</strong></span> 
     </span>
     <span class='ocr_line' id='line_1_70' title="bbox 1458 4285 2612 4356; baseline 0.001 -16"><span class='ocrx_word' id='word_1_394' title='bbox 1458 4286 1573 4342; x_wconf 83' lang='lat' dir='ltr'><strong>Sat.</strong></span> <span class='ocrx_word' id='word_1_395' title='bbox 1618 4287 1661 4350; x_wconf 88' lang='lat'><strong>1,</strong></span> <span class='ocrx_word' id='word_1_396' title='bbox 1699 4289 1751 4353; x_wconf 81' lang='lat'><strong>4,</strong></span> <span class='ocrx_word' id='word_1_397' title='bbox 1788 4288 1875 4339; x_wconf 87' lang='grc'><strong>79.</strong></span> <span class='ocrx_word' id='word_1_398' title='bbox 1930 4315 1997 4324; x_wconf 86' lang='grc'><strong>--</strong></span> <span class='ocrx_word' id='word_1_399' title='bbox 2050 4287 2220 4356; x_wconf 72' lang='lat' dir='ltr'><strong>Iovis]</strong></span> <span class='ocrx_word' id='word_1_400' title='bbox 2270 4285 2339 4340; x_wconf 86' lang='lat' dir='ltr'><strong>cf.</strong></span> <span class='ocrx_word' id='word_1_401' title='bbox 2386 4285 2501 4340; x_wconf 87' lang='lat' dir='ltr'><strong>Sat.</strong></span> <span class='ocrx_word' id='word_1_402' title='bbox 2540 4285 2612 4354; x_wconf 94' lang='lat' dir='ltr'><strong>II,</strong></span> 
     </span>
     <span class='ocr_line' id='line_1_71' title="bbox 1458 4357 2609 4426; baseline 0 -14"><span class='ocrx_word' id='word_1_403' title='bbox 1458 4361 1508 4415; x_wconf 85' lang='lat'><strong>6.</strong></span> <span class='ocrx_word' id='word_1_404' title='bbox 1539 4359 1627 4412; x_wconf 78' lang='lat'><strong>52.</strong></span> <span class='ocrx_word' id='word_1_405' title='bbox 1656 4387 1721 4398; x_wconf 89' lang='lat'><strong>—-</strong></span> <span class='ocrx_word' id='word_1_406' title='bbox 1750 4357 1999 4426; x_wconf 75' lang='lat' dir='ltr'><strong>manare]</strong></span> <span class='ocrx_word' id='word_1_407' title='bbox 2038 4357 2333 4412; x_wconf 82' lang='lat' dir='ltr'><strong>transitive</strong></span> <span class='ocrx_word' id='word_1_408' title='bbox 2358 4362 2425 4410; x_wconf 88' lang='lat' dir='ltr'><strong>ut</strong></span> <span class='ocrx_word' id='word_1_409' title='bbox 2446 4357 2609 4412; x_wconf 84' lang='lat' dir='ltr'><strong>Ovid.</strong></span> 
     </span>
     <span class='ocr_line' id='line_1_72' title="bbox 1457 4429 2605 4498; baseline -0.001 -14"><span class='ocrx_word' id='word_1_410' title='bbox 1457 4430 1589 4484; x_wconf 79' lang='lat' dir='ltr'><strong>Met.</strong></span> <span class='ocrx_word' id='word_1_411' title='bbox 1632 4429 1727 4498; x_wconf 85' lang='lat' dir='ltr'><strong>VI,</strong></span> <span class='ocrx_word' id='word_1_412' title='bbox 1765 4430 1887 4483; x_wconf 85' lang='lat'><strong>312.</strong></span> <span class='ocrx_word' id='word_1_413' title='bbox 1926 4429 2069 4482; x_wconf 89' lang='lat' dir='ltr'><strong>Plin.</strong></span> <span class='ocrx_word' id='word_1_414' title='bbox 2106 4429 2175 4482; x_wconf 87' lang='lat' dir='ltr'><strong>N.</strong></span> <span class='ocrx_word' id='word_1_415' title='bbox 2215 4429 2281 4482; x_wconf 83' lang='lat' dir='ltr'><strong>H.</strong></span> <span class='ocrx_word' id='word_1_416' title='bbox 2326 4429 2473 4488; x_wconf 86' lang='lat' dir='ltr'><strong>XIV.</strong></span> <span class='ocrx_word' id='word_1_417' title='bbox 2510 4433 2605 4484; x_wconf 79' lang='lat'><strong>20:</strong></span> 
     </span>
     <span class='ocr_line' id='line_1_73' title="bbox 1457 4501 2609 4569; baseline 0.001 -14"><span class='ocrx_word' id='word_1_418' title='bbox 1457 4501 1779 4569; x_wconf 81' lang='lat' dir='ltr'><strong>„Arborum</strong></span> <span class='ocrx_word' id='word_1_419' title='bbox 1794 4518 1926 4555; x_wconf 87' lang='lat' dir='ltr'><strong>suco</strong></span> <span class='ocrx_word' id='word_1_420' title='bbox 1945 4501 2295 4554; x_wconf 83' lang='lat' dir='ltr'><strong>manantium</strong></span> <span class='ocrx_word' id='word_1_421' title='bbox 2316 4502 2499 4569; x_wconf 86' lang='lat' dir='ltr'><strong>picem</strong></span> <span class='ocrx_word' id='word_1_422' title='bbox 2522 4519 2609 4556; x_wconf 78' lang='lat' dir='ltr'><strong>re·</strong></span> 
     </span>
    </p>
   </div>
   <div class='ocr_carea' id='block_1_12' title="bbox 1457 4571 2613 4647">
    <p class='ocr_par' dir='ltr' id='par_1_15' title="bbox 1457 4571 2613 4647">
     <span class='ocr_line' id='line_1_74' title="bbox 1457 4571 2613 4647; baseline 0.003 -19"><span class='ocrx_word' id='word_1_423' title='bbox 1457 4573 1798 4643; x_wconf 82' lang='lat' dir='ltr'><strong>sinamque.“</strong></span> <span class='ocrx_word' id='word_1_424' title='bbox 1848 4572 1987 4630; x_wconf 88' lang='lat' dir='ltr'><strong>ibid.</strong></span> <span class='ocrx_word' id='word_1_425' title='bbox 2022 4571 2305 4643; x_wconf 74' lang='lat' dir='ltr'><strong>mvn,</strong></span> <span class='ocrx_word' id='word_1_426' title='bbox 2340 4573 2439 4628; x_wconf 84' lang='lat'><strong>20:</strong></span> <span class='ocrx_word' id='word_1_427' title='bbox 2488 4573 2613 4647; x_wconf 75' lang='lat' dir='ltr'><strong>„In-</strong></span> 
     </span>
    </p>
   </div>
  </div>
 </body>
</html>
