3092 5059
438 222 559 286 114
1405 220 1865 291 CARMINUM

837 406 1324 486 Periculosae
1380 409 1696 511 plenum
1751 435 1943 506 opus
1996 408 2233 505 aleae,

933 532 1247 610 Tractas
1300 548 1375 611 et
1425 534 1718 611 incedis
1772 561 1914 633 per
1964 535 2182 633 ignes

1034 658 1487 759 Suppositos
1544 660 1786 737 cineri
1838 659 2135 736 doloso.

830 808 1157 884 Paulum
1204 836 1515 885 severae
1569 811 1790 885 Musa
1841 808 2286 907 tragoediae

754 966 802 1003 ιο
836 932 1048 1007 Desit
1095 932 1449 1011 theatris:
1502 962 1684 1010 mox
1739 935 1875 1010 ubi
1925 932 2276 1034 publicas

930 1059 1076 1133 Res
1106 1058 1539 1157 ordinarie,
1596 1058 1892 1157 grande
1943 1085 2218 1143 munus

1026 1181 1401 1281 Cecropio
1451 1199 1752 1284 repetes
1807 1197 2156 1282 coturn0‚

836 1334 1152 1433 Insigne
1204 1333 1506 1410 maestis
1562 1333 2036 1434 praesidium
2088 1336 2239 1411 reis

836 1464 930 1537 Et
979 1460 1426 1557 consulenti,
1484 1460 1759 1556 Pollio,
1816 1460 2110 1555 curiae;

752 1621 800 1662 ιι
934 1585 1078 1664 Cui
1126 1587 1387 1662 laurus
1442 1598 1794 1661 aeternos
1840 1584 2174 1662 honores

1030 1711 1456 1787 Delmatico
1501 1710 1806 1806 peperit
1857 1710 2275 1810 triumpho.

828 1865 997 1940 Iam
1044 1888 1247 1938 nunc
1298 1862 1582 1937 minaci
1637 1887 2029 1938 murmure
2085 1888 2454 1939 cornuum

834 1988 1291 2084 Perstringis
1344 2014 1590 2083 auree,
1641 1987 1793 2062 iam
1849 1987 2018 2062 litui
2071 2000 2440 2084 strepunt,

936 2112 1105 2189 Iam
1158 2114 1423 2212 fulgor
1475 2138 1868 2189 armorum
1922 2114 2236 2212 fugaces

758 2272 809 2309 ιο
1042 2237 1312 2312 Terret-
1365 2261 1606 2337 equos
1651 2240 2150 2337 equitumque
2205 2239 2481 2315 vultus.

440 2419 829 2491 magnitudine
867 2419 1068 2475 caedis.
1136 2420 1204 2473 cf.
1244 2418 1411 2490 Verg.
1447 2420 1586 2473 Aen.

439 2492 534 2558 IV,
573 2496 696 2547 687.
742 2522 815 2532 -
862 2490 1031 2559 deae]
1070 2492 1288 2545 Animis
1340 2490 1590 2544 nondum

440 2566 657 2633 pacatis
684 2564 875 2619 odium
897 2563 1099 2617 leviter
1125 2568 1336 2617 tectum
1370 2563 1431 2615 in
1454 2563 1588 2616 scri-

438 2640 659 2705 ptorem
700 2655 733 2690 a
769 2636 1020 2705 partium
1058 2634 1243 2688 studio
1282 2652 1393 2688 non
1426 2651 1588 2702 pror·

438 2725 529 2761 sus
560 2708 805 2761 alienum
841 2706 1007 2761 facile
1031 2706 1365 2761 incenditur.
1399 2734 1465 2745 —
1488 2722 1590 2773 per

436 2779 612 2848 ἕρπω]
677 2778 785 2832 Per
844 2777 1055 2832 cineres
1116 2778 1279 2832 facile
1342 2778 1588 2861 erumpit

441 2850 762 2904 incendium
800 2855 858 2903 et
894 2849 1172 2903 comburit
1210 2866 1337 2903 eum
1376 2850 1473 2917 qui
1504 2850 1587 2903 ni-

434 2922 549 2976 mia
573 2920 780 2975 fiducia
804 2937 907 2990 per
932 2938 1025 2975 eos
1051 2920 1323 2990 procedit.
1363 2919 1588 2975 Summa

436 2994 615 3064 igitur
654 2993 913 3047 cautione
951 3010 1091 3062 opus
1124 2998 1223 3047 est.

506 3065 571 3120 V.
602 3066 654 3117 9.
690 3064 761 3117 cf.
802 3064 920 3118 Sat.
945 3064 988 3127 Ι,
1026 3066 1105 3131 10,
1131 3065 1217 3117 42.
1256 3064 1425 3134 Verg.
1451 3064 1586 3119 Buc-

439 3138 493 3196 8.
535 3136 614 3189 10.
688 3135 898 3190 Suadet
934 3140 997 3189 ut
1034 3154 1069 3189 a
1106 3137 1410 3205 tragoediis
1454 3137 1587 3191 scri-

437 3208 635 3262 bendis
672 3207 729 3260 in
773 3224 1138 3275 scaenamque
1173 3207 1588 3263 committendis

435 3296 740 3349 parumper
776 3296 977 3333 vacare
1014 3279 1171 3332 velit.
1224 3310 1289 3319 —
1335 3280 1589 3349 publicas

434 3350 547 3421 res]
603 3350 672 3404 cf.
732 3350 841 3405 Cic.
900 3351 969 3404 de
1022 3354 1162 3404 orat.
1213 3351 1257 3419 Ι,
1312 3355 1373 3405 11
1436 3351 1590 3419 „sine

436 3423 615 3476 multa
648 3422 1089 3491 pertractatione
1122 3423 1370 3477 omnium
1397 3440 1589 3477 rerum

436 3493 841 3563 publicarum.“
882 3522 948 3533 -
985 3494 1270 3563 ordinare]
1322 3501 1405 3549 est
1446 3500 1586 3549 tcm-

436 3581 638 3635 porum
677 3570 735 3620 et
771 3582 1063 3635 causarum
1098 3566 1415 3621 rationibus
1440 3584 1587 3622 com·

436 3653 663 3705 ponere.
729 3666 793 3677 —-
856 3638 1111 3707 Cecropio
1170 3640 1428 3708 coturno]
1486 3640 1586 3693 Co·

436 3714 636 3762 turnus
673 3709 1086 3779 tragoedorum,
1134 3726 1323 3766 soccus
1371 3728 1586 3767 comoe-

437 3779 655 3833 dorum.
680 3780 825 3835 Tota
846 3787 1033 3836 autem
1055 3800 1143 3836 res
1165 3786 1415 3839 scaenica
1434 3782 1585 3852 apud

439 3852 807 3907 Athenienses
862 3854 1140 3925 originem
1187 3856 1338 3924 cepit
1390 3860 1448 3909 et
1502 3855 1586 3907 in-

437 3930 736 3978 crementa.
758 3954 823 3965 —-
852 3925 1090 3995 insiqne]
1124 3927 1433 3995 Aptissimo
1459 3926 1583 3979 loco

438 3999 497 4049 et
534 3996 693 4063 quasi
730 4000 929 4064 sponte
966 4014 1067 4051 sua
1097 3998 1169 4051 ad
1194 3999 1439 4066 reliquas
1461 3996 1585 4050 Pol·

436 4066 601 4120 lionis
640 4066 831 4123 laudes
869 4068 1077 4137 fertur3
1116 4074 1246 4123 sunt
1280 4074 1465 4123 autem
1490 4085 1586 4138 pe·

436 4138 578 4192 titae
614 4156 682 4193 ex
721 4138 1055 4209 eloquentia,
1084 4140 1385 4209 prudentia
1412 4140 1584 4200 civili,

438 4208 641 4264 bellica
683 4211 910 4267 virtute.
957 4240 1017 4251 —
1069 4212 1388 4281 consulenti]
1426 4213 1585 4267 abso-

434 4281 553 4335 lute
628 4282 850 4351 ositum,
888 4282 1239 4337 deliberanti.
1277 4284 1399 4338 Liv.
1436 4282 1586 4351 XXI,

442 4352 524 4405 16.
614 4370 730 4424 erg.
768 4358 908 4410 Aen.
950 4352 1045 4417 XI,
1092 4356 1215 4408 335.
1254 4354 1585 4410 Senatorum

437 4430 522 4478 est
550 4426 863 4495 consulere;
900 4425 998 4495 qui
1036 4426 1249 4495 optime
1284 4426 1501 4495 suadet,
1538 4426 1586 4481 is

438 4497 855 4552 consulentibus
888 4496 1169 4567 praesidio
1208 4504 1308 4553 est.
1338 4528 1401 4538 —
1444 4514 1583 4554 mae-

436 4568 541 4622 stis
584 4568 715 4637 rei-3]
778 4569 849 4623 cf.
902 4570 1080 4623 Carm.
1118 4568 1213 4639 IV,
1254 4574 1303 4640 1,
1346 4572 1426 4625 14.
1500 4570 1586 4623 De

1691 2418 1884 2473 dativo
1933 2418 2003 2475 cf.
2055 2418 2236 2474 Carm.
2273 2420 2318 2489 Ι,
2359 2420 2444 2489 15,
2486 2422 2574 2476 21.
2616 2452 2685 2463 —
2724 2424 2852 2479 Iam

1691 2492 1863 2560 nunc]
1901 2490 2136 2546 Videtur
2172 2491 2354 2547 Pollio
2403 2461 2474 2548 a’b
2511 2494 2678 2549 initio
2718 2513 2855 2565 ope-

1691 2562 1768 2615 ris
1800 2563 2180 2646 descripsisse
2232 2566 2685 2635 magnitudinem
2745 2568 2852 2621 im·

1691 2634 1836 2703 perii
1898 2634 2158 2703 Romani,
2223 2636 2544 2705 splendidas
2606 2638 2850 2708 Pompei

1693 2704 2053 2775 Caesarisque
2116 2675 2186 2761 d’e
2241 2708 2449 2762 exteris
2516 2710 2852 2764 nationibus

1691 2782 2010 2846 reportatas
2072 2779 2355 2847 victorias,
2421 2780 2624 2849 quibus
2689 2786 2852 2836 totus

1690 2849 1842 2902 orbis
1890 2854 2170 2904 terrarum
2220 2852 2501 2905 subiectus
2551 2857 2638 2906 est
2685 2870 2852 2922 prae·

1690 2925 1778 2973 ter
1815 2921 2088 2976 virtutem
2124 2921 2453 2977 Romanam.
2528 2924 2616 2978 Ea
2653 2930 2850 2979 autem

1690 2992 2042 3063 significatur
2065 2994 2366 3049 atrocitate
2394 2994 2641 3050 Catonis.
2673 2996 2850 3050 Cuius

1689 3064 1915 3118 nomine
1959 3070 2162 3133 poetae
2201 3066 2418 3120 animus
2455 3067 2622 3121 facile
2659 3066 2851 3121 fertur

1691 3136 1750 3188 in
1791 3135 2062 3200 Africam,
2109 3154 2236 3190 cum
2281 3139 2616 3207 praesertim
2663 3140 2852 3193 maior

1691 3223 1914 3275 quoque
1950 3206 2085 3262 Cato
2111 3208 2518 3279 Karthaginem
2547 3208 2850 3265 delendam

1690 3294 1806 3332 esse
1844 3284 2118 3348 perpetuo
2160 3279 2296 3333 olim
2346 3282 2667 3335 censuisset.
2742 3280 2850 3335 Ve-

1689 3367 1816 3403 rum
1871 3352 2092 3405 aemula
2151 3350 2250 3406 illa
2310 3352 2533 3407 sublata
2595 3353 2848 3422 ingentis

1691 3420 1911 3490 imperii
1949 3424 2096 3477 vires
2141 3423 2292 3477 inter
2337 3442 2396 3479 se
2435 3424 2721 3479 discordes
2773 3426 2846 3479 ad

1690 3493 1994 3548 domestica
2033 3494 2185 3548 bella
2221 3496 2476 3551 ruebant.
2545 3496 2702 3551 Haec
2737 3498 2846 3567 igi·

1689 3570 1785 3618 tur
1833 3570 1981 3632 sunt,
2037 3583 2180 3634 quae
2225 3568 2407 3621 tribus
2454 3567 2703 3637 strophis
2755 3586 2846 3623 us-

1692 3653 1800 3704 que
1836 3637 1906 3691 sd
1943 3655 1996 3691 v.
2019 3640 2088 3691 28
2119 3642 2492 3723 exponuntur.
2532 3640 2848 3709 Anaphora

1692 3712 1879 3762 autem
1917 3709 2030 3763 iam
2064 3726 2228 3777 nunc,
2262 3710 2394 3778 iam,
2430 3711 2561 3779 iam,
2599 3712 2716 3765 iam
2753 3730 2847 3768 ve·

1689 3784 1880 3849 getam
1927 3780 2278 3836 describendi
2322 3782 2603 3837 rationem
2638 3782 2851 3839 Pollio·

1689 3852 1776 3905 nis
1833 3852 2128 3907 collustrat
2185 3852 2258 3907 ad
2313 3870 2688 3925 magnamque
2749 3874 2846 3910 ex-

1689 3924 2096 3991 spectationem
2149 3925 2482 3979 movendam
2548 3926 2850 3995 aptissima

1689 3998 1790 4049 est.
1838 4024 1906 4033 —
1963 3996 2244 4067 cornuum]
2293 3995 2422 4051 vide
2466 3995 2540 4051 ad
2578 3998 2764 4053 Carm.
2803 4000 2850 4067 Ι,

1695 4069 1742 4133 1,
1780 4066 1867 4120 23.
1911 4066 2160 4150 Pugnae
2200 4069 2468 4123 interesse
2505 4069 2613 4124 sibi
2648 4070 2848 4125 viden-

1689 4141 1801 4197 tur.
1829 4139 1925 4207 qui
1950 4139 2261 4194 Pollionem
2288 4140 2563 4209 legentem
2585 4142 2849 4197 audiunt.

1690 4238 1757 4249 —
1793 4208 2043 4280 fugaces]
2089 4211 2382 4281 Equorum
2419 4216 2626 4267 natura
2664 4212 2847 4284 fugax

1689 4286 1792 4349 est,
1837 4300 2042 4367 nequne
2065 4288 2295 4337 ruerent
2338 4283 2380 4337 ii
2427 4284 2488 4337 in
2543 4284 2847 4340 adversam

1689 4354 1883 4408 aciem.
1937 4354 2046 4408 nisi
2094 4354 2380 4410 frenorum
2429 4360 2488 4409 et
2537 4355 2849 4411 calcarium

1687 4424 1746 4478 vi
1791 4426 2151 4494 pellerentur.
2196 4456 2263 4465 -
2304 4426 2509 4495 vultus]
2563 4426 2850 4497 Compara

1687 4513 1832 4566 quae
1885 4497 1956 4551 de
2012 4497 2366 4567 Pompeianis
2435 4499 2724 4567 equitibus
2781 4500 2846 4555 in

1687 4586 1878 4639 pugna
1924 4568 2073 4638 apud
2119 4569 2449 4624 Pharsalum
2502 4576 2845 4643 narrantur-5
