3092 5059
1463 212 1544 277 23

599 550 756 601 aetat
1011 547 1292 603 Consules.

1507 546 1657 615 Quid
1691 546 1778 603 his
1814 545 1975 601 annis
2012 547 2233 615 gestum
2276 544 2367 613 sit,
2405 543 2705 599 indicatur.

881 774 1081 829 Sextus
1116 776 1444 846 Appuleius.
1577 776 1776 830 vianus
1837 774 2020 827 victor
2082 772 2151 825 ab
2208 772 2426 826 oriente
2483 770 2704 825 rediens

881 864 1110 920 Suffecti
1125 864 1446 919 P.Valerius
1579 881 1629 919 a.
1673 863 1729 917 d.
1772 861 1916 915 VIII.
1963 862 2046 916 Id.
2100 861 2294 916 sextil.
2352 861 2549 915 urbem
2602 860 2703 913 tri·

879 952 1446 1009 MessallaC.Furnius
1577 952 1711 1021 plici
1748 951 2037 1021 triumpho
2074 952 2356 1021 ingressus
2392 954 2493 1004 est.
2538 948 2702 1003 Octa-

883 1041 940 1095 Ο.
985 1040 1228 1095 Cluvius.
1473 1040 1476 1042 Α
1579 1042 1779 1095 vianus
1814 1046 2039 1096 senatus
2064 1040 2318 1093 consulto
2346 1038 2702 1108 imperatoris

1577 1146 1780 1183 nomen
1816 1129 1876 1181 in
1910 1132 2244 1198 perpetuum
2283 1129 2502 1198 accipit.

365 1216 498 1271 726.
633 1220 722 1273 37.
845 1217 1050 1271 Caesar
1108 1215 1444 1271 Octavianus
1507 1219 1707 1273 Caesar
1747 1216 2085 1272 Octavianus
2122 1217 2395 1287 templum
2422 1216 2704 1286 Apollinis

881 1302 980 1359 VI.
1019 1304 1098 1359 M.
1150 1303 1445 1374 Vipsanius
1576 1306 1823 1360 Palatini
1860 1305 2099 1375 dicavit3
2136 1306 2205 1360 de
2244 1324 2354 1375 qua
2390 1323 2453 1360 re
2478 1304 2701 1360 Horatii

883 1394 1138 1464 Agrippa
1175 1392 1246 1447 11.
1576 1412 1801 1449 carmen
1838 1399 1922 1448 est
1958 1395 2001 1463 1,
2044 1396 2127 1448 31.
2174 1393 2515 1449 Octavianus
2549 1394 2703 1463 prin·

1576 1500 1707 1552 ceps
1749 1487 1990 1538 senatus.
2058 1483 2411 1538 Bibliotheca
2444 1482 2705 1537 Palatina

1576 1572 1767 1640 (tertia
1803 1570 2053 1640 publica)
2092 1571 2293 1625 dicata.

363 1661 496 1713 727.
631 1665 717 1718 38.
846 1659 1048 1715 Caesar
1107 1658 1444 1715 Octavianus
1505 1659 1708 1715 Caesar
1753 1661 2013 1729 princeps
2065 1659 2275 1713 dicitur
2318 1662 2377 1713 et
2412 1661 2703 1729 Augustus

877 1750 1024 1819 Aug.
1037 1748 1159 1803 VH.
1169 1748 1442 1818 M.Vipsa-
1576 1748 1912 1818 appellatur,
1951 1753 2248 1817 postquam
2286 1748 2491 1802 iterum
2513 1747 2585 1801 de
2609 1747 2700 1801 de-

878 1836 1003 1890 nius
1039 1837 1297 1907 Agrippa
1345 1838 1444 1891 ΠΙ.
1577 1836 1836 1907 ponendo
1858 1836 2094 1905 imperio
2104 1836 2394 1905 cogitavit.
2415 1838 2702 1906 Augustus

1575 1926 1635 1979 in
1674 1924 1915 1979 Galliam
1958 1923 2351 1993 proficiscitur,
2397 1924 2701 1993 expeditio-

1574 2031 1702 2068 nem
1737 2018 1905 2083 parat
1941 2014 2001 2067 in
2015 2012 2385 2079 Britanniam,
2426 2011 2495 2067 cf.
2518 2012 2699 2067 Carm.

1576 2102 1621 2171 1,
1675 2104 1765 2155 35.
1855 2101 2097 2155 Paratur
2166 2100 2449 2169 expeditio
2508 2104 2704 2155 contra

1574 2190 1805 2245 Arabes,
1861 2189 1987 2244 Huc
2018 2194 2237 2259 spectat
2275 2206 2498 2244 carmen
2534 2188 2579 2257 1,
2618 2188 2687 2240 29

367 2276 496 2329 728.
631 2278 718 2332 39.
844 2280 1046 2335 Caesar
1107 2277 1444 2333 Octavianus
1503 2278 1653 2333 Sext.
1664 2278 1973 2348 Appuleius
1988 2296 2057 2333 ex
2069 2277 2344 2347 Hispania
2359 2275 2700 2345 triumphat3

879 2371 1026 2439 Aug.
1049 2367 1200 2422 VIII.
1233 2366 1298 2421 Τ.
1321 2366 1442 2421 Sta·
1576 2367 1674 2421 sed
1712 2366 1979 2421 Cantabri
2018 2371 2075 2421 et
2098 2368 2332 2421 Astures
2368 2364 2581 2419 bellum
2618 2380 2699 2419 re-

877 2458 1036 2513 tilius
1070 2456 1286 2510 Taurus
1323 2456 1396 2510 H.
1574 2459 1803 2509 novant.

365 2540 495 2595 729.
629 2542 718 2597 40.
843 2546 1050 2601 Caesar
1103 2543 1443 2600 Octavianus
1502 2543 1747 2613 Augusti
1780 2541 2060 2612 expeditio
2085 2542 2145 2596 in
2166 2540 2489 2596 Cantabros.
2515 2540 2699 2610 Expe-

877 2636 1024 2704 Aug.
1063 2633 1160 2687 IX.
1239 2632 1314 2685 M.
1352 2633 1440 2687 Iu·
1574 2632 1716 2687 ditio
1734 2632 1886 2686 Aelii
1913 2630 2062 2685 Galli
2099 2630 2159 2683 in
2198 2629 2413 2683 Arabes
2448 2634 2697 2698 paratur.

879 2722 1004 2776 nius
1041 2721 1277 2777 Silanus.
1573 2720 1875 2775 Marcellus
1922 2719 2123 2773 Iuliam
2174 2718 2233 2771 in
2279 2716 2699 2771 matrimonium

1574 2808 1747 2863 ducit.

367 2898 494 2950 730.
631 2900 722 2953 41.
843 2899 1041 2953 Caesar
1101 2898 1440 2954 Octavianus
1501 2896 1773 2952 Prahates
1809 2894 1973 2965 pellit
1991 2893 2329 2959 Teridatem,
2368 2892 2465 2961 qui
2491 2891 2561 2946 ad
2584 2895 2697 2946 Au·

877 2990 1022 3058 Aug.
1057 2986 1125 3041 X·
1204 2987 1260 3042 C.
1300 2988 1439 3043 Nor·
1572 2990 1800 3055 gustum
1835 2982 2001 3053 fugit.
2076 2983 2365 3051 Augustus
2404 2980 2698 3036 Cantabris

875 3076 1055 3131 banus
1091 3075 1342 3137 Flaccus.
1572 3072 1736 3127 victis
1769 3072 2005 3126 Romam
2050 3068 2215 3135 redit,
2252 3068 2449 3123 Ianum
2492 3070 2700 3124 iterum

1573 3161 1801 3216 claudit.
1856 3160 1991 3213 Hor.
2030 3157 2208 3211 Carm.
2246 3157 2345 3225 111,
2387 3160 2469 3211 14.
2528 3156 2697 3225 Quin-

1570 3250 1726 3303 tilius
1745 3248 1973 3303 Horatii
2003 3251 2061 3301 et
2078 3245 2315 3316 Vergilii
2348 3246 2558 3300 amicus
2582 3264 2696 3299 mo-

1569 3339 1735 3393 ritur.
1812 3336 1993 3391 Carm.
2027 3336 2072 3396 1,
2111 3336 2196 3390 24.
2273 3334 2543 3388 Horatius
2581 3340 2696 3389 tres

1572 3426 1881 3481 carminum
1918 3424 2091 3479 libros
2115 3422 2223 3477 hoc
2248 3438 2395 3477 anno
2413 3424 2503 3477 vel
2532 3424 2697 3478 initio

1568 3514 1813 3585 proximi
1848 3512 2086 3567 edidisse
2126 3512 2366 3565 videtur.
2424 3510 2532 3566 Sed
2567 3512 2698 3566 vide

1570 3620 1739 3672 supra
1796 3601 1983 3656 adnot.
2032 3602 2118 3654 72.
2191 3603 2449 3671 Augusto
2504 3618 2696 3672 aegro-

1568 3692 1715 3746 tanti
1764 3692 2042 3746 Antonius
2096 3690 2257 3745 Musa
2306 3690 2543 3744 salutem
2596 3688 2696 3743 fri·

1566 3779 1701 3851 gida
1736 3797 1883 3849 aqua
1916 3780 2186 3834 restituit.

365 3872 494 3925 731.
625 3872 717 3926 42.
841 3869 1040 3925 Caesar
1098 3869 1436 3925 Octavianus
1496 3868 1810 3931 Marcellus,
1850 3868 2027 3923 Iuliae
2063 3868 2323 3936 coniunx,
2371 3868 2693 3922 vicesimum

813 3962 820 3969 '
874 3961 1020 4029 Aug.
1035 3958 1434 4013 X1.A.Terent.
1568 3974 1776 4012 annum
1830 3976 1999 4027 agens
2062 3957 2319 4011 moritur.
2404 3958 2695 4027 Augustus

873 4046 1437 4101 VarroMurena.Suf·
1570 4045 1799 4100 Prahati
1866 4044 2048 4098 filium
2112 4045 2319 4113 reddit,
2372 4044 2691 4099 Teridatem

874 4135 1010 4190 fecti
1029 4134 1092 4188 1..
1107 4134 1316 4189 Sestius
1338 4135 1435 4189 Cn.
1568 4134 1780 4189 Romae
1822 4134 2043 4187 retinet.
2122 4136 2411 4204 Augustus
2454 4134 2695 4187 tribuni-

873 4223 1206 4295 Calpurnius
1242 4224 1388 4279 Piso.
1567 4224 1711 4278 ciam
1742 4224 2078 4291 potestatem
2102 4226 2433 4291 perpetuam
2474 4222 2693 4291 accipit.

364 4311 488 4365 732.
628 4312 718 4364 43.
837 4310 914 4366 Μ.
928 4311 1192 4367 Claudius
1205 4312 1435 4367 Marcel·
1497 4311 1806 4367 Coniurant
1828 4311 1888 4364 in
1909 4311 2226 4380 Augustum
2245 4310 2492 4365 Licinius
2512 4310 2693 4364 Varro

874 4400 960 4454 lus
995 4399 1336 4455 Aeserninus
1371 4399 1435 4453 L.
1568 4400 1805 4453 Murena
1841 4404 1899 4453 et
1934 4398 2181 4451 Fannius
2227 4398 2446 4467 Caepi0,
2490 4398 2694 4453 fratres

873 4486 1194 4543 Arruntius.
1567 4488 1843 4543 Proculeii
1872 4492 1929 4542 et
1943 4486 2240 4541 Terentiae
2269 4486 2459 4539 uxoris
2478 4486 2690 4541 Maece-

1570 4574 1717 4629 natis
1752 4574 1845 4645 (cf.
1886 4574 2065 4629 Carm.
2100 4574 2172 4639 H,
2202 4574 2275 4643 2).
2314 4573 2597 4644 Augustus
2635 4575 2695 4628 in
