3092 5059
1482 221 1520 285 '7

301 426 504 493 seque
551 409 766 494 ipsum
827 406 900 475 in
963 407 1108 473 dies
1171 407 1500 475 meliorem
1552 405 1867 474 reddendi
1912 406 2127 472 studio
2172 424 2317 471 eum
2362 405 2567 471 fuisse
2613 405 2705 468 in-

307 519 595 603 citatum,
664 524 736 585 ut
799 516 1110 601 „ridendo
1173 517 1420 583 diceret
1486 514 1749 584 verum“
1774 518 1873 597 ¹¹⁴).
1962 515 2177 593 Quare
2230 514 2458 598 primis
2516 514 2704 579 annis

297 628 536 696 Satiris
577 626 942 693 scribendis
991 634 1056 693 et
1097 627 1342 694 lambis
1371 628 1452 705 ²⁵)
1521 646 1823 709 magnam
1890 644 2153 710 operam
2218 624 2421 705 dedit,
2490 624 2702 707 iisque

297 744 370 804 ut
413 738 762 802 multorum
815 754 976 818 quos
1019 736 1291 803 veritate
1349 742 1412 801 et
1466 736 1751 803 ludibrio
1808 736 2132 819 tetigisset
2174 733 2489 799 invidiam
2514 733 2592 810 26)
2638 738 2703 798 et

300 847 544 927 odium,
589 846 684 911 ita
725 844 955 930 optimi
997 844 1312 927 cuiusque
1357 846 1907 911 existimationem
1948 852 2013 909 et
2054 863 2335 909 amorem
2384 842 2514 908 sibi
2558 862 2705 907 con-

306 956 578 1023 ciliavit.
671 954 913 1020 Contra
976 954 1388 1021 adversarios
1449 974 1635 1020 suam
1705 953 1942 1038 agendi
2004 952 2457 1034 scribendique
2502 952 2706 1017 ratio·

297 1086 448 1133 nem
493 1064 834 1149 ingeniose
877 1070 944 1131 et
994 1063 1353 1130 liberaliter
1418 1062 1728 1145 defendit,
1798 1064 2073 1147 ipsaque
2137 1060 2262 1127 hac
2328 1060 2705 1127 defensione

299 1194 508 1242 novas
551 1174 826 1255 adeptus
871 1180 971 1239 est
1013 1173 1358 1240 satirarum
1400 1174 1793 1239 occasiones.
1880 1170 2036 1238 Cum
2101 1169 2366 1255 optimis
2426 1176 2493 1235 et
2555 1189 2703 1255 poc-

299 1283 389 1350 tis
431 1284 576 1349 eius
617 1283 856 1348 aetatis
898 1290 964 1347 et
1005 1283 1242 1348 artium
1287 1281 1647 1347 fautoribus
1698 1281 2053 1347 amicitiam
2115 1278 2463 1358 contraxit3
2538 1279 2707 1345 inter

304 1412 468 1476 quos
534 1390 914 1459 nominandi
979 1398 1128 1458 sunt
1193 1392 1446 1458 Plotius
1508 1391 1747 1471 Tucca,
1814 1388 1883 1456 O.
1941 1388 2215 1474 Valgius
2274 1388 2498 1470 Rufus,
2560 1387 2708 1453 Ari·

299 1502 467 1568 stius
511 1500 781 1580 Fuscus,
847 1502 1082 1568 fratres
1126 1500 1326 1578 Visei,
1393 1499 1685 1581 Bibulus,
1744 1497 2000 1575 Varius,
2046 1496 2373 1581 Vergilius
2396 1500 2497 1581 ²⁷),
2562 1498 2707 1561 Asi·

299 1612 450 1678 nius
513 1610 744 1689 Pollio,
811 1609 1118 1676 Messalla
1179 1608 1511 1687 Corvinus,
1579 1610 1715 1675 alii.
1800 1608 2037 1674 Varius
2092 1614 2305 1673 autem
2369 1614 2433 1673 et
2476 1605 2705 1689 Vergi-

299 1720 430 1787 lius
496 1726 750 1804 poetae,
815 1738 1092 1804 quorum
1151 1719 1278 1784 iam
1323 1723 1458 1783 tum
1501 1719 1765 1785 nomina
1808 1723 1995 1783 erant
2036 1714 2570 1795 celebratissima,
2638 1712 2705 1781 Ο.

305 1828 518 1897 Gauio
584 1828 948 1895 Maecenati
1017 1846 1166 1892 eum
1233 1825 1781 1893 commendarunt.
1888 1825 2019 1903 Qui
2088 1826 2205 1907 vir,
2275 1822 2481 1889 nobili
2562 1824 2705 1889 loco

298 1948 514 2021 natus,
585 1937 762 2022 apud
833 1935 1179 2003 Caesarem
1249 1934 1682 2002 Octavianum
1752 1936 1943 2017 longe
2014 1932 2541 2016 gratiosissimus,
2616 1932 2705 1997 ad

297 2047 666 2133 pacandam
727 2046 1056 2113 civitatem
1121 2051 1186 2111 et
1247 2045 1334 2111 ad
1387 2045 1555 2111 bene
1617 2042 2203 2111 administrandam
2244 2041 2707 2126 rempublicam

299 2156 816 2235 efficacissimus,
888 2157 1250 2223 litterarum
1303 2155 1740 2237 bonarumque
1795 2154 2033 2219 artium
2090 2151 2329 2219 studiis
2375 2150 2704 2218 deditissi-

297 2287 464 2343 mus,
535 2285 680 2331 cum
720 2264 1001 2350 primum
1045 2264 1206 2347 quid
1251 2265 1318 2330 in
1365 2263 1639 2330 Horatio
1688 2269 1861 2328 esset
1904 2260 2225 2345 cognovit,
2291 2266 2471 2327 tanto
2536 2259 2707 2326 hunc

299 2374 550 2441 honore
594 2374 944 2440 cumulavit
987 2381 1246 2457 tamque
1291 2373 1530 2439 teneris
1568 2373 1849 2439 vinculis
1890 2372 2021 2438 sibi
2067 2370 2378 2453 devinxit,
2452 2376 2523 2436 ut
2566 2390 2705 2436 sen·

303 2484 432 2549 sim
493 2488 721 2549 exorta
786 2482 1015 2547 intima
1077 2482 1527 2549 familiaritate
1591 2502 1798 2565 neque
1860 2501 1941 2547 ea
1982 2500 2261 2563 unquam
2303 2478 2565 2545 turbata
2606 2499 2706 2545 us·

303 2610 434 2675 que
489 2590 574 2657 ad
617 2596 884 2657 mortem
929 2592 1119 2658 ambo
1172 2591 1498 2657 coniuncti
1541 2597 1893 2657 manerent.
1976 2590 2114 2656 Iam
2176 2590 2525 2671 quaeritur,
2579 2608 2705 2671 quo

301 2700 584 2788 primum
627 2719 798 2766 anno
844 2701 1152 2767 Horatius
1205 2720 1248 2765 a
1287 2700 1663 2767 Maecenate
1720 2706 2029 2784 acceptus
2093 2699 2411 2765 videatur.
2494 2698 2707 2781 Atque

302 2811 376 2877 in
431 2811 554 2877 hac
606 2829 863 2894 quoque
915 2830 986 2877 re
1027 2809 1422 2877 invenienda
1465 2809 1611 2893 ipse
1652 2828 1771 2875 nos
1817 2809 2015 2875 ducit.
2102 2808 2306 2875 Sexta
2372 2808 2543 2875 enim
2608 2829 2709 2874 sa·

299 2920 436 2987 tira
475 2920 630 2987 libri
673 2918 940 2986 secundi
980 2927 1152 2985 recte
1193 2918 1636 2985 iudicantibus
1683 2938 1741 2983 a.
1775 2918 1897 2981 723
1930 2937 1989 2982 a.
2028 2938 2089 2982 u.
2128 2936 2181 2982 c.
2227 2917 2377 2996 (aet.
2412 2918 2563 2984 Hor.
2597 2917 2706 2999 34)

303 3030 554 3113 scripta
593 3027 880 3109 videtur3
925 3028 1056 3094 iam
1101 3048 1242 3093 cum
1289 3028 1383 3093 ibi
1425 3047 1485 3093 ν.
1529 3028 1615 3093 40
1658 3046 1797 3110 sqq.
1844 3027 2155 3111 scriptum
2200 3026 2529 3109 legamus:

507 3136 822 3219 Septimus
863 3142 1074 3203 octavo
1105 3138 1380 3219 propior
1419 3136 1555 3202 iam
1586 3136 1829 3219 fuyerit
1868 3154 2093 3217 annue,

505 3245 780 3329 Eae,quo
821 3245 1164 3313 Maecenas
1205 3268 1303 3312 me
1337 3247 1538 3328 coepit
1581 3245 1807 3313 habere
1844 3264 2101 3311 suorum

505 3354 590 3421 In
628 3376 906 3439 numera,

305 3464 590 3533 efficitur
613 3460 712 3547 ²⁸),
757 3469 1048 3549 exortam
1093 3482 1240 3529 esse
1285 3464 1454 3530 iuter
1494 3462 1614 3529 hos
1657 3463 1831 3530 viros
1874 3463 2227 3530 amicitiam
2274 3484 2334 3529 a.
2380 3484 2441 3529 u.
2486 3482 2540 3528 c.
2585 3462 2709 3527 716

306 3582 586 3643 exeunte
649 3575 756 3641 vel
820 3572 1172 3657 incipiente
1231 3594 1290 3639 a.
1355 3574 1496 3639 717.
1604 3572 1834 3656 Neque
1900 3591 2055 3638 vero
2120 3570 2497 3656 imprudens
2568 3579 2708 3638 erat

307 3685 674 3762 Maecenas,
721 3702 866 3749 cum
929 3684 1038 3765 qui
1083 3683 1240 3748 olim
1283 3684 1366 3749 ab
1418 3682 1697 3749 adversa
1738 3688 1923 3766 parte
1970 3682 2427 3749 Brutianorum
2492 3682 2710 3749 stetis·

309 3802 410 3861 set
471 3800 668 3877 poeta
731 3793 1012 3877 primum
1057 3790 1144 3857 ad
1187 3811 1260 3857 se
1300 3791 1745 3858 adduceretur.
1832 3790 2001 3856 Nam
2062 3790 2221 3858 audi
2287 3791 2519 3857 iterum
2580 3790 2708 3855 Ho-

305 3904 544 3971 ratium
587 3902 724 3969 Sat.
773 3902 826 3981 I,
869 3903 926 3980 6,
972 3902 1054 3967 54
1097 3921 1272 3986 sqq.:

377 4144 472 4213 24)
510 4142 626 4199 Sat.
665 4143 1455 4215 1,1,24.1,4,134-139.
1558 4145 1997 4217 intellegendum
2026 4144 2301 4213 quomodo
2330 4143 2510 4197 errari
2544 4146 2707 4224 potu-

377 4214 470 4284 25)
509 4215 684 4269 lambi
739 4222 896 4285 sunt,
953 4235 1090 4287 quos
1142 4219 1310 4273 metri
1363 4236 1457 4273 ra-
1560 4219 1684 4272 erit.
1728 4221 1813 4272 Ac
1840 4218 2067 4273 fuerunt
2096 4221 2281 4269 tamen
2307 4214 2403 4282 qui
2424 4214 2708 4281 septimum

309 4287 462 4341 tione
505 4286 700 4342 habita
747 4288 942 4357 epodos
985 4289 1221 4343 solemus
1268 4291 1454 4360 appel-
1558 4295 1743 4344 octavo
1755 4290 2067 4359 propiorem
2086 4303 2292 4341 annum
2320 4300 2519 4337 nonum
2545 4289 2706 4353 puta-

309 4358 442 4414 lare.
513 4357 695 4426 Epist.
730 4360 802 4427 H,
840 4363 891 4427 2,
929 4362 1014 4413 59.
1558 4365 1701 4415 rent.
1777 4360 1884 4414 Est
1928 4364 2114 4413 autom
2154 4356 2421 4425 septimus
2457 4356 2708 4409 nondum

381 4430 476 4497 26)
514 4427 630 4484 Sat..
657 4431 702 4497 I,
727 4433 780 4499 3,
807 4432 893 4485 25.
929 4430 976 4499 1,
1001 4433 1053 4499 4,
1081 4434 1150 4485 23
1168 4450 1248 4501 sq.
1287 4434 1356 4487 78
1375 4450 1456 4501 sq.
1556 4431 1769 4498 finitus,
1788 4430 1885 4485 sed
1914 4430 1987 4485 ad
2016 4429 2184 4483 finem
2208 4443 2459 4495 vergens,
2480 4426 2710 4495 propior

385 4502 480 4569 27)
517 4500 633 4555 Sat.
669 4502 713 4569 1,
755 4504 838 4570 10,
874 4504 938 4557 81
967 4520 1088 4571 sqq
1160 4503 1206 4571 1,
1243 4504 1295 4571 9,
1333 4506 1418 4557 61.
1559 4501 1900 4570 insequentis
1937 4502 2069 4555 anni
2106 4500 2142 4554 i.
2179 4515 2228 4553 e.
2264 4498 2449 4553 octavi
2486 4497 2669 4551 initio.
2726 4528 2729 4531 ·

383 4572 479 4643 28)
516 4572 584 4626 In
619 4572 730 4628 illis
753 4573 1006 4629 versibus
1029 4574 1264 4631 difficile
1279 4580 1365 4631 est
1387 4574 1460 4631 ad
