3092 5059
384 214 508 278 342

1334 210 1837 280 SATIRARUM
1879 243 1887 252 ·

486 399 907 478 Contentus
959 403 1189 499 vivat,
1242 402 1512 478 laudet
1565 401 1870 477 diversa
1922 403 2383 506 sequentes?

485 519 593 615 „O
649 521 1020 599 fortunati
1071 537 1534 600 mercatore
1554 520 1612 598 l“
1660 523 1920 622 gravis
1968 525 2189 598 annis

387 782 450 836 in
487 781 622 836 XXI
655 781 900 836 minores
945 781 1137 845 libros,
1176 781 1545 851 posteriorem

387 854 448 908 in
482 853 578 908 IX.
618 853 782 908 Hunc
817 853 1073 908 imitatus
1108 859 1194 910 est
1228 858 1286 908 et
1322 870 1546 922 supera-

386 926 472 980 vit
509 925 806 993 Horatius,
846 942 1011 994 quem
1043 925 1114 980 de
1138 923 1360 980 Lucilio
1399 925 1542 979 iudi·

388 1001 608 1051 cantem
645 996 901 1051 audimus
937 995 1053 1051 Sat.
1090 996 1136 1064 I,
1172 999 1238 1050 4.
1262 996 1308 1066 Ι,
1349 999 1429 1050 10.
1466 996 1540 1064 11,

390 1071 438 1122 1.
513 1068 651 1122 Post
690 1068 989 1124 Horatium
1037 1069 1362 1124 nominandi
1411 1073 1544 1122 sunt

388 1139 458 1194 A.
499 1139 722 1194 Persius
761 1139 1000 1194 Flaccus
1049 1143 1107 1194 et
1151 1140 1414 1194 Decimus
1449 1141 1542 1195 Iu-

387 1211 516 1267 nius
551 1211 848 1266 Iuvenalis.
909 1210 988 1265 Et
1023 1210 1123 1266 ille
1160 1211 1388 1280 quidem
1423 1211 1543 1281 (na-

387 1288 479 1337 tus
517 1282 662 1352 prid.
701 1281 843 1338 Non.
882 1282 1015 1337 Dec.
1053 1283 1185 1336 anni
1221 1300 1276 1352 p.
1321 1283 1448 1337 Chr.
1475 1285 1546 1336 34

388 1354 720 1422 Volaterris,
756 1358 1008 1409 mortuus
1049 1372 1099 1408 a.
1137 1355 1192 1409 d.
1229 1355 1380 1408 vm.
1417 1354 1544 1409 Kal.

392 1426 523 1481 Dec.
547 1443 596 1479 a.
617 1426 712 1496 62)
751 1426 1026 1480 acerrimo
1065 1425 1296 1481 virtutis
1337 1443 1544 1495 amore,

391 1496 656 1552 vitiorum
713 1497 842 1551 odio
896 1497 1170 1560 incensus,
1230 1497 1546 1552 Stoicorum

391 1569 630 1624 austeris
700 1569 971 1623 doctrinis
1036 1569 1413 1625 deditissimus
1489 1575 1546 1624 et

391 1659 596 1712 magna
633 1641 877 1709 quadam
905 1641 1076 1695 animi
1107 1641 1346 1695 tristitia
1369 1659 1547 1710 paene

391 1729 689 1783 oppressus
769 1712 1006 1767 Neronis
1087 1717 1344 1782 tempora
1431 1730 1549 1767 non

390 1784 570 1854 magis
634 1783 878 1838 tolerare
937 1785 1126 1855 potuit
1185 1801 1354 1853 quam
1411 1784 1542 1839 Dec.

391 1856 586 1910 Iunius
641 1854 921 1910 Iuvenalis
978 1855 1289 1911 Domitiani
1357 1873 1546 1910 eorru-

393 1932 552 1998 ptam
589 1931 834 1982 aetatem
870 1932 1070 1996 postea
1105 1927 1256 1981 tulit.
1334 1925 1546 1983 Verum

393 2003 460 2053 ut
500 1998 682 2053 Persii
718 1998 1074 2054 nobilitatem
1114 1999 1288 2054 animi
1324 2016 1421 2054 sex
1462 2015 1546 2054 sa-

391 2071 518 2126 tiris
559 2086 703 2139 quae
739 2069 812 2125 ad
846 2087 948 2124 nos
985 2075 1362 2140 pervenerunt
1399 2088 1546 2125 com·

391 2142 690 2212 probatam
739 2142 1024 2212 diligimus
1074 2146 1132 2197 et
1184 2142 1549 2211 admiramur,

391 2214 478 2268 ita
512 2213 792 2268 Iuvenalis
829 2213 1069 2268 sedecim
1113 2214 1321 2269 satirae
1357 2215 1549 2286 ingen·

393 2291 507 2341 tem
544 2285 718 2341 animi
763 2285 1148 2355 acerbitatem,
1184 2286 1386 2340 aetatis
1417 2303 1551 2340 suae

394 2357 646 2412 moribus
718 2356 872 2410 omni
941 2356 1082 2412 vitio
1153 2357 1549 2413 contaminatis

393 2431 770 2499 procreatam,
806 2427 1120 2483 Domitiani
1167 2444 1333 2500 saevo
1375 2430 1550 2498 impe-

391 2501 480 2555 rio
535 2499 634 2554 diu
681 2515 1011 2569 repressam,
1057 2503 1113 2554 et
1164 2500 1324 2569 quasi
1376 2517 1550 2569 quan-

395 2573 524 2627 dam
584 2571 644 2625 in
700 2571 1078 2626 describendis
1138 2571 1550 2642 pingendisque

395 2641 636 2700 cuiusvis
672 2643 895 2712 generis
930 2642 1271 2712 turpissimis
1315 2642 1549 2714 flagitiis

393 2714 824 2770 delectationem
893 2714 1158 2782 produnt.
1266 2714 1546 2770 Iuvenalis

396 2788 516 2841 vita
542 2802 692 2840 nunc
722 2784 964 2856 caligine
984 2785 1225 2854 quadam
1251 2787 1550 2855 premitur,

395 2858 493 2912 sed
530 2856 798 2926 suspicati
835 2861 966 2911 sunt
1001 2858 1208 2912 vixisse
1245 2875 1372 2911 eum
1417 2858 1549 2912 inde

395 2930 468 2984 ab
513 2947 565 2983 a.
605 2931 674 2982 47
724 2945 779 2997 p.
817 2927 945 2982 Chr.
991 2945 1168 2998 usque
1213 2929 1285 2983 ad
1336 2947 1386 2983 a.
1428 2931 1546 2984 130.

396 3001 482 3055 De
516 2999 632 3055 suis
667 3001 856 3055 satiris
881 3001 1000 3070 ipse
1034 3000 1260 3069 scripsit
1285 3001 1473 3055 Iuven.
1503 3000 1549 3070 1,

397 3073 495 3127 85:
523 3071 827 3140 „quioquid
846 3077 1022 3142 agunt
1040 3071 1310 3142 homines,
1335 3078 1549 3141 votum,

398 3145 590 3211 timor,
630 3143 730 3206 ira.
766 3144 1044 3213 voluptas,
1066 3143 1302 3213 Gaudia,
1338 3145 1550 3200 discur-

397 3233 490 3270 sus
523 3215 702 3269 nostri
723 3215 952 3286 farrago
978 3214 1158 3270 libelli
1177 3218 1316 3270 est.“
1337 3246 1404 3256 —
1430 3217 1550 3270 Iam

397 3291 462 3342 ut
519 3287 592 3341 ad
641 3285 942 3341 Horatium
994 3291 1266 3356 revertar,
1321 3287 1553 3342 fuerunt

399 3359 498 3428 qui
552 3359 737 3428 ipsum
787 3363 1012 3428 poetam
1061 3363 1329 3428 quattuor
1375 3360 1552 3415 libros

400 3430 704 3486 satirarum
725 3433 782 3484 et
801 3431 1170 3500 epistularum
1192 3449 1303 3486 uno
1327 3432 1553 3486 nomine

397 3517 702 3557 scr-monum
743 3501 1225 3571 comprehendisse
1261 3503 1466 3574 (Epist.
1506 3503 1553 3574 1,

403 3575 455 3641 4,
495 3575 542 3626 1.
580 3572 653 3641 11,
690 3574 742 3642 2,
778 3573 874 3642 60)
913 3573 1308 3645 adfirmarent3
1350 3576 1551 3644 quibus

402 3644 711 3700 cavendum
767 3649 852 3700 est
897 3662 968 3699 ne
1016 3645 1142 3714 quis
1187 3646 1553 3717 obtemperet.

399 3715 766 3772 Manifestum
820 3720 904 3770 est
947 3717 1114 3784 enim,
1162 3736 1228 3773 eo
1277 3719 1398 3789 ipso
1453 3735 1553 3773 no·

401 3788 552 3842 mine
573 3787 926 3858 (sermonum)
945 3787 1246 3844 Horatium
1271 3796 1328 3846 et
1352 3790 1553 3845 satiras

403 3864 461 3915 et
507 3859 773 3929 epistulas
821 3863 888 3913 ut
923 3860 1156 3915 sermoni
1193 3861 1235 3916 i.
1271 3879 1316 3916 e.
1353 3879 1554 3931 prosae

403 3931 646 3986 orationi
667 3931 959 4000 propiores
989 3930 1124 3998 (Sat.
1150 3931 1194 3999 1,
1222 3935 1273 4000 4,
1299 3935 1394 4002 42)
1426 3951 1552 3988 con-

401 4008 495 4057 tra
522 4003 690 4057 altius
715 4019 890 4072 genus
917 4002 1220 4071 lyricorum
1243 4003 1555 4059 carminum

405 4075 792 4141 collocavisse,
851 4090 1139 4143 nunquam
1202 4081 1267 4130 ut
1321 4077 1553 4146 proprio

405 4145 648 4215 quodam
683 4145 851 4200 titulo
893 4146 1256 4215 inscripsisse.

819 4256 1049 4315 Satira
1085 4258 1130 4313 1.

477 4354 794 4422 Horatium,
843 4355 940 4424 qui
985 4354 1099 4410 iam
1135 4372 1276 4424 puer
1313 4361 1554 4412 oontem-

409 4427 630 4498 plandis
668 4427 840 4481 variis
889 4427 1176 4482 hominum
1222 4428 1422 4484 studiis
1471 4447 1555 4484 as-

407 4503 596 4554 suetus
654 4503 802 4566 erat,
869 4499 1301 4568 haudquaquam
1362 4499 1559 4572 fugere

409 4571 598 4641 potuit
633 4570 942 4625 communis
979 4570 1227 4625 omnium
1267 4571 1562 4628 hominum

1640 781 2005 850 omniumque
2043 783 2291 836 aetatum
2338 780 2411 835 de
2456 797 2589 835 suae
2626 781 2803 836 sortis

1643 853 1943 922 iniquitate
1963 853 2205 922 querela.
2243 851 2403 908 Hanc
2423 851 2603 923 igitur
2626 857 2803 922 poeta

1638 926 1757 979 risu
1782 929 1840 980 et
1865 925 2235 996 castigatione
2264 924 2644 979 abundantem
2668 941 2803 994 par·

1638 997 1745 1051 tim
1798 997 1985 1052 iocosa
2046 997 2258 1066 partim
2320 1013 2514 1051 severa
2574 995 2802 1051 ratione

1638 1067 2264 1194 {iffiffinssisseefflie
2282 1067 2801 1208 ssrffiffifflffi

1640 1230 1766 1267 cum
1814 1212 2049 1282 singulis
2108 1211 2419 1279 quibusque
2476 1210 2802 1265 hominibus

1640 1288 1855 1346 certum
1918 1282 2196 1352 quendam
2240 1283 2424 1337 locum
2470 1286 2801 1351 certumque

1640 1354 1889 1409 officium
1930 1359 2132 1408 natura
2169 1358 2227 1408 et
2262 1354 2591 1408 condicione
2633 1353 2800 1409 attri-

1638 1426 1779 1480 buta
1816 1427 1875 1480 in
1916 1427 2097 1495 iisque
2132 1429 2285 1480 recte
2325 1429 2383 1480 et
2424 1424 2667 1481 fideliter
2702 1443 2798 1480 ex-

1680 1498 1859 1552 lendis
1904 1511 2178 1552 summam
2238 1497 2461 1552 laudem
2513 1513 2800 1566 unamque

1662 1569 1967 1624 elicitatem
2028 1569 2363 1623 cernendam
2414 1585 2533 1622 esse
2586 1569 2797 1624 nescia-

1639 1658 1784 1709 mus,
1836 1645 2031 1695 nostra
2088 1641 2361 1694 soleamus
2422 1644 2799 1709 contemnere,

1640 1713 1827 1767 aliena
1850 1718 1918 1767 ut
1940 1711 2358 1782 praestantiora
2394 1711 2639 1767 laudare.
2676 1713 2797 1767 Iam

1641 1802 1766 1839 cum
1830 1782 2119 1838 satiricum
2179 1800 2355 1855 genus
2427 1783 2799 1852 dramaticum

1640 1859 1804 1916 esset.
1866 1855 2081 1910 factum
2142 1859 2229 1909 est
2288 1858 2354 1909 ut
2410 1853 2679 1910 Horatius
2741 1860 2801 1911 et

1640 1927 2025 1982 adversarium
2051 1926 2297 1995 aliquem
2326 1943 2489 1996 saepe
2524 1930 2801 1981 statueret

1641 2002 1700 2053 et
1757 1999 1954 2069 vigore
2020 2015 2153 2053 suae
2213 1997 2485 2052 orationis
2548 2013 2617 2051 ex
2678 1999 2801 2054 vita

1640 2075 1891 2141 sumptas
1960 2069 2181 2124 tabulas
2250 2069 2561 2140 legentium
2624 2069 2801 2124 oculis

1641 2147 1998 2212 proponeret.
2048 2140 2217 2194 Cuius
2255 2141 2484 2223 quidem
2519 2139 2604 2194 rei
2642 2157 2798 2212 egre-

1682 2215 1795 2268 ium
1824 2211 2142 2282 exemplum
2164 2211 2393 2266 initium
2418 2213 2613 2267 statim
2635 2229 2797 2283 prae·

1640 2231 1743 2340 {et
1776 2285 1943 2338 huius
1980 2285 2205 2348 satirae,
2242 2301 2352 2353 quo
2388 2284 2512 2339 loco
2535 2283 2624 2338 bis
2648 2301 2798 2339 com-

1644 2356 1833 2427 posita
1877 2356 2049 2411 habes
2084 2359 2220 2410 vota
2255 2355 2463 2410 veteris
2507 2355 2706 2410 militis
2741 2360 2803 2412 et

1642 2427 1990 2490 mereatoris,
2056 2427 2199 2481 iuris
2266 2425 2509 2481 consulti
2568 2426 2801 2482 urbanis

1644 2499 1887 2570 negotiis
1944 2499 2204 2568 occupati
2259 2503 2317 2552 et
2370 2498 2652 2570 agricolae
2706 2516 2798 2553 ur·

1643 2572 1847 2626 banam
1872 2571 2047 2653 vitam
2086 2587 2217 2624 suae
2252 2569 2641 2640 praeferentis.
2678 2570 2801 2625 Iam

1642 2640 2631 2769 3²3.1q335‚f¹13¹3·.32⁶30.25‘„3t
2682 2645 2803 2768 ξῗὲῗ

1645 2786 1914 2854 contenti,
1960 2784 2407 2854 respondendum
2451 2784 2561 2839 erit
2596 2784 2803 2840 nimias

1646 2875 1763 2912 esse
1815 2857 2108 2911 hominum
2162 2855 2499 2926 cupiditates
2512 2897 2527 2924 ,
2594 2856 2801 2925 quibus

1646 2929 1811 2998 plura
1858 2929 2031 2983 etiam
2076 2932 2413 2997 expetantur
2457 2943 2625 2996 quam
2677 2928 2800 2996 qui-

1644 3002 1748 3056 bus
1804 3001 1877 3055 ad
1930 3001 2077 3055 bene
2138 2997 2441 3054 vivendum
2495 3016 2636 3068 opus
2698 2999 2801 3066 sit;

1644 3089 1827 3142 neque
1880 3072 2060 3126 minui
2114 3087 2205 3125 eas
2252 3075 2473 3124 mutata
2526 3075 2680 3124 sorte
2734 3089 2806 3126 ac

1644 3161 1833 3198 rerum
1894 3147 2076 3211 statu3
2143 3141 2549 3212 cupiditatibus
2610 3147 2803 3196 autern

1646 3233 1806 3271 curas
1851 3215 2023 3282 nasei,
2079 3214 2228 3269 curis
2275 3213 2611 3270 desiderium
2663 3213 2799 3268 alie-

1646 3305 1751 3342 nae
1788 3287 1972 3341 sortis.
2045 3288 2125 3340 At
2159 3285 2371 3340 habent
2405 3285 2574 3340 etiam
2622 3285 2804 3339 homi·

1645 3377 1744 3413 nes
1796 3376 1906 3429 quo
1956 3375 2083 3412 suas
2129 3375 2291 3412 curas
2350 3357 2805 3426 cupiditatesque

1648 3433 1939 3485 excusatas
2010 3433 2180 3498 atque
2264 3428 2531 3498 probatas
2602 3427 2804 3483 velint.

1648 3501 1873 3558 Scilicet
1918 3499 1974 3572 a)
2011 3501 2110 3555 alii
2144 3500 2205 3554 id
2240 3504 2461 3555 tantum
2506 3517 2565 3554 se
2602 3517 2805 3556 curare

1646 3575 1808 3628 aiunt
1860 3578 1926 3627 ut
1987 3576 2325 3627 senectutem
2382 3571 2493 3625 sibi
2549 3589 2803 3626 securam

1648 3649 1705 3699 et
1740 3645 2019 3714 placidam
2056 3648 2259 3714 parent
2294 3643 2368 3710 (v.
2408 3643 2527 3711 31);
2584 3643 2803 3697 imitari

1648 3734 1707 3770 se
1743 3716 2011 3771 formicae
2048 3714 2367 3784 exemplum
2403 3731 2546 3784 quae
2582 3719 2802 3770 aestate

1648 3787 1883 3858 colligat
1918 3787 2123 3856 quibus
2159 3786 2341 3841 hieme
2370 3785 2551 3841 vitam
2586 3789 2803 3841 susten·

1648 3863 1750 3914 tet.
1824 3859 1941 3914 Nae
1976 3859 2073 3912 isti
2107 3858 2165 3911 in
2202 3857 2531 3940 colligendis
2569 3857 2803 3926 quidem

1649 3931 1848 4000 opibus
1908 3929 2175 4014 formicae
2199 4001 2209 4012 ·
2236 3928 2447 4013 similes
2506 3933 2667 3996 sunt,
2742 3929 2806 3984 in

1647 4073 1927 4144 congestis
1987 4071 2270 4139 fruantur,
2342 4088 2540 4126 aurum
2612 4077 2803 4127 autem

1647 4146 1831 4215 ipsum
1878 4145 1999 4199 sine
2044 4144 2297 4214 sapiente
2332 4160 2437 4198 usu
2472 4142 2682 4198 nullius
2724 4143 2803 4198 sit

1648 4217 1834 4287 pretii.
1872 4215 1941 4271 cf.
1982 4216 2163 4270 Carm.
2200 4215 2273 4276 Π,
2308 4216 2342 4267 2
2380 4215 2455 4283 (v.
2492 4213 2606 4285 50).
2677 4213 2801 4270 Iam

1650 4292 1781 4343 sunt
1824 4287 1883 4356 b)
1938 4287 2055 4354 alii,
2108 4287 2311 4356 quibus
2362 4303 2532 4340 suave
2577 4286 2805 4341 videtur

1652 4361 1721 4416 de
1756 4376 1958 4430 magno
1993 4376 2211 4414 sumere
2244 4375 2407 4428 posse
2430 4374 2651 4413 acervo.
2690 4356 2801 4426 Qui

1652 4431 1877 4502 quidem
1900 4448 2015 4485 non
2037 4431 2221 4485 minus
2246 4430 2409 4485 stulti
2434 4433 2566 4484 sunt
2590 4428 2667 4498 (v.
2684 4429 2799 4500 60).

1652 4503 1797 4558 Tum
1848 4508 1982 4557 sunt
2025 4501 2079 4573 c)
2126 4501 2222 4571 qui
2268 4517 2427 4555 suam
2464 4501 2668 4571 agendi
2710 4518 2801 4555 ra·

1652 4576 1867 4632 tionem
1922 4573 2241 4630 excusaturi
2292 4571 2435 4627 nihil
2492 4572 2632 4628 satis
2684 4589 2803 4628 esse
