3092 5059
305 246 388 311 40
1273 246 1735 317 CARMINUM

606 437 778 528 Quo
831 462 1106 537 graves
1160 438 1442 515 Persae
1493 438 1765 515 melius
1818 441 2181 539 perirent,

608 560 896 639 Audiet
945 588 1246 662 pugnas
1291 564 1479 639 vitio
1532 576 1938 662 parentum

805 690 1006 764 Rara
1054 690 1430 765 iuventus.

517 872 568 913 «ιε
608 839 854 930 Quem
910 852 1132 915 vocet
1182 838 1450 915 divum
1503 841 1837 941 populus
1890 841 2180 916 ruentis

603 963 897 1061 Imperi
949 963 1222 1040 rebus?
1327 966 1567 1042 Prece
1620 992 1774 1065 qua
1826 967 2154 1063 fatigent

614 1087 968 1187 Virgines
1021 1103 1328 1166 sanctae
1377 1092 1632 1166 minus
1686 1091 2123 1167 audientem

831 1214 1196 1292 Carmina
1247 1216 1607 1294 Vestam?

609 1364 755 1441 Cui
808 1364 1022 1442 dabit
1064 1378 1320 1466 partes
1373 1366 1617 1443 scelus
1672 1367 2034 1467 expiandi

521 1520 572 1560 so
607 1489 1014 1589 Iuppiter?
1119 1492 1467 1568 Tandem
1518 1495 1779 1568 venias
1824 1518 2231 1591 precamur

603 1614 827 1692 Nube
878 1616 1286 1693 candentes
1339 1620 1645 1693 umeros
1696 1618 2015 1693 amictus

830 1740 1109 1841 Augur
1160 1742 1478 1842 Apollo3

617 1892 794 1969 Sive
845 1904 930 1967 tu
980 1892 1244 1986 mavis,
1299 1892 1636 1989 Erycina
1681 1892 1965 1987 ridens,

613 2017 862 2111 Quam
916 2016 1142 2093 Iocus
1198 2016 1484 2093 circum
1539 2018 1748 2092 volat
1800 2032 1877 2095 et
1928 2017 2260 2119 Cupido,

519 2176 572 2216 aa
609 2142 791 2220 Sive
835 2142 1280 2239 neglectum
1329 2168 1571 2239 genus
1627 2157 1701 2218 et
1748 2156 2062 2244 nepotes

829 2267 1198 2364 Respicis,
1252 2281 1518 2344 auctor

307 2459 372 2509 ut
403 2452 615 2520 ferrum
665 2470 772 2523 pro
827 2452 1094 2519 subiecto,
1154 2453 1296 2507 cives
1354 2469 1458 2521 pro

307 2524 526 2579 obiecto
561 2524 810 2595 positum
847 2529 1018 2591 esset;
1068 2524 1326 2588 Miillero,
1363 2526 1460 2592 qui

307 2597 444 2651 olim
491 2596 846 2650 scribendum
894 2612 1014 2650 esse
1047 2595 1284 2649 coniecit
1330 2596 1459 2650 ceci-

306 2667 468 2735 disse,
501 2672 699 2737 postea
731 2667 917 2738 magis
947 2667 1162 2736 placuit
1185 2666 1459 2721 Baehren-

308 2739 377 2793 sii
413 2740 734 2805 coniectura
767 2738 1026 2793 iacuisse.
1082 2738 1309 2808 Optime
1346 2736 1458 2792 for-

307 2816 456 2865 tasse
467 2808 948 2877 Reifferscheidius
964 2809 1098 2878 (ind.
1123 2809 1458 2864 schol.Wra-

307 2883 494 2937 tislav.
549 2884 688 2935 1880
741 2882 952 2949 hiem),
1008 2881 1095 2935 cui
1151 2880 1212 2934 hi
1265 2898 1460 2935 versus

307 2954 416 3023 (21.
438 2952 550 3022 22.)
589 2970 702 3007 non
737 2952 808 3006 ad
843 2952 995 3007 bella
1029 2952 1235 3020 civilia,
1273 2952 1368 3006 sed
1388 2952 1460 3007 ad

311 3025 601 3080 Caesarem
633 3025 1034 3092 interemptum
1067 3028 1347 3093 spectant;
1401 3024 1460 3079 id

309 3096 460 3166 quod
511 3102 681 3165 poeta
739 3112 855 3150 non
911 3100 1029 3149 tam
1084 3101 1277 3165 aperte
1330 3113 1458 3166 pro-

307 3168 594 3223 nuntiavit
615 3184 784 3237 quam
817 3170 964 3221 tecte
992 3167 1262 3222 indicasse
1284 3168 1458 3222 satius

309 3240 526 3308 habuit,
581 3256 706 3293 cum
763 3238 1100 3307 praesertim
1155 3244 1212 3293 et
1265 3240 1385 3309 ipse
1426 3256 1460 3293 a

309 3311 477 3367 Bruti
515 3310 770 3380 partibus
808 3311 1048 3364 steterit.
1089 3340 1154 3349 —
1198 3326 1336 3365 mm
1371 3312 1457 3364 iu-

305 3381 518 3453 ventus]
537 3386 909 3451 posterorum.
923 3410 990 3421 —
1004 3382 1236 3451 ruentis]
1255 3382 1458 3453 Imagi-

305 3471 614 3580 nemcqnam
623 3453 974 3578 {soggeplgum
985 3452 1336 3595 habetintel-l]
1401 3470 1460 3506 es

309 3545 378 3581 ex
461 3542 598 3579 arm.
907 3541 932 3578 s
975 3565 987 3578 .
1013 3554 1084 3565 -
1117 3542 1192 3577 sm
1235 3540 1314 3579 ers
1427 3542 1458 3579 e

307 3598 414 3652 hac
449 3564 698 3667 genetiv'i
735 3564 918 3651 forma
933 3542 1024 3651 qcf.
1051 3542 1232 3651 (39.1·ῐέ
1258 3596 1302 3664 Ι,
1327 3598 1380 3665 4,
1409 3599 1456 3648 1.

307 3670 353 3737 Ι,
376 3671 428 3732 6,
458 3668 540 3721 12.
577 3667 624 3736 I,
648 3668 731 3736 12,
749 3669 834 3722 34.
857 3670 943 3722 35.
981 3668 1082 3736 111,
1103 3671 1155 3736 4,
1177 3670 1262 3721 65.
1283 3667 1396 3721 Sat.
1415 3667 1460 3733 1,

309 3743 362 3807 6,
383 3741 433 3793 9.
460 3740 544 3792 12.
565 3766 632 3779 -
659 3740 930 3809 carmina]
953 3757 1163 3810 preces.
1183 3739 1252 3793 cf.
1277 3740 1456 3808 Epist.

305 3811 380 3877 H,
409 3812 458 3877 1,
489 3811 784 3865 134—138.
815 3840 880 3850 -
907 3812 1091 3866 minus
1127 3810 1458 3879 audientem]

308 3882 452 3936 Nam
473 3900 542 3936 ea
559 3898 780 3951 quoqne
805 3882 954 3937 irata
973 3882 1109 3951 fuit3
1151 3898 1250 3936 cur
1269 3881 1456 3943 fuerit,

309 3954 432 4080 {gg
471 3954 616 4059 dicit
667 3954 818 4079 aliud
854 3953 1129 4080 &aizium
1167 3952 1331 4037 Fast..
1359 3952 1457 4057 ΙΙΙ,

307 4113 462 4223 ἔξω
471 4043 622 4151 a<il't‘iit
663 4044 798 4223 igi-leo
813 4043 1086 4165 sachtllgs,
1105 4041 1460 4222 ῖὸῗῐοᾘξὲἰὲ

389 4186 436 4222 ιε
473 4186 564 4223 me
699 4186 815 4223 lere
849 4185 1064 4223 manus.
1177 4184 1240 4221 sa
1273 4184 1458 4220 virum

308 4240 474 4309 rapui
537 4186 947 4308 siffilamque
1007 4186 1176 4293 nudi}>
1220 4237 1456 4307 reliqui:

309 4310 462 4379 Quae
497 4310 700 4367 cecidit
737 4313 906 4377 ferro,
963 4310 1212 4365 Caesaris
1259 4308 1460 4363 umbra

310 4382 470 4438 fuit.“
501 4384 702 4438 Caesar
727 4384 876 4437 enim
899 4382 1163 4437 Pontifex
1184 4381 1459 4434 Maximus

308 4460 446 4509 erat.
485 4484 552 4495 --
589 4454 786 4524 scelus]
823 4451 885 4506 τὸ
923 4447 1072 4522 ἄγος.
1113 4482 1177 4492 -
1231 4450 1462 4506 canden-

311 4530 392 4580 tes
447 4526 677 4595 umeros]
731 4526 805 4581 ad
859 4524 1284 4595 significandam
1337 4523 1460 4592 pul-

311 4597 690 4655 chritudinem
763 4596 1076 4668 Apollinis:
1168 4599 1461 4665 praeterea

1566 2452 1822 2507 Phoebus
1858 2456 2011 2507 totus
2052 2452 2309 2507 candens.
2383 2451 2549 2525 Verg.
2579 2454 2720 2508 Aen.

1565 2522 1715 2591 vm,
1758 2525 1878 2578 720.
1900 2552 1965 2563 ——
1986 2524 2124 2577 nube
2159 2523 2417 2594 amictus]
2458 2524 2614 2579 Hom.
2652 2524 2719 2579 ΙΙ.

1564 2595 1631 2660 V,
1676 2596 1793 2650 186.
1831 2624 1897 2634 —-
1957 2594 2157 2664 auyur]
2214 2595 2395 2650 Carm.
2436 2595 2591 2651 Saec.
2630 2599 2722 2651 61.

1566 2666 1687 2733 Quo
1724 2668 1949 2721 nomine
1986 2666 2354 2737 intellegitur,
2388 2684 2489 2722 cur
2510 2668 2721 2736 Apollo

1564 2739 1779 2809 primns
1815 2743 2063 2792 vocetur.
2100 2738 2154 2792 Is
2192 2739 2342 2792 enim
2375 2746 2611 2809 propter
2632 2740 2719 2794 di·

1566 2809 1797 2864 vinandi
1815 2810 2105 2863 scientiam
2128 2814 2186 2864 et
2212 2810 2489 2878 quomodo
2512 2810 2594 2864 dii
2609 2811 2723 2866 lae·

1567 2882 1613 2936 si
1632 2888 1690 2935 et
1715 2882 1991 2950 quomodo
2012 2880 2273 2950 placandi
2294 2888 2481 2935 essent
2504 2882 2724 2952 optime

1568 2956 1828 3021 noverat3
1906 2958 2157 3007 raeterea
2182 2952 2451 3007 Romanis
2490 2959 2556 3007 ut
2582 2954 2723 3008 olim

1566 3024 1825 3079 Troianis
1876 3023 2095 3077 avebat.
2132 3023 2350 3077 Deinde
2378 3024 2722 3079 Octavianus

1566 3094 1849 3165 Apollinis
1902 3094 2053 3149 filius
2100 3100 2156 3149 et
2204 3094 2400 3149 haberi
2438 3096 2623 3150 voluit
2660 3102 2721 3151 et

1566 3165 1879 3221 habebatur
1915 3184 1948 3219 a
1983 3165 2282 3219 nonnullis.
2322 3194 2385 3205 —
2430 3166 2561 3237 sive]
2600 3168 2638 3221 i.
2674 3186 2723 3223 e.

1566 3239 1657 3293 vel
1682 3238 1747 3305 si,
1773 3242 1837 3291 ut
1862 3238 2042 3291 Carm.
2066 3237 2111 3305 1,
2142 3240 2225 3303 15,
2250 3240 2334 3292 25.
2362 3238 2407 3305 1,
2428 3238 2516 3307 32,
2539 3242 2588 3293 7.
2618 3238 2724 3308 ΙΙΙ,

1568 3312 1655 3378 27,
1690 3310 1774 3361 61.
1816 3338 1883 3347 -
1921 3309 2197 3378 Erycina]
2236 3309 2307 3363 ab
2344 3309 2543 3379 Eryce,
2583 3309 2723 3365 Sici-

1567 3382 1675 3436 liae
1711 3385 1919 3449 monte,
1956 3379 2053 3433 ubi
2092 3383 2309 3433 Aeneas
2346 3379 2535 3451 (Verg.
2577 3385 2723 3437 Aen.

1566 3452 1631 3521 V,
1668 3453 1776 3505 759
1796 3456 1903 3521 sq.)
1938 3450 2133 3507 aedem
2156 3449 2390 3505 Veneris
2429 3456 2723 3509 exstruxe-

1566 3528 1672 3577 rat.
1748 3522 1932 3589 Quare
1967 3539 2038 3577 ne
2074 3521 2183 3577 hoc
2218 3522 2445 3590 quidem
2490 3526 2727 3580 nomine

1567 3600 1777 3649 temere
1811 3598 1979 3664 poeta
2005 3610 2135 3647 usus
2156 3594 2397 3649 videtur.
2422 3626 2487 3635 -
2508 3596 2727 3667 ridens]

1566 3672 1631 3721 ut
1656 3667 1713 3720 in
1739 3666 1925 3734 hymn.
1954 3664 2177 3719 Homer.
2204 3666 2263 3718 in
2294 3666 2493 3721 Vener.
2520 3668 2591 3720 49
2616 3666 2729 3733 ἡδὺ

1564 3733 1915 3807 γελοιήσασα,
1988 3733 2363 3807 φιλομμειδὴς
2410 3733 2727 3809 Ἀφροδίτη.

1568 3836 1635 3850 -
1656 3810 1883 3877 circum]
1908 3807 2174 3875 Carm.11‚
2197 3809 2281 3876 16,
2298 3810 2383 3861 33.
2404 3810 2575 3879 Apud
2590 3828 2725 3880 poe-

1566 3886 1653 3935 tas
1706 3879 2146 3949 praepositiones
2202 3879 2532 3948 frequenter
2568 3888 2726 3951 post·

1565 3955 1871 4022 ponuntur,
1894 3954 1959 4003 ut
1983 3950 2163 4005 Carm.
2184 3950 2284 4017 111,
2306 3954 2356 4017 3,
2380 3954 2467 4004 11.
2506 3950 2727 4079 Ῡειὰεἱὶ.

1567 4026 1705 4078 Aen.
1730 4022 1775 4090 I,
1808 4024 1893 4075 32.
1932 4021 2005 4089 ΙΙ,
2041 4022 2163 4075 792.
2202 4022 2463 4076 Ceterum
2485 4022 2589 4078 Rei
2638 4042 2727 4079 er·
2795 4046 2803 4053 ·

1566 4093 1841 4149 scheidius
1903 4094 1994 4160 „in
2044 4094 2302 4160 nummis,
2364 4094 2572 4164 inquit,
2636 4098 2725 4152 rei

1566 4166 1823 4236 publicae
1858 4164 2069 4219 liberae
2094 4162 2361 4218 Venerem
2398 4183 2565 4235 saepe
2594 4184 2729 4222 con·

1565 4237 1705 4307 spici
1743 4236 1875 4307 biga
1899 4240 2117 4289 vectam
2142 4239 2201 4288 et
2224 4235 2561 4305 Cupidinem
2586 4244 2723 4307 post

1566 4326 1689 4364 eam
1718 4308 2029 4373 volantem3
2068 4307 2323 4377 apprime
2353 4306 2464 4362 huc
2502 4308 2728 4367 faciunt

1565 4380 1778 4434 nummi
1823 4378 2006 4449 gentis
2042 4376 2236 4445 Iuliae,
2284 4382 2351 4432 nt
2400 4382 2618 4435 nummi
2668 4382 2727 4437 S.

1566 4451 1699 4505 Iulii
1727 4450 1975 4504 Caesaris
2012 4454 2180 4519 atque
2218 4449 2358 4503 adeo
2394 4450 2454 4504 in
2482 4450 2551 4506 L.
2590 4454 2730 4508 Iulii

1566 4522 1815 4577 Caesaris
1874 4520 2112 4573 nummis
2150 4520 2425 4575 Venerem
2484 4524 2727 4579 circum·

1566 4594 1747 4648 volari
1785 4610 1818 4647 a
1854 4592 2071 4646 duobus
2106 4592 2410 4646 Amoribus
2446 4594 2727 4668 videmus,
