3092 5059
482 217 609 283 556

1381 215 1994 284 EPISTULARUM

1298 435 1758 518 EmsTULA
1821 431 2072 517 XVII.

587 600 978 695 Quamvis,
1036 597 1345 696 Scaeva,
1401 599 1582 674 satis
1633 623 1774 694 per
1825 609 1900 671 te
1946 595 2091 670 tibi
2143 593 2481 670 consulis
2533 605 2612 669 et
2655 594 2804 670 scis

585 726 758 817 Quo
812 724 1123 800 tandem
1176 737 1400 820 pacto
1458 722 1728 798 deceat
1777 721 2198 796 maioribus
2253 719 2387 813 uti,

582 850 832 946 Disce,
882 847 1275 924 docendus
1329 845 1584 922 adhuc
1636 871 1835 946 quae
1889 857 2146 921 censet
2197 843 2596 939 amiculae,
2649 857 2736 919 ut
2787 844 2860 919 si

588 976 879 1053 Caecus
930 975 1074 1049 iter
1122 985 1552 1047 monstrare
1593 970 1825 1065 velit3
1879 983 2138 1046 tamen
2192 969 2472 1066 aspice,
2521 969 2588 1044 si
2642 968 2842 1068 quid

528 1130 554 1171 s
589 1099 687 1173 Et
736 1125 877 1173 nos
931 1097 1141 1198 quod
1196 1122 1414 1172 cures
1459 1096 1864 1194 proprium
1915 1094 2188 1170 fecisse
2238 1092 2671 1194 loquamur.

587 1223 669 1299 Si
717 1237 795 1298 te
847 1235 1063 1322 grata
1116 1224 1333 1322 quies
1391 1237 1469 1298 et
1503 1221 1836 1318 primam
1887 1246 2200 1295 somnus
2245 1218 2326 1293 in
2380 1216 2652 1294 horam

584 1347 953 1445 Delectat,
1008 1350 1073 1424 si
1123 1363 1201 1425 te
1253 1347 1509 1446 pulvis
1561 1347 2077 1446 strepitusque
2129 1357 2498 1440 rotarum,

786 1573 1133 1662 Epiitula
1166 1590 1342 1644 xvn.

559 1703 843 1773 Scaevam,
866 1705 1143 1759 iuniorem
1178 1705 1273 1769 (cf.
1299 1723 1350 1758 v.
1374 1706 1465 1774 16)
1503 1704 1640 1759 ami-

489 1794 631 1844 cum,
669 1775 831 1832 docet
870 1776 1138 1832 Horatius
1191 1795 1303 1846 qua
1338 1778 1517 1846 possit
1551 1795 1639 1832 ra-

486 1848 642 1901 tione
679 1847 930 1902 favorem
966 1849 1073 1902 sibi
1120 1866 1453 1919 magnorum
1490 1849 1638 1904 viro-

487 1937 614 1973 rum
638 1920 957 1988 conciliare,
978 1921 1061 1974 ita
1100 1926 1287 1975 tamen
1314 1925 1378 1975 ut
1400 1925 1458 1975 et
1483 1931 1638 1975 suam

488 1991 597 2044 sibi
664 1997 957 2046 ‘conservet
1016 1992 1355 2064 dignitatem
1412 1992 1640 2046 liberta-

486 2066 711 2130 temque
736 2068 793 2116 et
815 2063 1136 2117 inlustrium
1163 2064 1455 2117 hominum
1476 2063 1640 2119 bene-

490 2134 739 2189 volentia
775 2153 839 2190 eo
879 2152 988 2205 quo
1026 2137 1163 2190 velit
1206 2136 1513 2205 perveniat.
1587 2136 1641 2190 Is

489 2206 639 2260 enim
676 2206 772 2275 qui
810 2206 1005 2261 favore
1039 2207 1353 2277 potentium
1388 2207 1642 2261 virorum

488 2278 720 2332 honeste
768 2295 833 2332 ac
876 2277 1045 2348 digne
1092 2282 1415 2348 comparato
1462 2280 1641 2334 vitam

489 2349 598 2402 sibi
651 2348 900 2403 reddidit
949 2355 1172 2420 gratam
1225 2355 1282 2404 et
1337 2351 1642 2404 honoribus

489 2424 727 2488 auctam,
766 2425 990 2475 tantum
1026 2422 1183 2477 abest
1202 2425 1283 2475 'ut
1318 2423 1641 2490 vituperan-

491 2493 593 2546 dus
652 2493 744 2560 sit,
793 2496 859 2545 ut
906 2494 1072 2564 longe
1116 2494 1376 2548 videatur
1425 2494 1642 2564 praefe-

488 2563 698 2618 rendus
732 2563 1091 2632 importunae
1130 2564 1368 2619 inertiae
1403 2583 1471 2620 ac
1506 2565 1642 2620 stul-

491 2640 585 2690 tae
622 2635 917 2704 superbiae
944 2636 1193 2704 alterius,
1220 2637 1332 2706 qui,
1374 2655 1498 2691 cum
1527 2654 1642 2692 ma-

487 2706 702 2761 ioribus
764 2711 917 2762 recte
971 2709 1057 2762 uti
1117 2709 1355 2776 nesciat,
1417 2709 1642 2763 omnino

488 2795 602 2832 non
639 2777 725 2832 uti
762 2779 939 2833 malit.
987 2810 1051 2818 —
1092 2779 1257 2834 Latet
1288 2797 1387 2834 nos
1423 2785 1479 2835 et
1516 2782 1643 2850 quis

492 2849 698 2904 Scaeva
734 2849 909 2905 fuerit
964 2855 1020 2905 et
1074 2869 1184 2921 quo
1231 2869 1377 2906 anno
1434 2853 1644 2921 scripta

491 2922 566 2976 sit
602 2923 857 2990 epistula.
904 2922 1171 2977 Nonnulli
1208 2925 1475 2992 suspicati
1512 2929 1643 2978 sunt

490 2993 661 3046 fuisse
696 2992 875 3046 filium
909 2994 1149 3064 aliquem
1176 2994 1350 3049 Cassii
1383 2995 1642 3063 Scaevae,

491 3064 831 3118 centurionis
880 3065 1195 3136 Caesariani
1244 3065 1419 3138 (Caes.
1466 3065 1530 3120 B.
1584 3067 1641 3122 C.

490 3135 592 3203 111,
626 3137 743 3205 53);
792 3137 888 3191 sed
938 3155 1047 3205 quo
1086 3138 1245 3192 iure?
1316 3139 1441 3192 Non
1478 3139 1644 3208 pauci

490 3209 825 3276 interpretes
858 3209 1155 3277 epistulam
1190 3211 1535 3264 rettulerunt
1572 3211 1644 3265 ad

492 3297 543 3332 a.
601 3281 707 3332 734
760 3279 850 3334 vel
904 3281 1035 3349 735,
1090 3281 1359 3336 Weberus
1410 3287 1645 3352 propter

493 3349 675 3404 simile
714 3357 1122 3420 argumentum,
1153 3353 1303 3423 quod
1336 3354 1482 3408 hanc
1516 3371 1644 3408 cum

491 3423 733 3490 epistula
790 3423 1030 3479 secunda
1090 3443 1380 3479 commune
1436 3426 1646 3480 habere

492 3493 649 3562 dicit,
691 3496 989 3564 utramque
1033 3514 1179 3550 anno
1228 3499 1327 3550 731
1374 3497 1644 3566 composi-

492 3569 610 3619 tam
648 3566 925 3635 opinatur.
1028 3567 1285 3622 Ceterum
1334 3587 1469 3623 cave
1514 3586 1643 3623 con-

490 3637 694 3691 fundas
747 3637 895 3692 hunc
942 3637 1203 3694 Scaevam
1261 3657 1387 3694 cum
1434 3639 1646 3696 Scaeva

490 3713 697 3779 nepote
734 3707 848 3763 Sat.
886 3709 959 3778 ΙΙ,
1000 3713 1048 3778 1,
1091 3713 1178 3764 53.

564 3779 629 3834 V.
671 3782 717 3834 1.
775 3781 1041 3851 quamvis]
1087 3783 1215 3837 vide
1264 3782 1335 3836 ad
1382 3783 1562 3837 Carm.
1599 3783 1644 3852 I,

428 3915 439 3924 ,
493 3853 579 3913 28,
622 3851 706 3905 13.
747 3881 811 3890 ——
848 3852 1089 3925 tandem]
1139 3853 1230 3908 Sic
1278 3872 1467 3908 omnes
1512 3855 1645 3909 libri

492 3922 672 3990 MSS.;
741 3923 1040 3978 Horkelius
1106 3929 1297 3980 tamen
1358 3927 1646 3996 ingeniose

492 3995 729 4050 coniecit
785 3997 1177 4065 corrigendum
1233 4014 1347 4052 esse
1413 4004 1644 4064 tenuem

491 4067 581 4122 cui
618 4066 1029 4122 concedendum
1078 4074 1229 4123 certe
1266 4075 1368 4136 est,
1406 4069 1642 4138 tandem,

491 4138 641 4208 quod
696 4139 771 4191 sit
819 4138 1181 4208 impatienter
1222 4140 1644 4210 interrogantis,

490 4209 691 4265 referri
744 4227 905 4279 posse
967 4212 1041 4265 ad
1100 4213 1275 4266 verba
1328 4212 1643 4281 quaerendi,

489 4281 893 4351 interrogandi,
936 4283 1159 4348 similia,
1205 4302 1317 4339 non
1365 4301 1525 4353 posse
1573 4284 1644 4338 ad

488 4354 723 4408 verbum
760 4353 984 4409 sciendi.
1060 4354 1246 4409 Minus
1352 4373 1455 4410 ave
1491 4355 1642 4410 vide-

490 4431 585 4477 tur
647 4425 902 4493 alterum,
948 4426 1100 4494 quod
1146 4426 1277 4481 addi
1319 4429 1383 4486 it,
1435 4427 1505 4481 de
1557 4445 1644 4481 ra-

493 4494 664 4561 tione,
724 4513 835 4564 qua
885 4498 1192 4551 maioribus
1234 4500 1507 4552 utendum
1554 4499 1646 4566 sit,

498 4564 642 4617 nihil
698 4566 956 4622 universe
1006 4570 1257 4638 praecipi
1308 4587 1486 4640 posse,
1549 4569 1648 4626 sed

1736 1563 1940 1618 debere
1987 1565 2285 1632 praecepta
2329 1577 2399 1615 ex
2433 1559 2766 1615 condicione
2803 1577 2896 1615 eo·

1737 1653 1880 1698 rum,
1943 1633 2146 1703 quibus
2207 1633 2604 1703 praecipiatur,
2667 1632 2896 1686 diversa

1737 1724 1870 1762 esse.
1907 1705 2207 1759 Praeterea
2232 1722 2358 1758 cum
2382 1705 2713 1768 nesciamus,
2729 1701 2894 1758 Scae-

1737 1797 1810 1834 va
1847 1795 1959 1848 qua
1993 1776 2322 1832 condicione
2357 1793 2489 1830 usus
2541 1792 2725 1844 quove
2763 1775 2892 1830 1000

1737 1853 1902 1904 natus
1937 1849 2030 1916 sit,
2067 1847 2376 1903 cavendum
2412 1851 2497 1902 est
2531 1863 2603 1900 ne
2627 1847 2772 1914 quid
2799 1847 2896 1901 ho-

1735 1922 1906 1976 minis
1943 1920 2032 1974 vel
2067 1919 2338 1990 dignitati
2360 1919 2450 1972 vel
2474 1919 2682 1972 honori
2705 1919 2898 1974 detra-

1737 1995 1933 2056 hatur3
1985 2008 2202 2061 quapro
2245 1995 2332 2045 ter
2388 2007 2499 2044 non
2549 2007 2720 2044 ausus
2771 2007 2898 2043 sum

1738 2083 1862 2120 cum
1881 2063 2162 2118 Meinekio
2236 2061 2542 2117 oederlinio
2561 2061 2897 2116 Ecksteinio

1739 2137 1990 2191 codicum
2009 2134 2407 2188 auctoritatem
2425 2134 2700 2188 deserere.
2719 2163 2788 2174 —
2805 2133 2896 2188 do-

1739 2207 1938 2263 cendus
1975 2205 2175 2275 adhuc]
2205 2205 2550 2274 „Praecepta
2583 2205 2670 2258 ita
2695 2205 2898 2272 elevat,

1737 2283 1804 2334 ut
1838 2295 1982 2348 quae
2005 2277 2217 2333 Scaeva
2239 2277 2300 2332 in
2323 2294 2482 2332 suam
2509 2293 2630 2332 rem
2665 2293 2899 2331 conver-

1737 2356 1858 2405 tere
1905 2349 2096 2420 possit,
2143 2366 2214 2403 ne
2259 2366 2372 2403 non
2417 2347 2636 2415 docere,
2686 2349 2900 2417 quippe

1738 2421 2376 2550 10⁸0&oe-
2391 2419 2688 2561 {aa}
2708 2421 2902 2546 nami?

1735 2565 1997 2620 nativum
2043 2568 2314 2627 teneram,
2361 2579 2474 2632 qua
2521 2579 2652 2618 cum
2689 2561 2900 2618 Scaeva

1739 2637 2066 2692 coniunctus
2116 2640 2259 2703 erat,
2307 2635 2612 2690 amicitiam
2661 2634 2900 2690 indicat.

1739 2709 1944 2764 Catull.
1969 2709 2056 2776 30,
2079 2707 2139 2762 2:
2179 2707 2336 2776 „Iam
2374 2711 2432 2761 te
2467 2705 2611 2760 nihil
2649 2707 2900 2774 miseret,

1738 2780 1892 2838 dure.
1917 2781 2002 2834 tui
2020 2779 2200 2833 dulcis
2215 2778 2492 2832 amiculi.“
2515 2777 2710 2832 Aliter
2719 2777 2900 2832 Muel-

1737 2853 1837 2907 ler.
1859 2851 1928 2906 de
1949 2855 1984 2906 l.
2011 2851 2049 2904 l.
2079 2850 2282 2904 demin.
2302 2867 2358 2919 p.
2381 2852 2474 2904 86:
2517 2854 2618 2917 „ut
2640 2849 2898 2904 modeste

1737 2923 1808 2978 de
1841 2942 1940 2978 sua
1985 2921 2219 2977 scientia
2253 2923 2536 2990 loquatur,
2572 2922 2764 2976 iocose
2803 2939 2898 2974 vo-

1738 2996 1817 3050 cis
1849 2995 2058 3050 amicus
2086 2993 2303 3064 pondus
2329 2997 2600 3048 extenuat-
2627 3009 2716 3052 eo,
2745 2993 2900 3062 quod

1737 3067 1968 3122 adhibet
2030 3065 2364 3120 vocabulum
2433 3061 2751 3119 festivum.“
2831 3093 2898 3104 -

1736 3137 1942 3206 caecus]
1991 3137 2079 3192 cui
2125 3135 2430 3191 cavendum
2477 3140 2562 3190 est
2608 3153 2684 3190 ne
2729 3136 2900 3190 nimis

1739 3209 1949 3274 credas,
2013 3225 2138 3262 cum
2208 3209 2326 3278 ipse
2386 3207 2656 3262 facillime
2719 3209 2900 3278 possit

1739 3299 1944 3337 errare.
1966 3309 2032 3320 —
2053 3279 2256 3350 tamen]
2297 3279 2590 3334 Sententia
2609 3279 2754 3333 haec
2790 3286 2898 3334 est:

1739 3353 2030 3422 „quamvis
2069 3352 2186 3420 ipse
2225 3351 2385 3416 scias,
2410 3367 2519 3418 quo
2553 3355 2726 3420 pacto
2761 3368 2902 3420 pau-

1738 3443 1930 3495 perem
1984 3424 2266 3478 hominem
2331 3422 2524 3478 deceat
2585 3423 2900 3476 maioribus

1739 3497 1846 3561 uti,
1917 3500 2108 3550 tamen
2161 3493 2322 3559 audi,
2389 3493 2526 3562 quid
2580 3494 2902 3562 praecipiat

1740 3568 1978 3634 amicus3
2049 3565 2146 3636 qui
2212 3565 2467 3634 quamvis
2525 3565 2648 3634 ipse
2714 3565 2904 3620 adhuc

1739 3638 2019 3695 docendus
2057 3639 2130 3692 sit
2164 3655 2269 3691 nec
2303 3654 2466 3692 caeco
2503 3636 2709 3691 melius
2743 3637 2898 3690 viam

1738 3711 1916 3782 possit
1969 3714 2297 3771 monstrare.
2357 3713 2550 3762 tamen
2595 3709 2808 3777 aspice,
2855 3709 2900 3762 si

1741 3782 1876 3852 quid
1914 3782 2197 3850 loquatur,
2234 3780 2386 3849 quod
2421 3781 2480 3834 in
2517 3785 2684 3832 tuum
2732 3797 2898 3834 usum

1739 3855 1916 3926 possis
1954 3853 2333 3908 convertere.“
2367 3851 2522 3906 Part.
2557 3856 2744 3905 tama·
2771 3869 2900 3905 con·

1740 3926 2023 3995 iungenda
2071 3929 2155 3978 est
2199 3941 2324 3978 cum
2373 3923 2572 3992 aspice,
2615 3939 2736 3976 non
2773 3940 2896 3978 cum

1741 3997 1902 4066 disce,
1925 4000 1991 4050 ut
2008 3996 2307 4050 voluerunt
2327 3993 2641 4050 Schmidius
2675 3999 2738 4048 et
2755 3993 2896 4048 Doe-

1739 4069 2028 4124 derlinius.
2068 4097 2134 4106 -
2170 4066 2386 4137 fecisse]
2423 4061 2711 4134 ἆορίστως.
2743 4096 2814 4106 -
2849 4065 2899 4119 si

1737 4145 1789 4196 te
1821 4139 2010 4210 arata]
2049 4138 2143 4204 „Si
2170 4138 2418 4206 quietam
2449 4137 2627 4190 vitam
2651 4139 2894 4206 quaeris.

1737 4213 1784 4265 si
1821 4211 2052 4282 negotia
2087 4209 2318 4264 fastidia
2355 4209 2464 4264 tibi
2499 4209 2804 4277 imponunt
2839 4213 2892 4262 et

1736 4284 1848 4338 tibi
1882 4283 1980 4336 uni
2020 4283 2211 4336 vivere
2247 4281 2351 4348 vis,
2387 4279 2628 4334 aliorum
2667 4297 2776 4350 ope
2817 4279 2891 4332 fa-

1738 4356 1842 4410 cile
1877 4355 2090 4424 poteris
2129 4370 2337 4421 carere,
2373 4351 2471 4406 sed
2507 4351 2706 4408 confer
2741 4355 2799 4405 te
2837 4351 2888 4403 in

1737 4425 2096 4481 solitudinem
2153 4425 2313 4494 parvi
2370 4422 2566 4494 oppidi
2619 4421 2890 4490 (Fere-m·-

1737 4494 2888 4624 33³’12220523320130133'ff'0vffi
