3092 5059
424 263 546 326 232

1394 253 1855 322 CARMINUM

818 445 999 523 Sive
1047 457 1120 520 te
1171 469 1400 540 rupes
1455 457 1534 518 et
1582 455 1806 518 acuta
1853 441 2010 516 leto

823 570 1028 652 Saxa,
1072 569 1473 664 delectant,
1529 592 1699 666 age
1729 577 1803 642 te
1852 563 2243 666 procellae

824 695 1078 776 Crede
1128 694 1400 789 veloci,
1452 693 1604 768 nisi
1647 691 1838 769 erile
1889 690 2134 766 mavis

1022 817 1362 918 Carpere
1409 839 1735 912 pensum

735 1006 788 1048 ω
823 968 1108 1066 Regius
1160 964 1471 1064 sanguis
1527 962 2041 1061 dominaeque
2096 960 2299 1038 tradi

819 1094 1211 1170 Barbarae
1260 1088 1559 1200 paelex,

1668 1085 1971 1163 Aderat
2023 1087 2376 1188 querenti

818 1216 1210 1295 Perfidum
1263 1215 1525 1292 ridens
1578 1215 1842 1291 Venus
1888 1225 1963 1290 et
2011 1214 2331 1288 remisso

1025 1341 1271 1418 Filius
1318 1367 1523 1417 arcu.

823 1497 1026 1590 Mox,
1082 1493 1218 1568 ubi
1266 1491 1450 1567 lusit
1499 1491 1719 1567 satis:
1773 1489 2204 1584 Abstineto‚

743 1655 794 1696 το
826 1619 1057 1713 Dixit,
1106 1618 1396 1694 irarum
1451 1614 1902 1714 calidaeque
1953 1615 2187 1707 rixae,

830 1743 1027 1820 Cum
1084 1740 1230 1816 tibi
1277 1739 1562 1813 invisus
1612 1725 2035 1813 laceranda
2070 1735 2346 1814 reddet

1029 1863 1342 1942 Cornua
1391 1875 1679 1938 taurus.

825 2017 1048 2094 Uxor
1096 2013 1360 2090 invicti
1410 2013 1618 2089 Iovis
1673 2037 1837 2088 esse
1887 2013 2154 2088 nescis,

831 2143 1050 2218 Mitte
1107 2139 1505 2237 singultuS,
1558 2139 1759 2214 bene
1810 2138 2015 2214 ferre
2068 2163 2425 2237 magnam

749 2300 800 2340 w
834 2269 1062 2343 Disce
1119 2269 1543 2358 fortunam3
1594 2276 1725 2338 tua
1776 2276 2023 2341 sectus
2078 2265 2284 2339 orbis

1031 2392 1361 2467 Nomina
1416 2388 1665 2465 ducet.

1216 2723 1599 2809 GARMEN
1660 2723 2033 2810 XXVIII.

733 2889 960 2966 Festo
1019 2890 1209 2989 quid
1258 2891 1514 2989 potius
1570 2889 1697 2964 die

935 3016 1276 3117 Neptuni
1325 3017 1660 3092 faciam?

431 3249 650 3301 ‘queone
684 3231 861 3285 vitam
896 3229 1090 3285 finiam
1127 3247 1200 3285 an
1235 3229 1387 3284 ferro
1432 3231 1584 3285 incu-

431 3305 560 3359 bem
599 3306 690 3357 An
737 3304 904 3357 missa
939 3319 1204 3372 praeceps
1246 3319 1374 3356 arce
1408 3303 1583 3371 palla-

432 3376 528 3430 dia
577 3375 775 3430 cadam
790 3374 818 3427 ¹?
882 3373 994 3428 Pro
1041 3373 1315 3429 castitatis
1360 3374 1586 3429 vindica

431 3464 712 3502 armemus
748 3462 976 3500 manum
991 3445 1055 3499 ‘?“
1094 3446 1154 3498 in
1191 3460 1302 3514 quo
1339 3445 1464 3500 loco
1493 3445 1585 3501 Se-

431 3536 571 3574 neca
605 3518 844 3573 fortasse
869 3518 1122 3572 imitatus
1159 3521 1244 3572 est
1265 3517 1584 3586 Horatium,

434 3595 500 3644 ut
535 3605 716 3660 saepe.
747 3619 814 3630 —
852 3589 997 3659 bene]
1035 3593 1364 3658 opportune.
1407 3617 1470 3628 -
1508 3589 1584 3644 si·

432 3659 1583 3802 3⁶1ffl32.233121‚.ss.133.m2.03‡

433 3805 508 3858 tis
569 3804 900 3869 arbitrium;
961 3803 1176 3858 scilicet
1219 3803 1386 3871 filiae,
1441 3821 1585 3874 quae

436 3875 612 3930 libere
647 3879 868 3945 patrem
913 3874 1162 3942 reliquit,
1198 3875 1376 3929 libere
1412 3877 1583 3930 etiam

435 3947 633 4002 mortis
657 3964 831 4018 genus
867 3947 1318 4001 constituendum
1353 3951 1453 4001 cst.
1493 3947 1587 4002 Sic

435 4019 785 4089 intellegitur
818 4017 1054 4072 verbum
1090 4017 1358 4073 delectant
1407 4036 1586 4089 prope

433 4091 760 4174 malignum,
797 4089 878 4144 sic
911 4089 1081 4144 etiam
1118 4107 1253 4144 saxa
1291 4095 1454 4146 acuta
1479 4091 1584 4145 leto

434 4162 474 4216 i.
512 4181 558 4217 e.
597 4162 670 4216 ad
704 4165 948 4216 mortem
984 4160 1228 4215 dandam
1263 4165 1468 4215 natura
1501 4162 1585 4215 in-

435 4233 655 4301 stituta,
692 4251 726 4288 a
766 4233 970 4303 quibus
1013 4233 1110 4301 qui
1155 4232 1420 4288 desiliunt
1457 4251 1585 4304 pro-

437 4306 576 4360 cella
614 4274 785 4360 e’tiam
822 4305 936 4358 acti
973 4303 1298 4359 celeriorem
1346 4313 1586 4359 mortem

437 4377 745 4432 inveniunt.
837 4375 1135 4431 Praeterea
1188 4393 1358 4447 grave
1411 4377 1585 4431 etiam

437 4452 538 4516 est,
576 4448 727 4518 quod
761 4448 946 4518 reyius
982 4448 1214 4517 sanquis
1250 4447 1584 4517 appellatur,

439 4520 530 4573 cui
591 4519 728 4588 quid
787 4519 1006 4572 tristius
1076 4519 1264 4588 potuit
1335 4519 1586 4576 accidere

440 4607 608 4659 quam
645 4591 704 4643 in
739 4589 1068 4644 servitutem
1103 4589 1227 4644 dari
1243 4589 1272 4644 ⁴?
1311 4617 1376 4631 —-
1419 4591 1585 4660 perfi-

1765 3016 2042 3092 Prome
2093 3016 2577 3093 reconditum

1687 3233 1837 3304 dum]
1860 3233 2058 3316 vidad
2078 3233 2259 3289 Carm.
2276 3233 2545 3317 11,·12,14.
2563 3265 2631 3274 ——
2652 3237 2845 3291 rema}-

1686 3304 2328 3447 {325351313522‘153532
2344 3323 2457 3432 ¹3.ss
2467 3307 2845 3433 ffiifflhss

1685 3449 1834 3512 bere,
1854 3449 2105 3503 irridere.
2132 3479 2197 3490 —
2221 3449 2507 3519 abstineto]
2534 3450 2845 3506 Meinekim

1687 3537 1757 3574 ex
1778 3521 2099 3575 coniectura
2127 3521 2449 3587 abstineb2'33
2486 3526 2548 3576 at
2571 3539 2685 3576 non
2710 3539 2840 3576 con-

1686 3593 1900 3646 solatur
1935 3591 2136 3660 Venus,
2173 3593 2271 3646 sed
2305 3609 2431 3648 cum
2469 3593 2716 3648 ludibrio
2756 3595 2838 3647 vi·

1686 3668 1943 3733 tuperat3
1983 3668 2040 3719 et
2064 3681 2327 3733 compara
2364 3665 2688 3734 imperativi
2723 3663 2839 3719 for·

1685 3751 1805 3789 mas
1842 3753 1930 3790 vv.
1954 3736 2041 3789 74.
2061 3737 2148 3789 75.
2173 3765 2238 3776 —
2277 3735 2513 3806 irarum]
2552 3736 2623 3791 cf.
2654 3737 2838 3790 θαι-ιιι.

1687 3806 1758 3875 11,
1798 3809 1849 3874 9,
1890 3807 1971 3861 17.
2008 3806 2104 3875 IV,
2140 3808 2192 3875 9,
2231 3809 2316 3860 37.
2350 3807 2836 3879 -ἰπυίεαε1Βε-

1686 3878 1831 3948 petit
1878 3878 2062 3934 Venus
2116 3879 2290 3949 ipsius
2348 3879 2608 3948 Europae
2664 3879 2843 3934 verba

1686 3951 1915 4019 paulum
1950 3954 2187 4017 mutata,
2229 3969 2282 4004 v.
2320 3953 2391 4005 45
2431 3968 2550 4020 sqq.
2590 3981 2657 3992 -
2694 3967 2843 4006 umor

1686 4021 1814 4090 esse]
1860 4021 2236 4076 nominativus
2282 4039 2483 4094 graeco
2532 4039 2692 4077 more

1686 4092 1844 4162 nitus,
1896 4099 1960 4147 ut
1998 4093 2256 4158 Carm.1,
2294 4095 2347 4162 2,
2384 4095 2472 4148 43.
2512 4095 2597 4147 50.
2654 4094 2843 4164 Epist.

1686 4163 1730 4232 1,
1764 4167 1817 4232 7,
1853 4167 1939 4218 22.
1975 4195 2047 4204 --
2083 4165 2328 4234 nomina]
2364 4165 2583 4235 poetice
2619 4166 2689 4220 de
2726 4184 2842 4222 uno

1685 4237 1929 4305 nomine,
1964 4241 2030 4291 ut
2067 4235 2247 4291 Carm.
2283 4237 2379 4306 IV,
2416 4240 2469 4305 2,
2505 4237 2555 4291 3.

1958 4349 2287 4406 Carmen
2322 4349 2577 4406 XXVIII.

1758 4445 2169 4516 Neptunalibus
2204 4447 2279 4516 (a.
2318 4447 2372 4501 d.
2410 4447 2480 4502 X.
2516 4447 2643 4502 Kal.
2667 4448 2847 4519 Aug.)

1686 4522 1856 4588 poeta
1891 4535 2019 4574 cum
2052 4519 2345 4588 psaltriam
2360 4518 2557 4587 Lyden
2592 4519 2744 4588 apud
2784 4537 2849 4574 ne

1687 4589 1912 4658 habeat,
1966 4590 2179 4645 nescire
2223 4607 2281 4645 se
2332 4590 2418 4645 ait
2459 4590 2595 4660 quid
2638 4591 2849 4645 melius
