3092 5059
1067 226 1227 293 LIB.
1271 227 1319 292 Ι.
1366 225 1638 294 EPIST.
1686 225 1805 292 111.

1089 450 1545 536 EPISTULA
1607 451 1754 536 III.

338 617 492 693 Iuli
542 617 797 714 Flore,
850 619 1128 717 quibus
1180 631 1560 694 terrarum
1616 615 1891 692 militet
1931 617 2084 691 oris

340 741 711 820 Claudius
765 742 1097 840 Augusti
1150 743 1577 842 privignus,
1632 744 1826 818 scire
1880 740 2178 817 laboro,

341 867 736 944 Thracane
790 894 928 943 vos
979 867 1448 966 Hebrusque
1498 866 1741 941 nivali
1795 865 2168 967 compede
2218 867 2516 943 vinctus

340 993 469 1068 An
525 991 724 1069 freta
776 993 1063 1068 vicinas
1119 991 1318 1066 inter
1368 991 1752 1068 currentia
1800 1005 2046 1067 turres

280 1149 309 1191 s
344 1119 472 1194 An
524 1119 851 1218 pingues
905 1117 1137 1194 Asiae
1190 1116 1442 1212 campi
1495 1114 1887 1215 collesque
1939 1120 2388 1194 morantur?

342 1242 551 1336 Quid
578 1241 919 1318 studiosa
946 1242 1220 1317 cohors
1254 1267 1572 1342 operum
1603 1242 1870 1317 struit?
1907 1241 2056 1316 hoo
2091 1266 2399 1341 quoque
2433 1268 2639 1319 curo,

341 1365 532 1458 Quis
585 1367 735 1443 sibi
785 1394 907 1443 res
953 1379 1204 1466 gestas
1257 1365 1594 1464 Augusti
1646 1367 1984 1441 scribere
2037 1368 2315 1443 sumit?

573 1680 910 1752 Epistula
946 1681 1045 1736 111.

311 1791 571 1848 Tiberius
598 1794 859 1850 Claudius
896 1795 1045 1849 Nero
1078 1813 1203 1850 cum
1246 1812 1392 1851 anno

238 1868 272 1919 7
277 1867 349 1919 34
388 1865 461 1920 ad
505 1864 807 1937 Tigranem
855 1867 913 1920 in
962 1867 1265 1922 Armeniae
1309 1885 1393 1921 re-

238 1954 415 2008 gnum
452 1937 839 1993 deducendum
876 1955 1003 1992 cum
1048 1939 1299 1993 exercitu
1335 1938 1395 1993 in

240 2009 517 2064 orientem
554 2010 625 2064 ab
656 2013 917 2082 Augusto
952 2011 1295 2080 mitteretur,
1329 2015 1397 2064 ut

244 2080 365 2164 ipse
400 2081 597 2136 doctus
634 2087 775 2150 erat,
822 2083 905 2137 ita
946 2082 1007 2136 in
1044 2082 1274 2137 cohorte
1308 2099 1395 2136 co·

244 2151 447 2207 mitum
502 2171 616 2208 non
670 2170 879 2223 paucos
932 2171 1119 2209 secum
1174 2154 1399 2208 duxisse

244 2223 475 2279 videtur
557 2225 808 2284 iuvenes
898 2225 995 2294 qui
1078 2225 1395 2280 litterarum

242 2296 1397 2493 {2:3301332033ffl„22¹?u.¹9222133312⁸

370 2439 480 2495 hoc
516 2457 750 2494 numero
798 2439 909 2494 fuit
942 2439 1117 2494 Iulius
1167 2440 1398 2509 quidam

244 2510 465 2578 Florus,
516 2513 818 2566 satirarum
865 2513 1129 2582 scriptor,
1176 2512 1223 2566 si
1259 2511 1397 2566 fides

244 2552 503 2638 habenda
529 2587 615 2637 est
634 2583 1009 2652 Porphyrioni
1046 2583 1397 2651 scholiastae,

244 2658 493 2708 ceterum
521 2656 765 2726 ignotus.
806 2655 1018 2710 Romae
1044 2661 1227 2710 autem
1270 2671 1397 2709 cum

226 2725 515 2790 ‚Horatius
567 2743 785 2780 summa
828 2727 977 2782 inter
1012 2732 1206 2796 poetas
1252 2730 1400 2781 esset

245 2798 613 2866 auctoritate,
695 2797 841 2852 nihil
923 2798 1241 2853 mirandum
1314 2807 1399 2852 est

244 2869 397 2938 quod
448 2887 639 2924 omnes
694 2869 947 2939 iuvenes,
1005 2870 1103 2939 qui
1164 2871 1224 2924 in
1274 2875 1398 2924 arte

242 2941 467 3010 poetica
516 2940 897 3006 elaborarent,
956 2943 1073 2996 eius
1132 2945 1191 2996 et
1236 2940 1399 2995 fami-

242 3012 551 3068 liaritatem
611 3014 955 3082 quaerebant
1014 3017 1073 3067 et
1128 3013 1398 3067 iudicium

244 3083 317 3138 de
359 3085 473 3138 suis
524 3085 815 3140 conatibus
862 3086 1052 3156 mag-ni
1099 3084 1398 3139 habebant.

242 3156 437 3224 Atque
473 3155 697 3211 Horatii
732 3161 895 3210 tanta
942 3155 1053 3211 fuit
1100 3173 1235 3212 cura
1274 3156 1397 3212 lati·

242 3244 445 3281 narum
492 3228 830 3296 litterarum,
872 3233 939 3282 ιιι
985 3245 1099 3282 ιιοιι
1137 3245 1400 3311 praesens

244 3299 427 3353 solum
486 3299 672 3354 studio
731 3301 1075 3368 optimorum
1134 3299 1397 3354 iuvenum

246 3370 466 3426 adesset
522 3371 621 3426 sed
674 3389 882 3442 magno
925 3372 1176 3426 locorum
1225 3373 1397 3426 inter-

242 3443 397 3497 vallo
442 3449 689 3498 remotus
737 3443 970 3497 consilia
1018 3459 1211 3497 eorum
1248 3444 1401 3497 alere

244 3517 303 3569 et
353 3531 549 3586 regere
597 3533 710 3569 non
760 3514 1060 3570 desineret.
1153 3513 1219 3568 Id
1268 3531 1401 3597 quo·

246 3585 415 3640 modo
460 3586 567 3642 hac
611 3587 854 3656 epistula
899 3587 1111 3641 factum
1160 3587 1237 3640 sit
1282 3587 1401 3654 ipse

243 3657 481 3713 videbis.
574 3655 737 3725 Quod
785 3659 857 3712 ad
900 3657 1131 3713 Florum
1179 3657 1401 3727 potissi·

244 3746 401 3784 mum
470 3730 615 3784 hanc
686 3731 984 3800 epistulam
1054 3729 1227 3798 dedit,
1300 3733 1399 3783 aut

242 3800 457 3855 factum
506 3806 591 3856 est
634 3807 871 3872 propter
914 3803 1185 3856 maiorem
1232 3818 1396 3870 quam

244 3889 372 3928 cum
416 3873 525 3928 hoc
568 3873 767 3928 iuvene
811 3873 1057 3928 habebat
1093 3873 1400 3928 amicitiam

244 3943 402 4014 (nam
456 3945 685 4000 secundi
740 3961 961 4015 quoque
1016 3945 1149 4000 libri
1217 3944 1400 3999 altera

244 4016 488 4086 epistula
524 4016 598 4071 ad
624 4017 861 4072 eundem
896 4016 1113 4086 scripta
1138 4017 1265 4085 est),
1301 4020 1400 4070 aut

245 4093 481 4159 propter
547 4087 877 4156 simultates,
970 4105 1107 4158 quas
1166 4088 1400 4143 Florum

242 4177 373 4216 cum
412 4159 591 4214 amieo
628 4165 796 4214 autea
834 4158 1091 4214 Munatio
1140 4159 1401 4214 habuisse

242 4249 316 4286 ex
367 4247 533 4286 versu
581 4234 644 4284 31
674 4249 756 4301 sq.
806 4231 1085 4299 videmus3
1132 4233 1399 4285 nimirum

242 4305 313 4356 ut
349 4302 421 4357 ad
456 4303 865 4372 componendas
902 4303 1031 4357 lites
1069 4271 1229 4357 'inter
1264 4305 1399 4357 ami·

244 4391 342 4429 cos
373 4374 453 4429 ali
492 4320 654 4430 uidPo
628 4375 746 4444 ipse
784 4373 1047 4429 adfermt.
1113 4373 1258 4429 Nam
1294 4375 1401 4428 hoc

244 4463 455 4501 nonvi
396 4450 624 4501 vietur
666 4444 979 4516 probabile,
1030 4445 1180 4514 quod
1220 4450 1401 4501 tenta-

243 4522 371 4572 tum
408 4517 571 4572 video
596 4518 669 4572 ab
666 4464 1056 4588 pelegantibus
1091 4517 1291 4572 harum
1314 4535 1399 4572 re·

244 4605 375 4648 rum
438 4589 733 4662 iudicibus,
789 4591 849 4644 in
903 4589 971 4644 iis
1018 4589 1401 4644 simultatibus

1487 1671 1657 1710 unam
1701 1653 2076 1724 quaerendam
2121 1670 2240 1708 esse
2285 1671 2510 1710 causam
2545 1671 2646 1710 cur

1488 1726 1776 1796 scripserit
1824 1729 1994 1796 poeta
2044 1724 2368 1795 epistulam3
2425 1725 2646 1796 reliqua

1488 1797 1685 1853 addita
1731 1815 1850 1852 esse
1898 1815 1964 1851 eo
2001 1797 2350 1866 potissimum
2390 1798 2644 1868 oonsilio,

1490 1874 1557 1924 ut
1592 1887 1726 1924 vera
1762 1886 1928 1923 causa
1963 1868 2164 1923 callide
2198 1874 2501 1940 tegeretur.

1564 1940 1632 1995 V.
1674 1945 1717 1996 1.
1775 1940 1971 2010 quibus
2020 1940 2158 2010 oris]
2217 1940 2369 1995 Inest
2424 1941 2484 1994 in
2538 1940 2643 1996 hac

1494 2011 1739 2067 formula
1775 2012 1931 2066 notio
1969 2011 2243 2080 quaedam
2286 2011 2396 2067 loci
2441 2011 2643 2067 incerti

1493 2090 1552 2139 et
1587 2083 1907 2154 longinqui,
1953 2089 2018 2136 ut
2057 2082 2223 2154 Verg-
2262 2086 2404 2138 Aen.
2439 2083 2484 2145 1,
2520 2087 2643 2138 331.

1493 2154 2202 2222 Liv.xxl,10‚12.--
2253 2155 2500 2226 Anyto-sti
2527 2155 2643 2224 pri-

1490 2227 1708 2297 m'qnus]
1751 2195 1978 2281 honoris
2033 2242 2199 2282 causa
2245 2225 2354 2282 hoc
2388 2226 2645 2281 additum

1491 2303 1647 2423 puta.
1719 2297 1789 2352 cf.
1834 2298 2016 2366 Epist.
2065 2297 2110 2364 1,
2161 2300 2214 2365 8,
2259 2301 2309 2353 2.
2383 2297 2540 2354 Nihil
2586 2297 2645 2352 in

1533 2387 1600 2424 ac
1675 2369 2102 2440 compellatione
2183 2338 2488 2424 didendum
2561 2375 2647 2424 est

1494 2441 1818 2496 ambitionis
1878 2444 1980 2496 aut
2030 2440 2204 2496 studii
2247 2441 2308 2495 in
2357 2440 2645 2496 Tiberium

1492 2513 1785 2568 Neronem.
1838 2541 1901 2552 -
1961 2512 2199 2582 Thraca]
2253 2513 2342 2566 Ex
2395 2513 2646 2568 locorum

1493 2584 1692 2640 ordine
1743 2583 1900 2638 vides
1949 2584 2218 2653 scriptam
2267 2601 2383 2639 esse
2440 2585 2647 2654 epistu—

1494 2656 1635 2725 lam,
1691 2673 1820 2710 cum
1888 2656 1948 2709 in
2003 2655 2324 2710 Armeniam
2385 2659 2649 2728 pergeret

1494 2727 1798 2795 exercitus,
1854 2745 1966 2781 non
2023 2745 2150 2782 oum
2204 2727 2439 2796 rediret,
2496 2727 2648 2798 quod

1493 2799 1641 2854 male
1681 2797 1778 2853 alii
1828 2799 2094 2868 suspicati
2131 2805 2278 2854 sunt.
2351 2798 2514 2854 Fecit
2553 2817 2646 2853 au-

1494 2876 1608 2925 tem
1637 2869 1896 2925 Tiberius
1931 2871 2076 2925 hanc
2107 2870 2520 2940 expeditionem
2545 2888 2648 2940 per

1494 2941 1794 2997 Thraciam
1819 2947 1878 2996 et
1901 2941 2305 3010 Macedoniam,
2338 2947 2396 2997 et
2421 2943 2647 3012 quidem

1494 3014 1599 3068 sub
1657 3030 1890 3068 vernum
1948 3019 2194 3084 tempus;
2249 3013 2380 3070 iude
2424 3014 2646 3069 Hebrus

1534 3085 1676 3140 lacie
1725 3089 1917 3140 tectus.
1969 3115 2035 3124 —
2081 3085 2279 3157 turres]
2335 3086 2548 3154 „Herus
2587 3091 2646 3140 et

1544 3157 1755 3212 eandri.
1853 3157 2009 3211 Inter
2063 3157 2260 3212 Seston
2314 3164 2372 3212 et
2414 3157 2651 3226 Abydon

1494 3229 1740 3283 medium
1809 3233 1892 3282 est
1963 3228 2312 3298 Hellesponti
2383 3228 2648 3284 fretum.“

1895 3299 2155 3354 Ceterum
2229 3301 2648 3370 antiquissimus

1496 3371 1694 3426 Bland.
1762 3389 1886 3426 cum
1950 3389 2062 3425 uno
2124 3371 2236 3426 alio
2305 3373 2425 3427 cod.
2485 3372 2650 3442 Cruq.

1494 3443 1732 3513 praebet
1767 3449 1960 3510 terras,
2008 3460 2150 3512 quae
2187 3444 2354 3498 lectio
2394 3443 2648 3499 Bentleio

1494 3519 1556 3569 et
1590 3515 1800 3584 Paulyo
1837 3515 2068 3583 placuit.
2146 3515 2272 3570 Non
2309 3516 2474 3585 bene;
2521 3533 2650 3571 nam

1496 3586 1574 3640 cf.
1595 3586 1804 3640 Lucan.
1831 3587 2026 3640 Phars.
2046 3585 2145 3648 IX,
2171 3588 2304 3640 954:
2345 3590 2438 3656 „et
2462 3605 2652 3642 amore

1496 3663 1756 3712 notatum
1778 3659 2003 3727 Aequor
2033 3665 2090 3712 et
2109 3657 2328 3713 Heroas
2356 3659 2650 3714 lacrimoso

1496 3729 1664 3784 litore
1701 3731 1931 3784 aanesf‘
1978 3757 2070 3770 -—-
2100 3730 2410 3801 morantur]
2471 3748 2650 3786 amoe-

1494 3802 1772 3856 nitatibus
1819 3802 1932 3855 suis
1983 3817 2080 3855 vos
2125 3805 2338 3856 tenent.
2418 3804 2650 3857 Accom·

1496 3873 1787 3927 modatum
1839 3873 2021 3944 igitur
2075 3873 2308 3927 verbum
2361 3873 2432 3928 ad
2482 3875 2650 3928 Asiae

1499 3961 1756 4014 campos3
1803 3945 1950 3999 unde
1997 3945 2044 3998 si
2089 3945 2460 3999 necessarium
2499 3945 2651 4000 vide-

1496 4016 1672 4084 bitur,
1708 4016 1875 4071 facile
1912 4017 2158 4071 invenies
2199 4016 2349 4086 quod
2387 4034 2512 4072 cum
2541 4017 2648 4072 He·

1496 4088 1602 4142 bro
1639 4093 1696 4142 et
1733 4087 2099 4158 Hellesponto
2150 4089 2456 4160 coniungas
2497 4089 2650 4143 aliud

1497 4160 1761 4230 generale
1804 4159 2053 4214 verbum.
2094 4190 2160 4200 —
2198 4159 2475 4230 studiosa]
2530 4159 2652 4216 Hoc

1498 4231 1841 4286 adiectivum
1896 4232 2045 4301 quod
2101 4249 2134 4286 a
2185 4232 2446 4286 Cicerone
2504 4233 2651 4287 aliis·

1498 4319 1606 4371 que
1643 4303 1804 4357 bonis
1850 4303 2221 4372 scriptoribus
2271 4319 2382 4357 non
2419 4321 2650 4373 usurpa·

1496 4379 1595 4428 tur
1642 4374 1750 4428 nisi
1796 4375 1990 4428 addito
2027 4373 2307 4458 genetivo,
2361 4392 2472 4445 quo
2509 4391 2654 4446 vaga

1496 4446 1650 4500 illius
1684 4447 1842 4501 notio
1881 4447 2050 4502 certis
2095 4445 2372 4500 limitibus
2410 4447 2646 4502 circum·

1496 4517 1795 4585 scribatur,
1850 4519 2106 4588 Augusto
2163 4517 2473 4586 imperante
2535 4534 2651 4573 cer·

1498 4590 1702 4644 tiorem
1749 4558 2214 4660 significationem
2264 4593 2491 4644 nactum
2549 4595 2651 4662 est,
