3092 5059
435 223 564 289 466
659 204 668 217 .

1381 220 1885 291 SATIRARUM

539 408 974 485 Demissum
1025 434 1268 509 genus
1313 408 1603 505 Aenea,
1657 407 1933 483 tellure
1985 405 2332 504 marique

539 532 867 630 Magnus
921 532 1084 631 erit,
1137 534 1322 609 forti
1372 534 1611 609 nubet
1658 556 1987 630 procera
2034 527 2339 605 Corano

455 689 507 731 es
543 656 746 733 Filia
793 657 1138 755 Nasicae,
1191 660 1597 735 metuentis
1649 656 1979 733 reddere
2018 653 2345 729 eoldum.

537 782 737 858 Tum
785 806 1027 880 gener
1075 784 1226 859 hoo
1280 782 1544 859 faciet:
1598 780 1897 859 tabulas
1952 803 2218 854 socero
2272 777 2489 853 dabit
2534 788 2773 875 atque

539 906 640 983 Ut
686 906 896 1005 legat
946 909 1232 1004 orabit3
1287 908 1612 983 multum
1660 906 1936 983 Nasica
1986 916 2301 1003 negatas

539 1029 890 1129 Accipiet
937 1032 1250 1109 tandem
1297 1045 1373 1108 et
1421 1034 1689 1108 tacitus
1742 1031 1971 1131 leget,
2022 1028 2513 1127 invenietque

538 1155 668 1231 Nil
717 1157 866 1233 sibi
915 1156 1258 1255 legatum
1304 1168 1611 1257 praeter
1660 1155 1971 1253 plorare
2020 1154 2353 1252 suisque.

459 1314 510 1355 w
542 1281 752 1358 Illud
801 1282 904 1358 ad
955 1282 1148 1359 haee
1195 1282 1468 1358 iubeo:
1523 1281 1805 1357 mulier
1850 1282 1918 1356 si
1966 1281 2171 1355 forte
2222 1277 2495 1354 dolosa

541 1406 996 1484 Libertusve
1045 1432 1306 1485 senem
1361 1406 1689 1483 delirum
1740 1418 2139 1503 temperet,
2192 1404 2347 1479 illis

547 1530 606 1603 A
621 1532 891 1609 oeedas
943 1535 1229 1610 socius:
1281 1532 1573 1629 laudes,
1624 1530 1963 1607 lauderis
2012 1543 2101 1605 ut
2149 1530 2463 1605 absens:

545 1654 888 1733 Adiuvat
935 1657 1086 1734 hoo
1137 1684 1468 1759 quoque,
1521 1657 1661 1735 sed
1708 1657 1951 1733 vineit
1996 1656 2231 1754 longe
2281 1654 2497 1751 prius
2549 1652 2805 1750 ipsum

542 1782 1006 1881 Expugnare
1051 1796 1300 1883 eaput.

1403 1782 1707 1859 Scribet
1754 1781 1959 1858 mala
2002 1780 2345 1855 earmina
2392 1802 2701 1853 vecors:

461 1944 512 1985 τε
548 1908 920 1985 Laudato.
1019 1905 1410 1983 Scortator
1455 1907 1635 1983 erit:
1685 1931 1871 1981 eave
1920 1917 1997 1981 te
2040 1916 2303 2002 roget3
2356 1901 2561 1978 ultro

544 2031 1016 2133 Penelopam
1067 2030 1322 2107 facilis
1356 2031 1645 2130 potiori
1690 2024 1979 2105 trade.“
2082 2029 2457 2104 Putasne?

545 2157 875 2235 Perduoi
925 2155 1212 2257 poterit
1254 2167 1410 2230 tam
1461 2153 1671 2251 frugi
1720 2166 2033 2253 tamque
2085 2152 2391 2250 pudiea,

547 2284 793 2379 Quam
847 2279 1213 2380 nequiere
1261 2279 1482 2377 proci
1531 2291 1739 2355 recto
1798 2277 2187 2375 depellere
2240 2278 2513 2354 cursu?

548 2406 830 2507 „Venit
873 2408 1082 2481 enim
1133 2430 1499 2503 magnum
1553 2404 1892 2479 donandi
1945 2429 2179 2502 parea
2230 2406 2603 2497 iuventus,

466 2569 518 2608 ao
551 2534 714 2609 Neo
765 2543 1062 2606 tantum
1112 2531 1415 2606 veneris
1471 2542 1839 2629 quantum
1884 2530 2226 2604 studiosa
2270 2527 2613 2604 culinae:

549 2658 676 2734 Sic
723 2655 865 2731 tibi
907 2654 1295 2755 Penelope
1339 2655 1551 2753 frugi
1602 2668 1739 2752 est,
1800 2681 1996 2755 quae
2047 2656 2113 2729 si
2162 2653 2401 2729 semel
2446 2678 2604 2727 uno

549 2783 666 2857 De
716 2806 899 2857 sene
949 2780 1275 2878 gustarit
1325 2792 1580 2855 tecum
1630 2781 1913 2881 partita
1962 2777 2350 2873 lucellum,

550 2908 648 2984 Ut
699 2908 908 2983 oanis
961 2932 1008 2982 a
1061 2906 1270 2980 corio
1325 2930 1711 3005 nunquam
1760 2904 2309 2982 absterrebitur
2355 2915 2609 2979 uncto.

449 3216 788 3270 magnopere
829 3196 1088 3253 adiuvari
1110 3196 1266 3251 vides
1291 3197 1450 3266 epioa
1474 3214 1601 3267 gra-

451 3272 646 3337 vitate,
693 3288 862 3340 quam
913 3273 1080 3338 poeta
1115 3268 1300 3337 lepide
1346 3269 1605 3323 imitatur

450 3341 925 3469 sspmsthfflgssmssz‘gff:
991 3356 1257 3465 ’ὃόωηζῖὶ
1299 3341 1605 3465 fftss'ffi?

451 3502 548 3539 ves
583 3484 749 3538 homo
787 3482 919 3547 fnit3
960 3482 1020 3536 in
1043 3484 1200 3537 maius
1232 3482 1605 3537 hereditatem

451 3561 518 3610 ut
577 3556 854 3625 irreperet
911 3554 1112 3609 Nasiea
1125 3594 1140 3615 .
1212 3570 1415 3624 magno
1475 3570 1605 3608 aere

453 3627 636 3681 alieno
685 3627 936 3695 obrutus,
997 3626 1150 3679 omni
1205 3629 1328 3679 arte
1381 3624 1607 3681 efficere

453 3698 672 3753 studuit
715 3702 886 3767 atque
931 3697 1072 3752 adeo
1115 3697 1236 3751 aeni
1284 3696 1460 3751 filiam
1506 3714 1605 3765 po·

451 3770 627 3825 acenti
662 3769 798 3824 dare
841 3769 1274 3837 haudquaquam
1313 3772 1607 3823 cunctatus

452 3846 551 3896 eat.
591 3841 698 3895 Sed
727 3841 866 3910 quid
889 3840 1094 3895 deinde
1115 3840 1366 3894 fautum?
1403 3840 1607 3894 Nasica

455 3930 490 3968 a
529 3913 746 3967 Corano
793 3912 996 3967 misere
1032 3911 1296 3980 deeeptus
1337 3911 1394 3964 in
1435 3915 1606 3965 testa-

453 3988 644 4039 mento
668 3983 810 4037 nihil
839 3983 1058 4037 invenit
1079 3982 1189 4037 sibi
1213 3982 1472 4037 relietum
1498 3983 1607 4035 nisi

454 4056 686 4123 luctum,
731 4072 846 4108 non
889 4054 964 4109 de
1005 4058 1228 4107 mortuo
1265 4070 1472 4123 genero
1509 4054 1608 4108 sed

453 4126 526 4181 de
561 4126 714 4181 inani
752 4126 1088 4195 captatione.
1119 4154 1186 4164 —
1339 4124 1452 4194 um]
1490 4142 1607 4179 sor-

454 4204 588 4263 tem,
625 4214 900 4253 summam
927 4197 1168 4267 argenti,
1207 4213 1376 4266 quam
1411 4203 1607 4251 mutuo

456 4274 762 4338 acceperat,
797 4268 1036 4323 fortasse
1059 4268 1233 4322 etiam
1257 4268 1328 4321 ab
1364 4268 1486 4335 ipso
1507 4268 1609 4322 Co-

453 4358 610 4395 rano.
649 4340 760 4395 Cio.
785 4340 977 4395 Babir.
996 4338 1146 4393 Post.
1173 4340 1262 4392 17:
1301 4338 1426 4405 „Ita
1461 4338 1611 4393 bona

456 4416 713 4479 veneant,
745 4416 810 4465 ut
833 4410 1068 4465 solidum
1091 4426 1254 4463 suum
1279 4408 1480 4478 cuique
1503 4411 1609 4464 sol·

457 4482 678 4536 vatur.“
716 4482 894 4537 Tacit.
917 4484 1064 4535 Ann-
1084 4480 1178 4545 VI,
1203 4480 1284 4533 17.
1309 4508 1373 4521 —
1389 4486 1612 4548 praeter

453 4552 694 4620 plorare]
747 4553 820 4607 of.
867 4550 1032 4607 Ovid.
1081 4550 1309 4605 Heroid.
1355 4552 1440 4618 17,
1482 4554 1609 4606 162:

1699 3196 1827 3265 „Nil
1872 3197 1958 3251 illi
2002 3196 2165 3267 potui
2200 3196 2390 3251 diem-e
2431 3202 2661 3266 praeter
2696 3195 2855 3251 erit.“

1700 3298 1767 3308 —
1802 3268 1943 3323 illud
1979 3269 2055 3323 ad
2087 3268 2243 3338 haec]
2280 3270 2412 3323 haec
2442 3268 2513 3322 de
2548 3269 2853 3337 superiori-

1698 3340 1820 3408 bus,
1868 3340 2011 3395 illud
2047 3340 2119 3395 de
2164 3341 2233 3394 iis
2270 3357 2413 3408 quae
2462 3340 2853 3409 insequuntur.

1698 3410 1953 3465 Tertium
1977 3415 2165 3465 autem
2189 3412 2297 3466 hoe
2320 3416 2406 3465 est
2440 3412 2850 3481 praescriptum

1698 3482 1795 3551 (of.
1827 3502 1881 3537 v.
1918 3484 2033 3553 45).
2078 3512 2147 3523 —-
2198 3482 2427 3571 mulier}
2452 3483 2737 3537 libertina.
2784 3512 2849 3524 -

1697 3554 1847 3623 lonqe
1878 3554 2065 3624 prius]
2118 3560 2363 3623 κρεῖττον
2396 3572 2477 3609 ον.
2538 3582 2603 3593 -
2666 3553 2853 3623 capeat]

1698 3625 1934 3681 divitem
1970 3626 2169 3695 ipsum.
2196 3655 2260 3665 —
2296 3626 2445 3711 cave]
2482 3625 2613 3680 vide
2652 3626 2723 3678 ad
2742 3626 2851 3681 Sat.

1698 3696 1771 3757 11.
1812 3700 1863 3765 3,
1900 3699 1989 3751 38.
2049 3726 2117 3737 --
2174 3698 2322 3753 venit
2352 3697 2521 3767 emm]
2570 3696 2853 3751 Particnla

1698 3769 1841 3823 enim
1876 3769 2063 3837 posita
2102 3775 2189 3823 est
2222 3772 2289 3821 ut
2324 3786 2359 3822 a
2380 3769 2611 3824 Graecis
2648 3769 2708 3822 in
2744 3786 2853 3823 ser—

1700 3840 1957 3895 monibus
2000 3840 2321 3909 saepissime
2362 3835 2497 3911 7693
2544 3858 2677 3893 nam
2722 3841 2851 3895 dum

1701 3928 1844 3979 quae
1918 3912 2064 3965 alter
2121 3910 2442 3967 adfirmavit
2514 3912 2855 3969 conceditur.

1700 3998 1867 4037 eausa
1900 3983 2066 4037 simul
2104 3982 2441 4039 eoncedendi
2480 3984 2651 4037 huius
2682 3984 2853 4053 parti·

1702 4054 1861 4109 culae
1904 4071 2009 4123 ope
2056 4054 2403 4125 adiungitur.
2480 4054 2679 4109 Iooosa
2724 4056 2855 4109 haee

1703 4142 1923 4193 quoque
1960 4127 2215 4194 παρῳδία
2250 4126 2483 4181 Homeri
2520 4126 2631 4180 od.
2660 4126 2857 4193 XVIII,

1703 4199 2007 4251 274-279.
2045 4196 2310 4253 Fritsoh.:
2350 4198 2514 4267 „Non
2546 4202 2637 4253 est
2656 4199 2855 4252 mirum

1706 4284 1955 4323 servasse
1975 4268 2313 4340 Penelopam
2344 4271 2601 4325 animum
2628 4275 2857 4335 eastum,

1702 4356 1837 4393 nam
1868 4342 2010 4395 oet-“
2069 4370 2141 4380 —
2196 4358 2295 4397 nec
2336 4341 2575 4409 mm]
2626 4341 2759 4396 vide
2790 4340 2857 4393 ad

1704 4410 1820 4465 Sat.
1840 4412 1885 4478 Ι,
1904 4414 1955 4475 8,
1988 4414 2073 4465 17.
2111 4442 2179 4453 —-
2214 4418 2279 4466 ut
2312 4411 2495 4499 canis]
2532 4414 2617 4467 aie
2632 4412 2857 4468 Lucian.

1704 4482 1833 4537 adv.
1848 4482 2066 4537 Indoot.
2084 4486 2181 4538 25:
2210 4480 2395 4553 „0563
2418 4502 2531 4555 γαρ
2556 4478 2707 4538 κύων
2720 4480 2863 4543 ἅπαξ

1705 4548 1961 4607 παύσαιτ’
2002 4549 2073 4609 ἂν
2114 4561 2507 4625 σκυτοτραγεῖν
2540 4556 2859 4627 μαθοῦσα.“
