3092 5059
477 221 604 285 512
1376 219 1992 288 EPISTULARUM

580 405 732 483 Seu
785 405 1081 483 calidus
1133 407 1440 506 sanguis
1492 433 1622 484 seu
1670 435 1930 485 rerum
1981 409 2280 486 inscitia
2328 421 2554 486 vexat

576 533 967 608 Indomita
1014 533 1311 610 cervice
1366 519 1596 630 feros,
1645 535 2112 634 ubicumque
2161 534 2512 610 locorum

492 690 543 730 εις
581 657 860 734 Vivitis
910 659 1215 756 indigni
1268 661 1693 734 fraternum
1752 687 2112 760 rumpere
2163 662 2463 752 foedus,

574 785 921 860 Pascitur
972 785 1053 859 in
1105 797 1441 860 vestrum
1487 785 1824 861 reditum
1874 787 2138 863 votiva
2191 787 2541 862 iuvenca.

1352 1148 1812 1234 EPISTULA
1873 1149 2005 1232 IV.

578 1311 787 1408 Albi,
840 1325 1279 1388 nostrorum
1331 1339 1773 1391 sermonum
1826 1312 2154 1388 candide
2207 1311 2458 1407 iudex,

578 1436 784 1529 Quid
838 1463 1043 1513 nunc
1096 1451 1171 1513 te
1229 1437 1483 1513 dicam
1537 1438 1794 1513 facere
1846 1437 1925 1511 in
1977 1437 2300 1534 regione
2347 1435 2730 1510 Pedana?

578 1559 930 1637 Scribere
984 1561 1193 1660 quod
1249 1559 1465 1638 Cassi
1519 1561 1950 1638 Parmensis
2006 1561 2377 1660 opuscula
2426 1561 2702 1635 vincat

576 1687 698 1763 An
750 1686 1067 1762 tacitum
1129 1687 1359 1762 silvas
1406 1687 1608 1762 inter
1657 1701 1964 1784 reptare
2016 1685 2382 1782 salubres,

478 1921 721 1993 Paulyus
769 1925 999 1995 Cruquii
1045 1927 1363 1997 exemplum
1410 1931 1630 1982 secutus

478 2000 587 2064 est3
646 2014 761 2051 non
811 1997 967 2053 bene.
1024 2028 1089 2038 —
1146 2015 1326 2058 rmum
1381 1999 1626 2068 inscitia]

476 2085 591 2121 non
652 2069 874 2123 videtur
928 2087 1046 2124 esse
1099 2066 1320 2141 ἀπειρία
1373 2072 1484 2124 τῶν
1539 2067 1629 2124 ἀν-

477 2144 779 2208 θρωπίνων
830 2136 1194 2212 πραγμάτων,
1250 2143 1347 2198 sed
1390 2160 1629 2212 parvum

477 2210 765 2279 iudicium,
805 2230 915 2281 quo
953 2231 1097 2283 quae
1143 2216 1289 2269 alter
1324 2215 1445 2269 sine
1480 2215 1629 2268 malo

477 2283 665 2337 studio
703 2288 762 2338 et
796 2301 893 2338 suo
932 2285 1054 2340 iure
1097 2285 1297 2340 fecerit
1331 2287 1627 2350 dixeritve,

476 2355 731 2410 consulto
769 2360 827 2410 et
864 2355 936 2411 ad
972 2357 1237 2411 iniuriam
1290 2358 1456 2412 nobis
1490 2357 1630 2412 infe-

475 2427 708 2480 rendam
779 2426 931 2482 facta
989 2445 1152 2498 saepe
1218 2435 1522 2499 putamus..
1567 2459 1626 2468 —

474 2497 747 2552 indomita
780 2499 999 2568 confice]
1040 2501 1109 2555 cf.
1147 2500 1329 2572 Epist.
1370 2502 1413 2568 1,
1451 2503 1503 2568 2,
1540 2502 1629 2554 64.

478 2598 543 2608 -
594 2568 927 2640 fraternum]
986 2571 1056 2626 cf.
1112 2571 1293 2643 Epist.
1348 2572 1393 2640 Ι,
1448 2577 1527 2638 10,
1577 2573 1628 2625 4.

474 2640 625 2696 Male
672 2641 810 2696 olim
856 2659 925 2696 ex
972 2642 1077 2698 hac
1122 2660 1257 2698 voce
1295 2645 1631 2714 interpretes

480 2711 627 2767 effici
650 2730 826 2783 ‚posse
874 2714 1271 2782 opinabantur,
1310 2715 1630 2770 Munatium

477 2788 534 2838 et
578 2783 815 2839 Florum
870 2802 1002 2840 vere
1062 2786 1267 2842 fratres
1314 2787 1501 2841 fuisse.
1561 2817 1628 2826 —

476 2855 723 2926 indiqm’]
779 2875 918 2926 quos
969 2875 1083 2912 non
1142 2859 1304 2914 decet
1349 2875 1628 2927 rumpere.

478 2926 850 2982 coniunctum
900 2934 984 2984 est
1030 2930 1363 2985 vocabulum
1408 2931 1485 2984 ad
1532 2947 1630 2985 ex-

478 2999 721 3068 emplum
775 3001 963 3071 graeci
1018 2993 1176 3061 ἅξιος.
1232 3031 1299 3042 -
1346 3003 1630 3073 pascitur]

476 3069 765 3125 Indicatur
821 3089 1035 3126 sacrum
1089 3091 1194 3143 pro
1243 3073 1395 3128 felici
1441 3075 1629 3128 reditu

476 3142 784 3197 amicorum
825 3143 1159 3199 faciendum.
1244 3145 1313 3200 cf.
1362 3145 1544 3200 Carm.
1581 3146 1624 3209 1,

476 3215 566 3284 36,
603 3215 655 3266 2.
731 3215 821 3268 Ad
870 3215 1102 3270 verbum
1149 3234 1411 3287 compara
1448 3217 1627 3273 Carm.

476 3285 575 3352 111,
600 3288 685 3349 23,
714 3289 795 3339 11.
823 3285 918 3354 IV,
939 3289 991 3356 2,
1014 3290 1098 3343 56.
1136 3289 1351 3344 Eodem
1388 3307 1445 3343 se
1478 3306 1630 3343 amo·

475 3375 539 3412 re
560 3363 862 3427 utrumque
887 3360 1151 3429 amplecti
1173 3361 1441 3415 Horatius
1471 3361 1628 3415 dicit.

822 3471 1154 3542 Epistula
1189 3473 1283 3526 1v.

546 3567 700 3622 Haec
752 3569 992 3637 epistula
1042 3568 1116 3623 ad
1159 3569 1390 3624 Albium
1434 3569 1630 3624 Tibul-

476 3637 595 3692 lum
628 3643 873 3709 poetam,
909 3641 980 3694 de
1021 3658 1131 3710 quo
1170 3641 1299 3696 vide
1338 3641 1410 3696 ad
1448 3642 1626 3696 Carm.

474 3709 517 3770 1.
550 3711 638 3780 33,
677 3727 787 3781 quo
833 3729 978 3766 anno
1024 3713 1235 3782 scripta
1280 3713 1355 3767 sit
1399 3731 1500 3768 nos
1550 3714 1628 3768 la-

475 3787 577 3848 tet,
626 3783 734 3838 nisi
782 3783 933 3838 forte
979 3801 1045 3838 ex
1083 3785 1267 3854 primo
1306 3803 1471 3839 versu
1509 3784 1628 3839 effi-

476 3871 601 3910 cere
666 3855 833 3909 audes
891 3856 1079 3910 datam
1143 3874 1265 3911 eam
1338 3875 1455 3911 esse
1514 3875 1628 3912 non

475 3927 653 3982 multo
692 3932 821 3996 post
846 3927 1025 3982 editas
1054 3927 1123 3981 ab
1150 3928 1385 3983 Horatio
1408 3929 1627 3984 satiras.

476 3997 623 4066 Quas
673 3999 951 4067 quomodo
997 3999 1253 4054 Tibullus
1303 4000 1393 4055 vel
1436 3999 1627 4055 lauda-

476 4071 624 4125 verit
645 4071 733 4125 vel
754 4071 1179 4140 vituperaverit,
1193 4076 1385 4126 utrum
1403 4073 1627 4142 publice

476 4142 625 4212 apud
662 4159 896 4214 magnos
938 4143 1091 4197 viros
1137 4161 1211 4197 an
1261 4143 1532 4213 privatim
1570 4145 1628 4198 in

476 4215 717 4283 epistula
772 4215 962 4284 aliqua
1017 4215 1089 4268 ad
1140 4215 1458 4278 Horatium,
1516 4234 1628 4270 non

476 4301 566 4340 ma
611 4286 654 4339 's
690 4287 941 4341 invenies
969 4303 1137 4356 quam
1163 4287 1299 4355 quid
1330 4285 1625 4341 Horatium

476 4362 541 4411 ut
616 4375 723 4411 anc
755 4358 1055 4428 epistulam
1080 4358 1457 4413 conscriberet
1480 4376 1628 4412 com-

476 4428 734 4484 moverit.
836 4430 1006 4499 Apud
1066 4429 1382 4485 Messallam
1448 4436 1627 4495 certe,

478 4497 691 4551 Tibulli
736 4500 1031 4567 fautorem,
1080 4503 1174 4554 vix
1220 4519 1359 4570 opus
1408 4509 1529 4554 erat
1564 4507 1630 4556 ut

480 4567 779 4622 Horatium
845 4572 941 4625 ille
1000 4572 1435 4637 commendaret,
1493 4589 1628 4641 quo·

1723 1923 1873 1994 niam
1929 1924 2222 1980 Messallae
2275 1923 2388 1978 iam
2433 1923 2658 1978 dudum
2703 1929 2880 1989 notus,

1723 1995 1962 2051 fortasse
2015 1997 2186 2051 etiam
2243 1995 2541 2051 familiaris
2588 2003 2724 2050 erat
2781 1995 2880 2050 Ho-

1723 2069 1916 2122 ratius.
2029 2067 2199 2138 Apud
2270 2067 2564 2136 Philippos
2645 2075 2880 2135 uterque

1722 2145 2093 2211 pugnaverat.
2130 2140 2260 2194 Noli
2293 2140 2472 2209 igitur
2505 2139 2617 2194 hoc
2641 2141 2880 2208 amplius

1724 2228 1992 2280 quaerere
2057 2216 2113 2266 et
2180 2211 2312 2266 vide
2375 2228 2594 2265 mecum
2662 2227 2880 2266 causam

1722 2283 2049 2338 scribendae
2093 2282 2365 2353 epistulae
2415 2282 2475 2336 in
2514 2283 2796 2354 erigendo
2829 2287 2880 2336 et

1722 2355 2088 2410 exhilarando
2139 2355 2323 2409 animo
2361 2353 2596 2422 Tibulli,
2643 2355 2750 2424 qui
2793 2371 2878 2407 ne-

1725 2426 1928 2480 scimus
1967 2443 2077 2495 quo
2113 2444 2243 2481 casu
2293 2426 2386 2480 vel
2421 2426 2622 2480 dolore
2661 2443 2878 2495 oppres·

1722 2514 1814 2552 sus
1853 2515 1920 2552 ex
1959 2498 2099 2552 urbe
2145 2499 2206 2552 in
2240 2497 2522 2551 Pedanam
2573 2515 2738 2552 suam
2785 2497 2878 2550 vil-

1724 2569 1838 2624 lam
1876 2568 2201 2640 aufugerat3
2238 2569 2370 2624 dein
2408 2568 2700 2623 admirare
2733 2585 2878 2638 egre-

1722 2641 1876 2711 giam
1927 2646 2308 2696 extremorum
2357 2657 2624 2694 versuum
2676 2641 2876 2696 festivi·

1722 2717 1925 2780 tatem,
1989 2729 2133 2782 quae
2193 2713 2241 2767 si
2300 2711 2436 2782 quid
2493 2711 2652 2767 aliud
2713 2713 2878 2766 risum

1723 2801 1948 2910 mogezlw
1985 2785 2181 2910 dextra-ig
2206 2783 2496 2928 Jtrgticulo
2516 2786 2746 2909 ὃωίοο.
2808 2856 2820 2866 ·

1845 2895 1858 2908 .
1925 2872 2042 2911 .ca
2179 2873 2206 2911 e
2313 2873 2478 2910 omm.
2561 2873 2721 2925 ruq.:
2770 2873 2876 2922 „m-

1722 2931 1898 2998 teger,
1956 2943 2145 2995 verax,
2191 2945 2349 2997 pure,
2395 2928 2513 2981 sine
2561 2927 2714 2991 fuco,
2771 2929 2876 2980 sinc

1723 2998 1999 3053 fallacia.“
2050 3027 2116 3038 —
2178 2998 2424 3068 Pedum]
2476 2999 2631 3068 apud
2670 2998 2872 3053 Pedum

1723 3069 1915 3138 (hodie
1959 3070 2260 3140 Zayarola)
2309 3070 2434 3139 sita,
2483 3070 2675 3125 media
2737 3070 2875 3123 inter

1722 3141 2022 3196 Praeneste
2083 3146 2142 3196 et
2204 3141 2398 3196 Tibur.
2460 3169 2528 3181 -
2591 3139 2871 3211 opuscula]

1721 3211 2142 3284 Intellegendae
2188 3212 2340 3268 haud
2385 3213 2556 3266 dubie
2603 3218 2743 3296 sunt
2776 3213 2872 3294 ele-

1723 3301 2316 3425 {223.;³¹1¹›22m2¹;ffi.,
2339 3285 2872 3411 bssssiiomssoeiffiffiss

1723 3427 1982 3482 Tibullus
2041 3429 2370 3498 composuit.
2465 3427 2688 3482 Cassius
2751 3428 2872 3481 Par·

1723 3501 1928 3554 mensis
1985 3501 2122 3554 olim
2177 3499 2237 3554 in
2293 3499 2552 3569 partibus
2603 3499 2772 3553 Bruti
2823 3503 2872 3551 et

1725 3571 1899 3626 Cassii
1955 3572 2214 3626 tribunus
2275 3571 2517 3626 militum
2581 3571 2870 3634 militavit3

1720 3646 1916 3711 postea
1961 3647 2157 3697 exorto
2207 3643 2356 3698 inter
2407 3643 2781 3697 Octavianum
2821 3645 2870 3694 et

1721 3714 2033 3768 Antonium
2078 3713 2226 3770 bello
2278 3714 2427 3784 apud
2471 3717 2704 3769 Actium
2755 3731 2868 3768 cum

1721 3787 1972 3840 Antonio
1999 3785 2301 3856 pugnavit3
2327 3786 2458 3841 dein
2480 3786 2741 3846 Athenis.
2770 3801 2868 3854 quo

1723 3857 1978 3928 fug-erat,
2040 3857 2111 3912 ab
2177 3857 2484 3913 Octaviano
2548 3857 2867 3912 interfectus

1724 3934 1826 3998 est,
1867 3948 1991 3984 cum
2040 3930 2190 3983 inter
2235 3947 2328 3983 eos
2377 3929 2575 3983 fuisset
2613 3930 2712 3999 qui
2751 3929 2866 3983 Cae-

1723 4018 1905 4055 sarem
1947 4007 2254 4056 necassent.
2327 4001 2594 4055 Diversus
2642 4001 2736 4056 hic
2793 4003 2867 4054 est

1723 4089 1756 4124 a
1795 4072 1980 4126 Cassio
2026 4072 2286 4142 Etrusco,
2335 4073 2404 4126 de
2450 4089 2562 4141 quo
2619 4072 2752 4127 vide
2805 4069 2865 4124 ad

1723 4143 1836 4198 Sat.
1873 4144 1917 4208 Ι,
1959 4147 2041 4209 10,
2081 4147 2164 4198 61.
2227 4173 2293 4185 -
2354 4143 2588 4214 reptare]
2635 4145 2784 4198 lente
2815 4145 2865 4195 et

1722 4215 1900 4270 libere
1946 4216 2254 4283 ambulare,
2308 4215 2457 4284 quod
2511 4221 2599 4270 est
2637 4213 2863 4269 hominis

1721 4287 1888 4341 otiosi
1937 4292 1994 4342 et
2037 4288 2380 4342 meditantis.
2451 4285 2712 4341 Tibullus
2759 4287 2862 4354 ipse

1723 4359 1792 4413 dc
1840 4376 1898 4413 se
1945 4357 2040 4427 1v,
2084 4361 2164 4426 13,
2207 4363 2265 4414 9:
2331 4358 2456 4428 „Sic
2501 4375 2606 4428 ego
2651 4356 2860 4413 secretis

1722 4445 1948 4500 possum
1981 4431 2122 4485 bene
2150 4432 2340 4485 vivere
2363 4427 2536 4492 silvis,
2561 4428 2684 4497 Qua
2719 4427 2859 4483 nulls

1725 4503 1968 4555 humano
2007 4503 2081 4556 sit
2123 4503 2215 4556 via
2249 4503 2390 4556 trita
2424 4501 2614 4572 pede.“
2667 4531 2738 4542 —
2784 4513 2857 4553 so·

1716 4572 1898 4641 piente
1940 4574 2200 4645 bonoque]
2251 4574 2360 4628 Gur
2402 4573 2542 4628 haec
2585 4575 2702 4628 sint
2744 4587 2854 4628 con·
