3092 5059
1128 256 1289 325 LIB.
1340 257 1424 324 ΙΙ.
1470 258 1724 327 ΟΑΒΜ.
1767 258 1816 327 Ι.

2545 258 2666 327 115

665 443 969 522 Audire
1018 472 1341 545 magnos
1394 448 1550 522 iam
1607 448 1878 524 videor
1930 446 2162 524 duces

660 569 839 645 Non
890 570 1262 647 indecoro
1315 572 1642 670 pulvere
1687 571 2045 649 sordidos

760 696 855 769 Et
908 710 1183 772 cuncta
1232 710 1618 773 terrarum
1663 699 1975 775 subacta
2057 722 2060 725 ’

866 822 1182 901 Praeter
1233 834 1575 899 atrocem
1629 824 1971 897 animum
2029 823 2364 901 Catonis.

576 1004 631 1044 κ
664 970 861 1046 Iuno
918 983 996 1047 et
1040 970 1361 1047 deorum
1419 972 1764 1070 quisquis
1813 974 2133 1046 amicior

663 1093 881 1170 Afris
934 1096 1185 1171 inulta
1237 1111 1568 1173 cesserat
1618 1098 2002 1196 impotens

762 1219 1075 1295 Tellure
1134 1221 1517 1296 victorum
1569 1234 1888 1318 nepotes

860 1344 1176 1420 Rettulit
1226 1345 1550 1421 inferias
1603 1345 2052 1444 Iugurthae.

665 1494 855 1587 Quis
908 1520 1065 1569 non
1119 1495 1392 1571 Latino
1446 1496 1824 1593 sanguine
1877 1496 2241 1593 pinguior

568 1656 623 1696 ω
662 1622 997 1719 Campus
1054 1620 1426 1719 sepulcris
1471 1621 1710 1718 impia
1759 1622 2055 1722 proelia

756 1746 1111 1821 Testatur
1161 1745 1665 1845 auditumque
1716 1745 1966 1822 Medis

859 1870 1289 1967 Hesperiae
1340 1872 1670 1947 sonitum
1721 1874 2036 1947 ruinae?

664 2021 818 2113 Qui
864 2046 1149 2119 gurges
1196 2033 1329 2096 aut
1381 2048 1579 2120 quae
1627 2022 1948 2098 flumina
1996 2022 2350 2120 lugubris

243 2244 387 2300 Plut.
435 2243 603 2299 Gaes.
642 2244 737 2297 45:
800 2237 898 2310 „01’1
952 2239 1059 2311 γὰρ
1117 2238 1402 2312 ἠνείχοντο

243 2317 349 2370 τῶν
383 2313 585 2369 ὑσσῶν
624 2310 1068 2385 ἀναφερομένων
1102 2310 1221 2366 οὐδ’
1258 2309 1403 2366 ἐτόλ-

241 2406 363 2457 μων
446 2388 513 2441 ἐν
595 2382 919 2457 ὀφθαλμοῖς
998 2383 1095 2440 τὸν
1176 2385 1405 2453 σίδηρον

243 2456 491 2529 ὁρῶντες,
522 2454 645 2510 ἀλλ’
683 2454 1103 2528 ἀπεστρέφοντο
1135 2460 1225 2509 καὶ
1253 2474 1400 2510 συνε-

243 2526 588 2585 καλύπτοντο
648 2523 975 2601 φειδόμενοι
1032 2530 1143 2582 τῶν
1197 2524 1401 2597 noorai-

247 2603 415 2656 πων.“

308 2674 371 2728 V.
412 2674 503 2727 21.
558 2671 796 2740 Audire]
842 2670 966 2726 Non
1016 2671 1401 2726 contionantes

247 2746 488 2814 quidem,
540 2742 641 2798 sed
687 2744 835 2797 inter
878 2744 1245 2813 pugnandum
1290 2744 1400 2797 cla-

242 2822 475 2885 mantes,
528 2832 593 2869 se
642 2831 880 2883 suosque
924 2815 1131 2869 milites
1179 2814 1249 2869 ad
1288 2815 1400 2869 for-

240 2888 373 2942 titer
390 2885 773 2959 pugnandum
791 2887 1160 2954 stimulantes,
1182 2886 1401 2940 hostem

237 2964 637 3029 provocantes.
686 2988 751 2997 -
800 2974 913 3012 non
954 2957 1216 3026 indecoro]
1271 2959 1401 3013 vide

238 3032 309 3085 sd
344 3033 531 3086 Carm.
575 3030 621 3097 1,
662 3031 709 3092 1,
750 3032 833 3083 19.
874 3058 942 3067 --
988 3035 1191 3084 cuncta
1226 3034 1398 3084 terra-

239 3106 381 3173 rum]
441 3103 517 3158 cf.
575 3102 757 3156 Carm.
799 3101 893 3167 IV,
934 3102 1016 3170 12,
1065 3102 1144 3154 19.
1217 3100 1397 3156 Tacit.

239 3174 383 3230 Hist.
439 3176 509 3243 V,
570 3174 635 3226 10
708 3177 944 3240 „cuncta
1019 3174 1397 3242 camporum.“

240 3246 323 3301 De
356 3263 420 3301 re
438 3245 647 3300 Vellei.
673 3244 745 3312 11,
767 3246 835 3298 56
874 3245 1116 3312 „Caesar
1148 3246 1399 3300 omnium

238 3318 420 3372 victor
468 3333 763 3387 regressus
805 3317 865 3369 in
912 3316 1109 3370 urbem
1152 3318 1399 3387 quinque

238 3390 357 3459 egit
389 3387 740 3459 triumphos,
764 3386 1057 3449 Gallicum,
1083 3388 1397 3457 Ponticum,

237 3460 712 3527 Alexandrinum,
754 3458 1028 3521 Africum,
1064 3459 1396 3530 Hispanien-

238 3533 407 3586 sem.“
482 3530 645 3585 Haec
690 3548 911 3600 quoque
960 3532 1103 3586 bene
1147 3532 1397 3586 referun-

238 3610 333 3658 tur
358 3604 435 3659 ad
462 3604 704 3659 verbum
725 3603 947 3671 audire3
976 3620 1107 3657 nam
1130 3604 1397 3659 victorias

240 3692 465 3744 quoque
521 3675 804 3745 legentem
861 3674 1170 3729 Pollionem
1227 3681 1397 3746 poeta

238 3747 479 3801 audivit.
559 3744 743 3813 Quare
800 3744 1018 3799 Bentlei
1076 3748 1397 3802 coniectura

236 3818 425 3874 videre
462 3822 533 3871 ut
574 3816 988 3886 simplicissima
1036 3818 1118 3873 ita
1155 3820 1397 3874 maxime

238 3891 421 3945 otiosa
462 3894 567 3943 est.
621 3888 738 3943 Nec
773 3888 953 3959 magis
988 3889 1173 3958 placet
1209 3890 1396 3946 Weid-

236 3963 360 4017 neri
397 3962 639 4017 coniect.
679 3960 749 4014 ad
788 3960 1036 4014 Iuvenal.
1072 3960 1142 4025 ΙΙ,
1180 3963 1214 4013 2
1260 3979 1395 4030 „au-

238 4033 389 4088 dere.
416 4074 429 4087 .
452 4032 667 4087 video“.
709 4031 791 4085 Cf.
818 4031 983 4086 Hom.
1005 4031 1107 4086 od.
1136 4032 1233 4102 IX,
1270 4036 1392 4087 166:

241 4099 621 4173 ,ἐλεύσσομεν
639 4098 855 4157 καπνόν
870 4104 917 4156 τ’
938 4099 1033 4157 αὐτ
1041 4105 1119 4157 ὧν
1136 4122 1193 4157 τε
1213 4112 1394 4176 φθογ-

238 4170 395 4244 γήν.“
498 4174 805 4244 Splendida
866 4180 1056 4230 autem
1116 4173 1397 4237 ἀντίθεσις

241 4253 325 4301 est
362 4248 519 4301 inter
566 4250 851 4301 terrarum
900 4247 1094 4301 orbem
1132 4252 1189 4303 et
1224 4267 1397 4303 unum

243 4318 535 4373 Catonem.
572 4348 637 4357 —-
680 4316 851 4387 Iuno]
893 4324 1135 4387 patrona
1170 4320 1397 4375 Africae

239 4396 297 4444 et
332 4389 727 4459 Karthaginis,
774 4389 922 4445 irata
958 4390 1242 4461 Romanis,
1288 4396 1395 4447 Ae-

240 4478 379 4587 sze
406 4462 667 4585 stri*
706 4459 1398 4606 Dm]

240 4604 497 4661 nendum
534 4608 617 4658 est
654 4620 776 4658 cum
814 4552 1043 4674 regimie
1091 4552 1183 4661 ναοὶ
1232 4613 1401 4679 gente

1506 2242 1660 2297 victe
1727 2242 1898 2296 etiam
1957 2241 2088 2297 deos
2147 2242 2362 2311 patrios
2419 2243 2662 2311 quodam

1504 2314 1670 2367 modo
1721 2314 1899 2383 vinci3
1950 2332 2124 2383 quare
2173 2314 2270 2383 qui
2315 2314 2513 2368 urbem
2563 2316 2661 2369 ali·

1503 2385 2660 2527 {Raffiffipssssgngw‘zvsscffffl{033332'}

1505 2533 1564 2581 et
1613 2528 1694 2581 dii
1745 2530 1910 2583 urbes
1958 2528 2028 2583 ad
2077 2530 2313 2584 exitium
2352 2528 2660 2583 destinatas

1506 2600 1828 2669 relinquere
1885 2600 2242 2665 dicebantur-3
2291 2600 2457 2671 Verg.
2518 2604 2658 2655 Aen.

1504 2671 1576 2733 H,
1613 2673 1734 2726 851.
1813 2672 1895 2728 De
1933 2674 2324 2727 coniunctione
2376 2673 2484 2727 hac
2516 2674 2660 2727 Iuno

1504 2748 1554 2798 ε*
1575 2744 2123 2884 &taeta-atti?
2137 2742 2659 2869 3*³‘x¹f.l¹⁶‘·‹{z}3²·

1503 2885 1545 2953 1,
1585 2888 1708 2940 491.
1768 2887 2022 2957 Aeschyl.
2061 2886 2212 2956 Sept.
2251 2834 2401 2941 587¹?
2424 2834 2659 2957 ,Ἔγωξε

1500 2957 1614 3027 μὲν
1650 2955 1718 3024 δὴ
1755 2954 1916 3024 τήνδε
1955 2960 2178 3012 πιανῶ
2209 2953 2414 3028 χθόνα.
2477 2958 2657 3012 Hora-

1503 3029 1616 3083 tius
1653 3029 1802 3084 unde
1829 3030 2103 3096 originem
2140 3030 2399 3099 publicae
2433 3030 2655 3084 calami-

1500 3101 1637 3154 tatis
1675 3102 1917 3171 duxerit,
1967 3101 2160 3155 multis
2213 3101 2344 3155 locis
2380 3100 2653 3170 ostendit;

1500 3177 1566 3226 ut
1606 3174 1787 3227 Carm.
1823 3174 1867 3231 Ι.
1907 3176 1994 3241 35,
2034 3175 2118 3225 33.
2159 3172 2258 3241 111,
2297 3176 2348 3240 5,
2387 3174 2433 3225 7.
2471 3172 2572 3236 ΙΙΙ,
2603 3174 2653 3240 6,
2723 3234 2730 3241 ι

1500 3247 1552 3298 7.
1589 3248 1674 3299 85.
1720 3245 1820 3312 111,
1860 3249 1947 3314 24,
1985 3246 2054 3297 25
2093 3262 2213 3313 sqq.
2253 3250 2358 3298 cet.
2435 3242 2654 3297 Posteri

1498 3316 1734 3371 luebant
1780 3334 1921 3386 quae
1972 3316 2143 3385 impie
2191 3320 2246 3369 et
2295 3315 2502 3369 iniuste
2536 3332 2652 3369 ma-

1500 3388 1646 3443 iores
1692 3388 1968 3456 fecerant3
2016 3394 2185 3457 atque
2224 3388 2395 3441 etiem
2446 3386 2656 3440 bellum

1499 3460 1899 3531 Iugurthinum
1947 3460 2160 3514 semina
2204 3462 2472 3528 posuerat
2522 3458 2658 3512 belli

1498 3533 1649 3587 inter
1693 3531 1968 3585 Marium·
1994 3536 2052 3585 et
2097 3530 2308 3585 Sullam
2361 3530 2523 3601 gesti.
2588 3560 2653 3570 —

1498 3604 1566 3657 Iu
1627 3604 2051 3673 insequentibus
2115 3602 2332 3656 duabus
2407 3601 2656 3672 strophis

1500 3676 1886 3729 animadverte
1951 3674 2414 3742 aequabilitatem
2485 3692 2656 3729 mem-

1500 3748 1758 3815 brorum3
1820 3756 1963 3816 qu'ae
2009 3750 2142 3800 sunt
2185 3750 2472 3814 quattuor,
2524 3764 2658 3815 quo-

1500 3836 1626 3887 rum
1676 3820 1924 3887 primum
1981 3823 2040 3873 et
2084 3818 2316 3871 tertium
2356 3823 2654 3888 neg-entem

1498 3891 1836 3959 particulam
1875 3890 2022 3959 (quis
2057 3906 2171 3943 non
2220 3918 2284 3927 -—
2325 3890 2468 3957 quod
2503 3888 2655 3959 non),

1500 3963 1742 4017 alterum
1794 3969 1850 4017 et
1903 3966 2167 4031 quartum
2215 3961 2389 4016 verba
2445 3960 2655 4014 habent

1498 4034 1768 4105 negantis
1815 4035 2038 4103 (iynara
2091 4064 2156 4071 —
2199 4031 2386 4101 caret).
2435 4060 2488 4067 —
2543 4031 2652 4085 He-

1497 4106 1734 4175 speriae]
1791 4105 2129 4160 adjectivum
2187 4108 2289 4170 est,
2351 4120 2464 4156 non
2525 4102 2651 4155 sub-

1499 4178 1826 4232 stantivum.
1904 4176 2155 4230 Inditum
2192 4175 2298 4228 hoc
2325 4190 2531 4227 nomen
2569 4177 2654 4227 est

1498 4250 1718 4309 Italiae.
1775 4248 1999 4304 Graecis
2059 4246 2402 4301 occidentem
2459 4262 2652 4300 versus

1498 4321 1640 4375 sitae
1676 4320 1881 4389 (Carm.
1921 4319 2022 4388 111,
2062 4322 2113 4385 6,
2152 4320 2202 4371 8.
2252 4317 2345 4379 IV,
2388 4320 2437 4378 5,
2483 4318 2568 4370 38.
2607 4318 2650 4385 Ι,

1498 4394 1588 4459 28,
1606 4394 1728 4461 26):
1767 4392 1822 4446 h.
1843 4393 1876 4445 1.
1920 4391 2270 4461 significatur
2307 4394 2524 4443 remota
2563 4406 2650 4444 oc-

1500 4464 1740 4519 cidentis
1767 4464 1898 4519 solis
1923 4479 1985 4516 re
2025 4462 2098 4516 io.
2137 4460 2204 4515 cf.
2227 4460 2300 4515 ad
2323 4461 2366 4529 1,
2394 4464 2481 4528 36,
2508 4460 2558 4512 4.
2583 4490 2649 4501 -

1501 4535 1676 4606 Medi]
1717 4535 1790 4589 Hi
1831 4535 1977 4605 signi
2023 4536 2154 4587 cant
2191 4532 2332 4587 nihil
2373 4533 2529 4587 aliud
2568 4534 2651 4587 ni-

1498 4608 1547 4661 si
1586 4608 2014 4663 remotissimam
2067 4605 2300 4660 orientis
2343 4605 2650 4676 regionem,
