3092 5059
363 186 488 251 274

1327 178 1787 247 CARMINUM

768 372 1066 450 Cuncta
1121 370 1432 447 festinat
1482 394 1777 463 manus,
1832 365 1984 441 huo
2039 380 2117 442 et
2163 364 2353 441 illue

682 534 734 573 1⁰
771 497 1162 575 cursitant
1214 496 1502 571 mixtae
1555 492 1811 593 pueris
1863 491 2204 589 puellae3

768 620 1189 696 Sordidum
1237 620 1598 695 flammae
1646 616 2045 719 trepidant
2083 627 2419 692 rotantes

956 745 1262 820 Vertice
1310 744 1637 819 fumum.

764 894 870 970 Ut
920 907 1176 969 tamen
1219 894 1426 968 noris
1481 893 1757 992 quibus
1811 892 2209 967 advoceris

769 1018 1114 1110 Gaudiis‚
1169 1019 1354 1094 Idus
1404 1019 1552 1093 tibi
1602 1029 1779 1092 sunt
1828 1015 2201 1113 agendae,

687 1176 734 1217 ιε
771 1143 921 1236 Qui
977 1144 1140 1219 dies
1193 1169 1536 1220 mensem
1604 1142 1919 1217 Veneris
1970 1141 2312 1217 marinae

959 1267 1226 1343 Findit
1277 1266 1651 1367 Aprilem,

764 1421 944 1497 Iure
997 1419 1390 1495 sollemnis
1445 1418 1638 1493 mihi
1692 1418 2181 1518 sanctiorque

769 1546 1021 1621 Paene
1073 1543 1314 1621 natali
1363 1543 1709 1643 proprie,
1756 1542 1969 1642 quod
2023 1570 2121 1618 ex
2164 1541 2309 1618 hae

766 1669 974 1746 Luce
1031 1672 1431 1745 Maecenas
1486 1693 1700 1743 meus
1744 1665 2169 1743 adfluentes

677 1826 730 1867 20
968 1792 1301 1871 Ordinat
1351 1819 1618 1869 annos.

766 1942 1218 2044 Telephum,
1275 1967 1505 2043 quem
1552 1955 1635 2016 tu
1687 1942 1903 2042 petis,
1962 1940 2365 2040 occupavit

763 2070 938 2145 Non
981 2080 1158 2145 tuae
1208 2068 1436 2143 sortis
1490 2069 1850 2145 iuvenem
1901 2065 2165 2165 puella

767 2194 997 2269 Dives
1049 2208 1122 2269 et
1173 2194 1461 2270 lasciva
1506 2206 1871 2292 tenetque
1921 2206 2145 2290 grata

967 2316 1365 2415 Compede
1419 2320 1782 2393 vinctum.

682 2498 732 2537 ιε,
771 2468 1043 2544 Terret
1091 2468 1481 2543 ambustus
1536 2468 1936 2543 Phaethon
1990 2493 2261 2545 avaras

767 2590 978 2691 Spes,
1037 2607 1114 2670 et
1166 2592 1608 2689 exemplum
1660 2617 1898 2689 grave
1948 2593 2270 2693 praebet
2320 2591 2480 2668 ales

765 2717 1100 2814 Pegasus
1149 2731 1538 2793 terrenum
1593 2718 1929 2817 equitem
1978 2730 2339 2816 gravatus

959 2842 1656 2940 Bellerophontem,

370 3104 626 3161 Varrone
665 3106 818 3175 apud
857 3104 1220 3160 Censorinum
1264 3124 1310 3161 c.
1335 3110 1382 3159 ·2
1429 3106 1524 3161 die

365 3178 544 3232 natali
585 3195 620 3233 a
655 3176 824 3232 caede
859 3194 926 3232 ac
971 3178 1257 3249 sanguine,
1303 3196 1376 3232 ne
1410 3195 1521 3247 quo

369 3248 462 3303 die
503 3249 610 3319 ipsi
646 3251 829 3303 lueem
866 3250 1208 3318 accepissent
1253 3249 1380 3303 aliis
1429 3250 1520 3304 de·

369 3326 604 3375 merent.
675 3320 783 3374 Sed
827 3320 972 3375 nihil
1017 3319 1361 3389 impediebat
1409 3320 1522 3375 Ho-

367 3391 579 3448 ratium
615 3392 910 3461 quominus
932 3391 1269 3447 Maecenatis
1299 3392 1392 3446 die
1425 3410 1522 3447 na·

364 3463 470 3518 tali
525 3480 630 3533 pro
687 3462 866 3519 salute
918 3463 1085 3518 amici
1147 3480 1350 3534 agnum
1413 3464 1520 3517 diis

368 3536 702 3590 immolaret.
759 3534 842 3589 cf.
879 3534 1053 3590 etiam
1091 3534 1162 3589 ad
1201 3536 1382 3589 Germ.
1419 3534 1520 3604 111,

371 3607 456 3675 17,
499 3609 579 3660 14.
642 3635 709 3646 -
759 3607 952 3676 pueris
991 3606 1226 3677 puellae]
1271 3608 1416 3662 servi
1463 3612 1522 3662 et

367 3677 622 3733 ancillae.
697 3676 919 3733 Puellae
966 3695 1170 3733 nomen
1209 3678 1280 3733 de
1319 3678 1522 3733 aneilla

365 3750 730 3812 rarissimum,
777 3748 876 3804 sed
927 3751 1108 3805 errari
1152 3767 1268 3805 non
1313 3755 1520 3820 potest.

367 3822 500 3890 quia
551 3822 717 3891 pueri
770 3822 1128 3891 praecedunt.
1179 3851 1249 3862 —-
1303 3822 1522 3891 vmt'ce]

369 3910 482 3947 non
521 3892 760 3955 aedium,
811 3894 909 3948 sed
957 3894 1132 3963 ipsius
1167 3893 1424 3948 flammae
1465 3899 1522 3947 et

364 3964 494 4019 foci.
574 3964 874 4033 Trepidam
916 3970 1105 4020 autem
1148 3965 1382 4020 verbum
1434 3981 1520 4019 ae-

367 4036 786 4091 oommodatum
845 4041 932 4091 est
989 4036 1062 4091 ad
1116 4037 1395 4091 incertum
1457 4053 1522 4089 ae

365 4107 652 4177 trepidum
711 4108 1064 4163 flammarum
1123 4112 1357 4162 motum.
1447 4107 1518 4162 of.

365 4178 536 4250 Verg.
575 4178 711 4233 Bue.
757 4182 808 4242 8,
849 4183 967 4234 105.
1041 4177 1205 4233 Ovid.
1251 4178 1386 4233 Met.
1425 4178 1518 4247 VI,

369 4252 494 4305 296.
539 4280 612 4291 -
671 4249 892 4307 Veneris
939 4250 1210 4321 marinae]
1265 4250 1393 4305 vide
1445 4250 1520 4305 ad

369 4321 549 4377 Cat-m.
597 4323 643 4390 Ι,
689 4324 740 4390 3,
781 4324 826 4375 1.
899 4322 1000 4390 111,
1045 4322 1133 4390 26,
1180 4324 1232 4376 5.
1304 4322 1518 4391 Aprilis

365 4391 574 4448 Veneri
619 4410 776 4449 sacer
819 4392 949 4461 fuit,
1003 4394 1136 4461 quia
1181 4394 1289 4449 hoe
1331 4410 1518 4449 mense

368 4480 438 4518 ex
474 4482 674 4534 spuma
717 4465 891 4518 maris
937 4465 1258 4534 provenisse
1297 4465 1516 4520 diceba-

367 4538 478 4589 tur.
527 4564 596 4575 —-
639 4534 829 4605 findit]
878 4536 1097 4591 dividit.
1169 4536 1371 4591 Iduum
1420 4554 1518 4591 no-

1624 3124 1753 3161 men
1806 3106 1879 3161 ab
1924 3106 2157 3175 antiquo
2204 3106 2379 3161 verbo
2422 3104 2623 3163 idum
2658 3106 2694 3161 i.
2725 3122 2773 3161 e.

1623 3178 1875 3233 dividere
1900 3178 2114 3234 factum
2141 3178 2407 3233 dioebant
2438 3178 2675 3249 antiqui.
2704 3206 2772 3217 --

1622 3249 1889 3319 sanctior]
1930 3249 2138 3306 Tibull.
2161 3250 2255 3318 IV,
2274 3254 2326 3314 6,
2354 3252 2414 3305 1:
2455 3249 2599 3320 „Qui
2634 3248 2775 3303 mihi

1622 3324 1697 3389 te,
1744 3321 2024 3386 Cerinthe‚
2081 3322 2199 3377 dies
2258 3320 2431 3387 dedit,
2485 3321 2580 3377 hie
2632 3320 2777 3375 mihi

1623 3398 1846 3448 sanctus
1889 3396 2082 3463 Atque
2128 3394 2278 3448 inter
2325 3393 2497 3448 festos
2552 3410 2771 3462 semper

1623 3462 1911 3519 habendus
1947 3466 2109 3521 erit.“
2139 3494 2208 3507 —
2234 3464 2557 3535 adfluentes]
2590 3468 2773 3519 trans-

1623 3535 1801 3590 latum
1836 3537 2073 3592 verbum
2108 3554 2143 3593 a
2178 3537 2293 3592 leni
2328 3536 2560 3591 flumine
2602 3552 2772 3605 aqua-

1623 3624 1757 3749 {lup
1786 3608 1883 3735 3213
1896 3626 2068 3664 annos
2104 3613 2162 3663 et
2198 3614 2476 3679 tempora,
2500 3612 2567 3664 ut
2588 3606 2772 3678 Epist.

1694 3750 1760 3804 V.
1800 3752 1886 3805 21.
1965 3749 2269 3821 Telephum]
2344 3750 2503 3806 Idem
2570 3766 2777 3805 nomen

1624 3820 2010 3891 Garm.1,13.
2084 3822 2310 3891 111,19.
2383 3821 2588 3876 Tribus
2634 3822 2775 3877 loeis

1623 3909 1915 3948 eommune
1959 3898 2059 3959 est,
2108 3893 2261 3963 quod
2313 3893 2411 3962 qui
2456 3894 2777 3965 appellatur

1622 3963 1901 4034 Telephus
1934 3984 1969 4019 a
2000 3965 2202 4035 puellis
2236 3966 2471 4035 petitur,
2505 3982 2617 4019 non
2654 3966 2775 4035 ipse

1621 4037 1783 4105 petit.
1812 4066 1877 4076 ——-
1906 4052 2014 4091 non
2039 4042 2171 4091 tuae
2196 4037 2368 4091 sortis
2390 4036 2653 4107 iuvenem]
2682 4036 2775 4091 Sic

1622 4108 1897 4233 οοῖὶιιιιιςς
1950 4108 2186 4235 νῗέἑῑί
2204 4107 2547 4163 condicionis
2575 4108 2775 4235 ‘tlonge

1618 4196 1691 4233 no
1734 4198 1753 4233 ι
1779 4197 1931 4235 ioris.
2184 4196 2292 4235 πω
2327 4179 2591 4264 coniunxi

1617 4255 1746 4306 tuae
1792 4251 1963 4306 sortis
1992 4251 2201 4321 puella,
2246 4251 2415 4307 nimis
2452 4250 2771 4307 artificiose.

1620 4322 2427 4464 Ριιὲἕιῗῖἷῗοέιοῐὸὲῗωιιὲἐ
2450 4325 2537 4463 iii,
2578 4324 2770 4463 i43qT1'

1618 4494 1691 4505 ——
1744 4466 2013 4536 Peyasus]
2072 4466 2207 4522 vide
2254 4466 2329 4521 ed
2374 4434 2555 4521 Carni.
2602 4466 2647 4532 1,
2682 4466 2771 4533 27,

1618 4539 1705 4591 24.
1791 4536 2169 4609 Bellerophon
2228 4554 2359 4593 eum
2418 4538 2769 4592 Chimaeram
