3092 5059
53 4872 61 4897 .-
39 4717 59 4856 Ἶ“-“-
39 4663 42 4700 '‘—

446 206 571 272 494
1333 201 1949 270 EPISTULARUM

435 421 441 428 ·
546 395 975 488 Maecenas,
1030 393 1305 467 iterum
1356 393 1676 495 antiquo
1732 417 1854 466 me
1907 389 2305 467 includere
2358 387 2578 485 lud03

546 518 720 593 Non
774 516 1043 593 eadem
1098 531 1209 592 est
1260 529 1487 610 aetas,
1542 542 1700 591 non
1759 541 1996 592 mens.

2101 513 2471 590 Veianius
2525 513 2764 588 armis

493 675 519 716 ι
554 641 913 718 Herculis
962 640 1063 716 ad
1117 655 1413 741 postem
1457 641 1631 715 fixis
1683 641 1868 717 latet
1911 639 2216 715 abditus
2267 663 2479 734 agre,

550 767 668 843 Ne
719 766 1093 866 populum
1150 779 1493 842 extrema
1542 767 1824 842 totiens
1879 778 2144 840 exoret
2194 764 2506 840 harena.

548 891 684 967 Est
731 892 923 967 mihi
978 905 1387 991 purgatam
1435 891 1708 967 crebro
1765 890 1900 990 qui
1952 903 2314 987 personet
2360 913 2663 964 aurem:

556 1014 835 1112 „Solve
887 1031 1411 1094 senescentem
1458 1029 1756 1092 mature
1805 1041 2030 1092 sanus
2081 1041 2385 1115 equum,
2438 1041 2537 1090 ne

453 1188 675 1243 dulcior
702 1193 801 1243 est.
841 1187 1163 1244 Sententiae
1187 1189 1497 1259 appositae,
1519 1190 1604 1244 di·

452 1261 564 1315 ctio
602 1266 771 1325 casta,
795 1261 1056 1320 rotunda.
1090 1262 1292 1316 suavis.
1352 1261 1604 1332 Quapro-

450 1337 580 1401 pter
639 1332 886 1386 arbitror
946 1336 1283 1402 postremam
1354 1335 1604 1388 omnium

452 1404 605 1469 (libri
627 1404 677 1473 Ι)
714 1404 940 1466 factam,
978 1404 1217 1474 primam
1253 1406 1495 1474 positam
1532 1404 1605 1459 ob

455 1475 796 1530 luculentam
831 1476 1175 1530 raritatemfl
1232 1475 1316 1530 De
1352 1480 1606 1545 tempore

452 1563 564 1615 quo
615 1546 825 1616 scripta
870 1547 945 1600 sit
988 1547 1229 1616 epistula
1274 1547 1425 1602 idem
1460 1565 1610 1602 nunc

454 1635 675 1688 quoque
718 1618 971 1672 iudicant
1007 1619 1119 1672 viri
1164 1619 1331 1673 docti.
1406 1619 1489 1673 Ne
1526 1625 1608 1673 ta-

454 1707 585 1744 men
622 1690 814 1744 credas
840 1689 1140 1744 Horatium
1176 1691 1273 1758 qui
1308 1691 1444 1744 olim
1462 1687 1608 1744 Stoi-

453 1778 646 1816 corum
681 1757 1001 1816 doctrinam
1034 1767 1101 1815 ut
1148 1762 1400 1816 insanam
1438 1763 1608 1833 sugil-

453 1832 658 1886 laverit
678 1833 919 1887 laudatis
952 1833 1131 1887 isdem
1156 1834 1471 1903 praeceptis
1494 1849 1610 1887 non

454 1909 801 1959 constantem
822 1903 1021 1964 videri,
1040 1904 1423 1959 animadverte
1436 1921 1610 1974 quae-

454 1992 515 2030 so
576 1975 821 2045 lepidam
879 1975 1039 2030 illam
1096 1977 1445 2044 sententiam,
1501 1994 1610 2046 qua

454 2046 727 2116 epistulae
773 2045 958 2102 facete
1008 2049 1070 2101 et
1108 2047 1291 2102 iocose
1345 2017 1472 2102 finis
1528 2049 1611 2102 ita

456 2119 786 2188 imponitur,
839 2123 907 2172 ut
952 2119 1090 2187 quid
1134 2119 1473 2174 discriminis
1528 2120 1610 2174 fa-

457 2191 715 2245 ciendum
770 2191 847 2244 sit
898 2190 1047 2244 inter
1104 2195 1283 2245 artem
1328 2196 1386 2245 et
1434 2192 1611 2246 vitam

456 2259 599 2316 bene
633 2261 783 2316 hunc
816 2261 1157 2316 intellexisse
1193 2262 1400 2316 videas.

525 2332 592 2387 V.
635 2336 682 2387 l.
742 2349 955 2388 summa
1000 2332 1258 2403 camena]
1320 2333 1613 2406 Significat

454 2410 621 2490 poeta
660 2421 818 2459 suam
854 2421 979 2458 cum
1018 2405 1339 2460 Maecenate
1372 2406 1610 2460 familia-

455 2477 701 2544 ritatem,
739 2476 1066 2546 dignissimo
1103 2477 1227 2530 viro
1265 2494 1429 2545 quem
1470 2495 1610 2531 sem-

458 2565 561 2618 per
618 2553 676 2601 et
719 2547 1131 2616 praedicaverit
1176 2553 1235 2602 et
1285 2549 1612 2617 praedicare

456 2620 674 2674 debeat.
748 2618 815 2672 In
863 2635 973 2688 quo
1023 2620 1147 2674 loco
1194 2619 1310 2673 noli
1360 2621 1612 2690 cogitare

456 2691 527 2745 de
563 2689 730 2745 certis
754 2690 1120 2758 carminibus,
1156 2692 1435 2761 generalis
1460 2693 1612 2746 enim

456 2761 737 2817 sententia
772 2765 871 2816 est.
945 2760 1029 2815 De
1073 2779 1193 2817 voe.
1236 2778 1446 2817 summa
1483 2764 1612 2818 vide

460 2834 530 2888 ad
569 2833 1610 2905 earm.111‚2s,1s.ef.verg.Aon.

458 2905 913 2973 11,324.1nd0
971 2904 1203 2972 Quintil.
1259 2905 1355 2973 VI,
1410 2908 1461 2974 4,
1510 2907 1610 2960 22:

460 2947 709 3046 „E’ladem
744 2976 803 3028 in
840 2977 1187 3047 argumentis
1223 2979 1371 3032 ratio
1409 2983 1509 3046 est,
1546 2983 1614 3032 ut

457 3048 849 3118 potentissima
900 3049 1085 3116 prima
1138 3053 1197 3102 et
1244 3067 1461 3104 summa
1517 3066 1614 3119 po-

458 3124 682 3175 nantur.
692 3118 718 3147 “
758 3119 887 3188 Ipsa
926 3120 1165 3174 Camena
1204 3120 1441 3189 impedit
1476 3139 1612 3190 quo·

459 3192 644 3245 minus
696 3196 795 3245 aut
842 3192 1043 3246 satiras
1080 3197 1179 3245 aut
1214 3193 1481 3261 epistulas
1530 3193 1614 3246 in·

460 3262 807 3332 tellegamus.
882 3263 952 3316 cf.
990 3262 1105 3316 Sat.
1142 3263 1188 3330 1,
1224 3265 1275 3325 4,
1314 3267 1404 3318 40.
1450 3264 1522 3332 ΙΙ,
1561 3265 1613 3332 6,

465 3337 545 3387 17.
583 3363 652 3374 -
690 3333 1021 3403 spectatum]
1058 3334 1305 3389 Verbum
1342 3336 1447 3390 hoc
1482 3353 1612 3405 pro·

461 3404 647 3475 prium
684 3410 769 3458 est
805 3405 875 3459 de
912 3405 1337 3475 gladiatoribus,
1384 3409 1611 3476 quibus-

460 3493 587 3530 cum
623 3482 791 3545 poeta
826 3493 887 3530 se
920 3493 1189 3546 suamque
1218 3478 1437 3532 laudem
1463 3496 1612 3534 com·

467 3553 653 3618 parat.
746 3547 890 3602 Satis
964 3550 1201 3618 spectati
1271 3551 1610 3619 gladiatores

462 3639 499 3674 a
531 3619 651 3673 ludi
688 3619 997 3673 editoribus
1030 3621 1239 3690 populo
1290 3623 1612 3690 postulante

462 3691 605 3745 rude
635 3691 1016 3760 donabantur3
1054 3693 1205 3760 quod
1236 3693 1458 3762 signum
1494 3698 1618 3748 erat

464 3763 951 3827 exauctorationis,
989 3765 1037 3817 si
1072 3765 1238 3818 liberi
1271 3771 1451 3833 erant,
1486 3765 1615 3819 mis·

464 3835 635 3888 sionis
689 3835 829 3888 artis
893 3834 1281 3904 gladiatoriae,
1342 3837 1388 3889 si
1450 3837 1615 3890 servi.

463 3905 611 3960 Huic
646 3905 825 3975 igitur
860 3906 1113 3960 missioni
1150 3908 1455 3977 opponitur
1489 3925 1541 3962 v.
1581 3911 1614 3960 3

464 3977 691 4046 antiquo
743 3977 1015 4032 includere
1074 3977 1228 4043 ludo,
1292 3979 1389 4048 qui
1450 3979 1616 4033 ludus

464 4065 577 4103 non
639 4053 725 4102 est
780 4047 1273 4118 amphitheatrum,
1330 4068 1439 4120 quo
1492 4067 1614 4120 spe·

466 4119 765 4175 ctabantur
816 4135 1067 4188 munera,
1110 4121 1207 4175 sed
1256 4122 1417 4176 ludus
1473 4123 1614 4176 lani-

466 4195 605 4256 stae,
646 4193 705 4245 in
742 4193 898 4246 cuius
934 4191 1125 4261 parvis
1153 4193 1306 4247 cellis
1337 4193 1614 4264 gladiato·

466 4279 555 4318 res
592 4263 905 4318 alebantur.
927 4293 996 4304 —
1043 4261 1379 4334 VeianiusJ,
1384 4263 1616 4332 ,Nomen

465 4335 759 4404 proprium
782 4334 1110 4406 gladiatoris
1135 4304 1500 4405 nobilissimi;
1532 4337 1616 4390 iu-

470 4406 648 4460 cunde
702 4406 809 4460 hoc
851 4407 1164 4490 exemplum
1214 4409 1428 4476 attulit,
1483 4407 1618 4478 quia

470 4477 723 4544 superius
781 4478 1037 4532 meminit
1098 4479 1235 4532 ludi.
1316 4479 1619 4549 comparat

472 4551 659 4600 autem
710 4564 769 4601 se
828 4547 1081 4618 Veianio,
1132 4551 1247 4619 qui,
1304 4567 1430 4604 cum
1488 4554 1620 4621 post

1697 1190 1904 1244 multas
1949 1190 2162 1259 palmas
2200 1188 2431 1244 Herculi
2477 1191 2860 1242 consecrasset

1697 1279 1797 1315 sua
1852 1278 2025 1328 arma,
2081 1260 2308 1314 tandem
2364 1263 2660 1314 contentus
2712 1276 2858 1328 agro

1697 1350 1796 1386 suo
1842 1332 2108 1400 privatim
2145 1332 2306 1385 vixit.
2382 1331 2548 1384 Cuius
2593 1329 2860 1400 exemplo

1696 1409 1932 1474 propter
1967 1409 2206 1457 aetatem
2245 1407 2302 1456 et
2339 1403 2666 1456 institutum
2697 1401 2856 1455 vitae

1698 1475 1839 1529 dicit
1889 1475 2102 1529 relictis
2156 1474 2293 1528 iocis
2341 1479 2400 1528 et
2443 1473 2636 1542 lyricis
2683 1473 2858 1527 versi·

1696 1543 1802 1600 'bus
1839 1563 1898 1600 se
1923 1547 2069 1600 velle
2103 1546 2343 1600 transire
2369 1544 2441 1599 ad
2469 1543 2862 1614 philosophiae

1699 1618 2001 1672 studiumf‘
2051 1617 2260 1671 Comm.
2301 1617 2465 1685 Cruq.
2514 1645 2581 1656 ——
2633 1614 2858 1685 totiens]

1701 1691 1958 1759 quotiens
1973 1689 2212 1745 audeat‘
2196 1707 2258 1742 ιιι
2275 1689 2544 1743 harenam
2558 1687 2744 1741 denuo
2766 1686 2859 1740 de-

1701 1761 1962 1816 scendere
2012 1764 2071 1814 et
2105 1777 2232 1815 cum
2267 1759 2583 1813 iunioribus
2619 1762 2681 1812 et
2717 1758 2860 1812 vali-

1701 1831 1954 1886 dioribus
2009 1833 2158 1886 vires
2205 1847 2554 1914 componere.
2625 1829 2700 1884 cf.
2743 1829 2861 1883 Sat.

1701 1904 1774 1972 H,
1816 1907 1867 1973 7,
1916 1905 1999 1958 70.
2074 1902 2242 1957 Laesi
2301 1904 2452 1957 enim
2511 1900 2862 1972 gladiatores

1703 1994 1860 2031 arma
1883 1975 2333 2043 summittebant,
2358 1991 2470 2043 quo
2488 1972 2643 2027 facto
2663 1991 2700 2027 a
2717 1979 2862 2026 nutu

1702 2045 2866 2186 {22¹³”¹35⁰3zu‘2‘1’3‘u33223‘22b2233...

1704 2190 1961 2260 pollicem
2003 2195 2061 2243 et
2100 2189 2483 2259 surrigebant,
2531 2188 2629 2257 qui
2669 2187 2864 2242 necari

1705 2279 1832 2317 eum
1869 2260 2150 2327 volebant,
2184 2266 2339 2315 retro
2375 2229 2711 2330 prc’mebant
2741 2260 2864 2328 pol-

1703 2333 1884 2388 licem.
1945 2331 2134 2387 Iuven.
2173 2335 2226 2401 3,
2261 2333 2361 2385 36:
2401 2331 2676 2400 „Munera
2713 2346 2866 2385 nune

1704 2405 1878 2460 edunt
1915 2409 1974 2458 et
2010 2421 2171 2458 verso
2207 2403 2412 2473 pollice
2447 2403 2620 2473 vulgo
2659 2401 2866 2469 Quem-

1703 2477 1844 2530 libet
1869 2475 2130 2531 occidunt
2163 2475 2568 2544 populariter!¹
2626 2473 2739 2528 Sed
2761 2473 2866 2527 ali·

1703 2553 1793 2602 ter
1829 2547 1978 2616 apud
2017 2547 2254 2601 Forcell.
2293 2565 2335 2600 s.
2370 2563 2423 2600 V.
2459 2546 2668 2630 pollex.
2721 2545 2867 2599 Hor.

1704 2566 1900 2689 Epistp
1921 2619 1966 2682 Ι,
2009 2621 2092 2686 18,
2129 2621 2215 2673 66.
2257 2617 2366 2672 Hic
2396 2617 2576 2688 igitur
2594 2616 2870 2671 Veianius

1704 2709 1775 2745 ne
1809 2695 2033 2761 partam
2068 2691 2176 2744 sibi
2205 2689 2426 2744 laudem
2461 2689 2668 2758 perdat
2706 2688 2866 2742 nullo

1704 2780 1774 2816 ne
1799 2763 2043 2816 maximo
2071 2761 2296 2831 quidem
2321 2764 2743 2815 auctoramento
2781 2760 2868 2813 in-

1705 2835 1832 2888 duci
1881 2835 2084 2902 potuit,
2134 2837 2200 2887 ut
2245 2833 2426 2887 denuo
2468 2833 2528 2886 in
2581 2838 2870 2886 certamen

1705 2905 1961 2975 prodiret
2010 2921 2322 2974 novamque
2376 2904 2622 2973 palmam
2673 2919 2869 2973 repor-

1705 2985 1828 3032 tare
1864 2981 2177 3032 conaretur.
2251 2976 2426 3060 Saepe
2462 2976 2613 3029 enim
2648 2973 2870 3029 factum

1643 3105 1649 3110 ,
1705 3053 1809 3109 est,
1842 3052 1908 3102 ut
1943 3050 2038 3116 qui
2075 3049 2188 3102 iam
2224 3048 2380 3102 missi
2419 3051 2602 3101 essent
2645 3047 2868 3117 gladia·

1705 3125 1854 3174 tores
1893 3120 2130 3174 rudiarii
2168 3119 2238 3175 ad
2284 3119 2506 3189 singula
2547 3118 2868 3172 certamina

1707 3211 1740 3247 a
1772 3209 2065 3246 munerum
2102 3192 2411 3245 editoribus
2439 3207 2644 3260 magno
2673 3195 2867 3244 aucto-

1707 3267 1961 3318 ramento
1997 3267 2412 3317 revocarentur.
2451 3261 2604 3315 Suet.
2636 3260 2766 3314 Tib.
2801 3263 2868 3314 7:

1709 3335 1948 3404 „Munus
1974 3335 2374 3405 gladiatorium
2393 3333 2566 3398 dedit,
2598 3332 2870 3387 rudiariis

1705 3424 1924 3475 quoque
1962 3405 2295 3475 quibusdam
2345 3405 2624 3459 revocatis
2675 3409 2868 3458 aucto-

1704 3483 1960 3532 ramento
1998 3483 2293 3532 centenum
2330 3477 2566 3531 milium.
2570 3477 2606 3504 “
2656 3505 2725 3515 —
2775 3493 2870 3529 a>

1703 3555 1872 3604 trema
1907 3548 2132 3616 harena]
2172 3551 2384 3603 Acron:
2440 3546 2612 3616 „quia
2647 3547 2866 3618 gladia-

1703 3626 1870 3687 tores,
1907 3621 2142 3689 petituri
2178 3620 2393 3693 rudem,
2433 3588 2502 3674 de
2541 3619 2731 3674 media
2767 3619 2868 3672 ha-

1706 3709 1844 3746 rena
1901 3692 2198 3747 conferunt
2258 3708 2319 3746 se
2379 3667 2453 3746 ad
2519 3691 2866 3760 crepidinem

1708 3763 1903 3818 Circif‘
1965 3793 2038 3803 —
2092 3763 2416 3833 puryatam]
2472 3761 2629 3816 Pers.
2681 3765 2733 3831 5,
2769 3764 2868 3815 96·

1705 3834 1868 3902 „Stat
1905 3841 2100 3890 contra
2141 3835 2290 3889 ratio
2328 3839 2384 3888 et
2421 3839 2696 3888 secretam
2733 3851 2871 3904 gan-

1705 3907 1794 3960 nit
1843 3908 1901 3960 in
1945 3908 2194 3961 aurem-‘⁸
2279 3905 2610 3975 Purgabant
2661 3905 2868 3960 medici

1707 3977 1926 4047 antiqui
1973 3995 2132 4033 aures
2181 3977 2437 4031 sordibus
2474 3977 2734 4031 dolentes
2783 3979 2868 4030 in·

1707 4049 1830 4102 fuso
1868 4055 2045 4104 aceto·
2085 4050 2204 4104 Iam
2241 4065 2384 4118 quae
2420 4054 2702 4118 purgatae
2739 4053 2872 4102 sunt

1707 4136 1868 4175 aures
1905 4120 2126 4176 facilius
2155 4121 2438 4189 accipiunt
2462 4121 2668 4174 allatos
2707 4137 2868 4174 sonos

1706 4197 1766 4246 et
1787 4209 1968 4255 voces,
1993 4198 2060 4247 ut
2093 4194 2200 4263 ipsi
2229 4191 2482 4246 homines
2517 4190 2606 4244 illi
2646 4191 2868 4246 facilius

1708 4264 2099 4333 obtemperent
2153 4281 2332 4332 neque
2391 4279 2535 4332 quae
2595 4263 2868 4318 benevole

1709 4337 1922 4389 monita
1947 4342 2078 4390 sunt
2100 4341 2384 4406 spernant,
2411 4337 2688 4403 tanquam
2713 4335 2868 4392 surdi

1710 4407 1807 4475 qui
1843 4407 1985 4461 nihil
2023 4408 2250 4462 omnino
2283 4407 2722 4462 audiverint.-—
2653 4423 2870 4476 —per·

1708 4479 1882 4549 sonet]
1907 4480 2102 4534 active
2137 4484 2204 4533 ut
2239 4477 2406 4550 Vei-g.
2443 4480 2584 4533 Aen.
2623 4478 2722 4547 VI,
2749 4481 2866 4532 416.

1780 4549 1845 4604 V.
1883 4551 1933 4605 8.
1995 4552 2136 4606 soloe
2181 4549 2562 4622 senescentem]
2617 4550 2866 4608 Eandem
