3092 5059
1055 230 1214 297 LIB.
1259 230 1368 295 IV.
1414 228 1664 297 GARM.
1700 230 1817 296 XI.
1866 232 2017 298 XII.

2618 236 2741 301 2¹75

749 417 1073 517 Semper
1123 430 1206 494 ut
1263 431 1338 495 te
1392 415 1632 515 digna
1682 442 2007 517 sequare
2060 432 2139 496 et
2187 418 2391 496 ultra

662 577 714 618 so
751 543 1003 636 Quam
1055 544 1238 619 licet
1291 568 1607 643 sperare
1658 541 1877 617 nefas
1928 542 2272 639 putando

741 668 1146 765 Disparem
1199 667 1414 742 vites.

1519 666 1694 765 Age
1744 667 1919 762 iam,
1975 693 2327 743 meorum

945 792 1156 867 Finis
1209 817 1559 867 amorum
1610 830 1713 844 ·-—

738 940 930 1035 Non⁷
967 942 1174 1017 enim
1225 941 1545 1039 posthac
1604 941 1757 1019 alia
1806 941 2072 1018 calebo

742 1064 1064 1141 Femina
1117 1106 1237 1163 ——,
1287 1068 1648 1144 condisce
1694 1066 1989 1161 modos,
2044 1068 2376 1143 amanda

657 1222 709 1263 ω
744 1191 952 1266 Voce
1001 1216 1194 1291 quos
1240 1191 1559 1268 reddas:
1612 1193 2056 1268 minuentur
2098 1204 2311 1267 atrae

946 1315 1303 1392 Carmine
1358 1342 1607 1392 curae.

1231 1636 1611 1725 OARMEN
1675 1642 1856 1725 XII.

741 1804 908 1882 Iam
963 1808 1164 1883 veris
1218 1808 1555 1903 comites,
1608 1834 1803 1907 quae
1853 1832 2063 1883 mare
2113 1821 2570 1909 temperant,

740 1932 1160 2033 Impellunt
1207 1934 1508 2009 animae
1556 1933 1797 2009 lintea
1842 1934 2250 2029 Thraciae3

320 2156 636 2226 occidisset,
679 2157 1012 2213 temerarius
1057 2156 1240 2213 factus
1289 2158 1476 2228 ipsum

318 2228 534 2283 caelum
597 2232 790 2299 petere
843 2234 1076 2284 conatus
1129 2234 1229 2297 est,
1288 2230 1384 2285 sed
1443 2247 1477 2283 a

318 2299 535 2370 Pegaso
585 2302 831 2355 deiectus
886 2301 1213 2369 cupiditatis
1267 2318 1475 2370 poenas

319 2369 504 2425 solvit.
586 2371 832 2443 Pegasus
889 2374 1038 2427 enim
1095 2373 1356 2442 Neptuno
1418 2378 1476 2427 et

319 2440 556 2497 Medusa
602 2448 930 2513 procreatus
979 2444 1192 2499 homini
1245 2445 1473 2499 mortali

319 2514 404 2567 ita
442 2520 668 2569 tantum
703 2516 916 2571 servire
960 2515 1158 2585 voluit,
1197 2522 1261 2570 ut
1297 2534 1332 2570 a
1367 2516 1472 2570 Mi-

319 2602 494 2640 nerva
544 2592 667 2641 erat
713 2587 911 2641 iussus.
967 2586 1128 2641 Pind.
1179 2587 1372 2642 Isthm.
1421 2591 1472 2656 6,

319 2658 407 2709 44.
462 2656 524 2711 Β.
600 2652 882 2727 „nuptiae
947 2658 1148 2729 ἔρῤιψε
1205 2654 1475 2729 Πάγασος

318 2724 620 2784 Δεσπόταν
655 2730 898 2785 ἐθέλοντ’
936 2730 992 2789 ἐς
1027 2728 1261 2801 οὐρανοῦ
1304 2738 1472 2785 uta-9·

315 2796 461 2871 μοὺς
507 2796 722 2855 ’El-§etv
768 2802 905 2887 μεθ’
959 2797 1234 2873 ὁμάγυριν
1279 2806 1472 2857 Βελλε-

314 2866 600 2944 ροφόνταν
633 2880 814 2940 Ζηνος
838 2891 850 2903 ·
923 2870 986 2927 τὸ
1037 2875 1108 2928 δέ
1148 2872 1264 2944 πὰρ
1311 2876 1474 2930 δίκαν

313 2940 492 2997 mvn&
535 2939 832 3014 πικροτάτα
875 2949 1034 3016 μένει
1077 2941 1347 3000 τελευτά.“
1399 2976 1466 2987 -—-

311 3014 536 3084 reddas]
585 3016 656 3071 cf.
697 3016 879 3071 Carm.
914 3016 1007 3085 IV,
1045 3020 1095 3086 6,
1135 3020 1220 3073 43.
1261 3047 1325 3057 -
1365 3020 1464 3072 mi-

315 3086 582 3157 nuentur]
607 3089 802 3143 melius
840 3089 948 3143 hoc
971 3107 1038 3144 ex
1075 3090 1320 3159 plurima
1342 3108 1469 3160 par-

316 3160 376 3211 te
425 3158 584 3219 codd.
622 3176 792 3228 quam
828 3177 1088 3229 praesens
1124 3162 1472 3230 minuuntur,

319 3230 470 3298 quod
495 3230 621 3284 aliis
655 3232 899 3301 placuit3
935 3234 1212 3302 generalis
1251 3239 1467 3288 senten-

315 3300 400 3355 tia
433 3304 492 3355 in
525 3300 638 3357 fine
675 3303 937 3357 carminis
969 3322 1149 3373 neque
1186 3304 1259 3359 ad
1295 3306 1470 3359 solam

315 3370 632 3441 Phyllidem
679 3374 988 3430 referenda.
1045 3406 1112 3417 -
1169 3376 1348 3447 atrae]
1397 3376 1468 3431 cf.

313 3442 499 3569 fian?
520 3444 645 3569 1IiII,
704 3450 751 3515 l,
789 3448 876 3500 40.
936 3447 1037 3510 111,
1083 3449 1170 3515 14,
1212 3450 1292 3501 13.
1353 3446 1466 3503 Sat.

372 3554 388 3583 2
463 3556 480 3583 ‚
591 3519 642 3571 5-

671 3629 954 3685 Carmen
989 3630 1114 3686 XII.

385 3723 514 3779 Non
573 3724 646 3779 ad
701 3725 1016 3797 Vergilium
1065 3728 1250 3782 nescio
1301 3745 1467 3796 quem

317 3798 754 3866 unguentarium
802 3798 889 3853 vel
939 3798 1217 3854 medicum
1262 3799 1359 3854 sed
1395 3800 1467 3854 ad

311 3872 539 3937 poetam
578 3868 892 3941 Vergilium
935 3871 1044 3926 ioci
1094 3888 1160 3925 ae
1205 3872 1466 3925 iuvenilis

313 3938 624 3994 hilaritatis
658 3942 888 4024 plenum
925 3959 1148 3997 carmen
1195 3944 1468 4012 scriptum

315 4015 416 4065 est.
506 4011 714 4082 Incipit
779 4018 966 4068 autem
1019 4015 1101 4067 ita
1116 4056 1128 4079 ‚
1185 4018 1252 4068 ut
1309 4014 1466 4069 verni

312 4084 584 4151 temporis
620 4085 866 4139 suavitas
905 4086 1128 4155 copiose
1153 4090 1210 4139 et
1246 4086 1466 4157 elegan-

311 4157 402 4208 ter
437 4154 804 4209 describatur.
840 4157 961 4211 Iam
995 4158 1154 4212 adest
1187 4176 1302 4225 ver,
1339 4176 1465 4211 cum

316 4242 446 4281 vere
489 4228 661 4296 calor,
707 4244 835 4282 cum
880 4229 1066 4283 calore
1113 4229 1254 4284 sitis.
1323 4228 1466 4283 Eam

316 4302 504 4352 autem
555 4299 770 4368 optime
815 4301 1034 4369 pellunt
1078 4301 1212 4355 vina
1254 4300 1465 4355 medio-

315 4370 450 4424 cria.
523 4368 686 4439 „Sed,
723 4372 923 4441 inquit,
959 4372 1008 4425 si
1045 4372 1197 4442 apud
1219 4390 1312 4427 me
1347 4390 1465 4427 esse

351 4442 486 4495 estis
539 4447 605 4497 ut
653 4441 806 4512 apud
852 4444 1082 4499 iuvenes
1124 4445 1342 4499 nobiles
1400 4462 1466 4499 ac

357 4512 544 4583 ‘vites,
615 4514 946 4583 quibuscum
1005 4532 1124 4571 esse
1181 4516 1340 4585 soles,
1413 4516 1462 4570 si

314 4582 518 4639 Calena
563 4586 699 4641 vina
743 4586 946 4643 ducere
995 4588 1178 4659 cupis,
1225 4588 1464 4659 agedum

1583 2156 1749 2225 dabo,
1803 2155 1901 2211 sed
1956 2174 2022 2211 ea
2066 2157 2207 2227 lege,
2254 2161 2320 2211 ut
2364 2174 2489 2211 cum
2533 2158 2593 2211 in
2641 2175 2731 2213 co·

1578 2229 1905 2283 missatione
1963 2228 2229 2283 Calenum
2298 2229 2475 2283 nardo
2540 2246 2731 2285 carere

1578 2318 1690 2355 non
1745 2300 1939 2369 possit,
1983 2304 2048 2354 tu
2094 2305 2381 2370 unguenta
2425 2301 2728 2369 praestes.“

1575 2372 1681 2427 Est
1742 2372 1922 2442 igitur
1980 2370 2295 2426 iocabunda
2356 2372 2428 2425 ad
2489 2372 2728 2427 hilarem

1577 2444 2024 2498 comissationem
2069 2443 2352 2506 invitatiO,
2402 2460 2581 2513 neque
2618 2443 2725 2497 dif-

1574 2514 1855 2570 ficultates
1902 2515 2206 2570 movendae
2252 2518 2384 2568 sunt
2434 2532 2503 2569 ex
2548 2533 2601 2569 v.
2640 2516 2730 2584 25,

1576 2586 1875 2641 dummodo
1900 2586 2179 2651 credatur,
2208 2604 2430 2641 carmen
2454 2587 2726 2655 scriptum

1576 2675 1693 2713 esse
1740 2676 1773 2713 a
1818 2658 2019 2713 iuvene
2063 2657 2301 2712 Horatio
2352 2657 2426 2712 ad
2468 2658 2723 2712 iuvenem

1573 2728 1890 2800 Vergilium
1904 2770 1917 2791 ‚
1984 2746 2131 2783 anno
2186 2729 2423 2784 fortasse
2480 2731 2585 2784 714
2638 2730 2727 2785 vel

1577 2803 1709 2870 7153
1755 2802 1911 2856 cuius
1950 2802 2175 2871 quidem
2212 2801 2519 2856 dulcissimi
2560 2802 2725 2856 amici

1575 2874 1901 2927 memoriam
1939 2873 2091 2927 edito
2135 2878 2267 2942 post
2308 2873 2515 2927 multos
2550 2891 2725 2927 annos

1574 2943 1681 2999 hoc
1718 2945 1965 2999 carmine
2004 2946 2163 3014 quasi
2188 2962 2457 2999 renovare
2495 2948 2554 2999 et
2585 2946 2725 3000 cele-

1571 3015 1739 3070 brare
1784 3016 2017 3071 Flaccus
2064 3016 2263 3071 voluit.
2338 3016 2589 3085 Antiqua
2627 3017 2727 3073 illa

1573 3088 1888 3156 inscriptio:
1974 3088 2052 3142 ad
2114 3087 2411 3155 Vergilium
2462 3088 2724 3143 medicum

1574 3159 1873 3227 Neronum,
1919 3159 2073 3214 cuius
2110 3159 2507 3213 auctoritatem
2552 3161 2724 3215 etiam

1572 3230 1780 3285 Weber
1804 3235 2023 3285 secutus
2068 3235 2169 3298 est,
2208 3247 2318 3284 non
2345 3231 2571 3285 videtur
2606 3248 2723 3285 esse

1572 3301 1874 3370 speciosior
1911 3319 2081 3371 quam
2116 3302 2259 3355 aliae
2304 3300 2380 3355 ad
2427 3302 2723 3372 Vergilium

1571 3373 2018 3443 unqu-antariani,
2078 3378 2438 3437 mercatorem,
2480 3375 2723 3443 ncyotia·

1572 3449 1755 3499 torem.
1840 3444 2055 3499 Hausta
2116 3448 2201 3497 est
2266 3444 2415 3499 enim
2474 3462 2543 3499 ex
2598 3445 2719 3514 ipso

1571 3517 1833 3584 carmine,
1886 3515 1957 3570 ab
2004 3516 2074 3569 iis
2120 3516 2217 3584 qui
2270 3516 2537 3585 sciebant,
2591 3533 2721 3585 poe·

1570 3590 1688 3641 tam
1734 3587 2063 3658 Vergilium,
2111 3604 2236 3641 cum
2290 3588 2435 3642 liber
2487 3594 2721 3657 quartus

1570 3658 1643 3713 ab
1680 3658 1916 3713 Horatio
1962 3658 2244 3727 ederetur,
2282 3660 2392 3713 iam
2434 3665 2721 3715 mortuum

1570 3747 1689 3785 esse
1724 3734 1782 3785 et
1816 3735 2000 3785 totum
2040 3730 2245 3784 librum
2273 3732 2565 3802 vulgatum
2602 3748 2721 3786 esse

1568 3802 1629 3854 in
1666 3802 1936 3857 honorem
1978 3803 2221 3872 Augusti
2274 3804 2501 3871 eiusque
2547 3804 2719 3872 privi-

1568 3890 1839 3945 gnorum„
1923 3873 2263 3943 Compositio
2333 3875 2593 3929 carminis
2654 3892 2721 3929 ea

1569 3950 1671 4013 est,
1730 3962 1895 4015 quam
1951 3945 2299 4014 frequentem
2348 3945 2461 3999 iam
2506 3945 2719 4000 inveni·

1568 4033 1706 4079 mus.
1815 4016 2039 4085 Septem
2112 4016 2471 4086 stropharum
2535 4017 2718 4071 media

1568 4092 1771 4156 quarta
1805 4087 2177 4158 principalem
2216 4090 2551 4143 sententiam
2588 4106 2716 4143 con·

1566 4160 1711 4213 tinet
1725 4200 1739 4224 ,
1803 4178 1971 4229 quam
2044 4177 2185 4229 quae
2245 4160 2589 4229 praecedunt
2660 4164 2718 4215 et

1567 4238 1893 4299 sequuntur,
1933 4236 2032 4285 aut
2067 4232 2217 4285 viam
2259 4230 2417 4300 quasi
2454 4232 2718 4285 muniunt

1568 4308 1665 4357 aut
1702 4303 2019 4357 ubertatem
2056 4308 2115 4357 et
2150 4303 2583 4372 explicationem
2622 4303 2717 4357 ad-

1566 4374 1723 4427 dunt.
1748 4374 2071 4444 Comparari
2096 4379 2282 4444 potest
2306 4374 2551 4429 iocosum
2570 4374 2714 4429 illud

1567 4444 1773 4500 Catulli
1810 4464 2035 4501 carmen
2070 4446 2143 4501 ad
2168 4446 2465 4500 Fabullum
2504 4446 2574 4516 (c.
2599 4449 2713 4515 13):

1568 4516 1839 4585 „Cenabis
1875 4518 2034 4585 bene,
2070 4519 2149 4572 mi
2173 4518 2427 4585 Fabulle,
2452 4518 2603 4587 apud
2627 4536 2715 4573 me

1563 4586 1781 4658 Paucis,
1816 4590 1866 4643 si
1900 4590 2010 4643 tibi
2046 4590 2105 4643 di
2141 4589 2354 4658 favent,
2390 4588 2605 4660 diebus,
2654 4589 2714 4645 Si
