3092 5059
819 227 980 293 LIB.
1023 224 1141 290 111.
1189 223 1438 291 GARM.
1483 226 1667 293 XIII.
1712 224 1889 292 XIV.

2452 224 2577 289 201

669 411 923 488 Fessis
975 436 1287 487 vomere
1341 413 1577 487 tauris

772 536 1102 613 Praebes
1143 549 1220 612 et
1267 538 1534 635 pecori
1583 563 1807 637 vago.

570 686 748 763 Fies
799 687 1178 763 nobilium
1231 701 1314 763 tu
1369 713 1680 787 quoque
1734 688 2083 786 fontium,

567 810 701 887 Me
753 810 1052 888 dicente
1109 813 1314 889 cavis
1367 812 1807 913 impositam
1859 814 2115 889 ilicem

477 969 534 1013 ιιι
673 936 911 1033 Saxis,
964 936 1172 1013 unde
1219 936 1585 1037 loquaces

771 1062 1171 1164 Lymphae
1225 1063 1588 1141 desiliunt
1636 1076 1836 1141 tuae.

1053 1401 1435 1541 GAnMEN
1503 1404 1711 1491 XIV.

566 1570 929 1646 Herculis
979 1571 1134 1646 ritu
1185 1569 1417 1645 modo
1473 1570 1745 1665 dictus,
1801 1595 1848 1644 o
1904 1568 2147 1667 plebs,

570 1694 827 1772 Morte
876 1695 1228 1772 venalem
1281 1696 1588 1795 petiisse
1640 1693 1941 1771 laurum

575 1818 863 1897 Caesar
914 1820 1266 1918 Hispana
1316 1820 1597 1921 repetit
1640 1833 1955 1918 penates

771 1945 1044 2020 Victor
1087 1944 1186 2020 ab
1243 1970 1402 2020 ora.

156 2148 324 2205 nitur.
350 2182 421 2192 —
451 2156 628 2207 atrox
689 2150 1134 2222 ferventissima;
1169 2150 1321 2205 simi·

157 2221 286 2276 liter
329 2224 524 2278 Garm.
639 2264 656 2291 ,
681 2225 769 2293 29,
799 2224 864 2277 18
898 2223 1150 2295 Procyon
1178 2224 1324 2290 furit

162 2298 216 2346 et
253 2294 364 2350 Leo
399 2310 646 2351 vesanus
691 2296 917 2351 dicitur.
953 2322 1024 2333 —
1061 2296 1324 2351 nobilium

157 2364 414 2438 fontium]
453 2371 526 2421 ut
551 2367 742 2435 Dirce,
775 2366 1148 2436 Hippocrene,
1181 2370 1320 2421 Are-

161 2434 336 2491 thusa.
413 2438 569 2494 Vere
625 2444 712 2493 est
759 2438 1052 2508 genetivus
1097 2440 1319 2507 partiti-

163 2523 277 2560 vus.
317 2509 542 2565 Gallim.
590 2510 644 2564 h.
692 2510 816 2564 Del.
858 2511 983 2563 181:
1033 2514 1180 2579 „Kal
1213 2504 1318 2581 μό-

165 2594 250 2636 νος
286 2580 348 2633 ἐν
383 2588 736 2653 ποταμοῖσιν
775 2575 1100 2653 ἀτιμότατος
1138 2584 1320 2637 aaut·

167 2651 345 2702 σθαι.“
373 2683 444 2693 —-
464 2653 667 2723 ilicem]
694 2652 816 2707 Ilex
838 2654 990 2707 haud
1016 2652 1185 2709 dubie
1208 2654 1321 2709 col-

163 2720 357 2778 lective
405 2726 601 2795 posita
641 2729 751 2794 est;
797 2728 1025 2779 antrum
1067 2727 1216 2781 enim
1251 2742 1320 2781 ex

163 2807 266 2859 quo
323 2798 594 2864 prosilire
652 2796 778 2851 fons
834 2796 1044 2851 dicitur
1095 2798 1318 2852 ilicibus

169 2866 370 2920 tectum
413 2874 474 2922 et
523 2887 557 2923 a
607 2868 783 2923 radiis
835 2869 966 2922 solis
1024 2868 1318 2923 defensum

165 2939 255 2988 est.
269 2966 335 2977 -
355 2938 667 3009 Lymphae]
687 2940 819 2995 Alia
841 2945 927 2994 est
951 2940 1116 2996 lectio
1144 2940 1316 3011 Nym-

161 3005 311 3072 phae,
350 3012 451 3065 sed
475 3028 679 3082 prava,
713 3028 842 3066 nam
881 3030 948 3081 „a
971 3012 1154 3081 poetis
1181 3013 1317 3081 lym-

165 3076 295 3142 phas
353 3081 497 3152 dici,
557 3100 685 3138 cum
747 3100 951 3152 aquam
1004 3084 1182 3152 ipsam
1228 3085 1318 3138 vel

166 3164 409 3207 umorem
446 3160 512 3210 et
537 3154 744 3209 undam
781 3155 1135 3226 intellegant,
1159 3172 1314 3223 nym-

166 3218 326 3284 pham
381 3242 545 3289 vere,
601 3243 726 3281 cum
774 3227 864 3281 vel
913 3228 1140 3281 omnino
1195 3226 1316 3281 fon-

169 3293 272 3345 tem
297 3296 385 3349 vel
412 3298 537 3351 eius
569 3298 886 3367 praesidem
919 3298 1083 3352 deam
1118 3299 1316 3367 velint,

169 3378 336 3430 aquae
409 3375 678 3424 naturam
739 3386 853 3423 non
922 3370 1314 3439 respicientes“

173 3431 320 3491 docet
366 3438 558 3495 Hand.
605 3441 677 3495 ad
719 3440 989 3496 Gronovii
1027 3440 1210 3497 Diatr.
1255 3442 1315 3495 in

175 3500 303 3561 Stat.
341 3508 407 3564 T.
443 3512 492 3581 1,
529 3530 587 3583 p.
629 3514 747 3567 179.

471 3624 758 3681 Carmen
799 3626 947 3681 XIV.

236 3716 540 3789 Augustus,
591 3722 690 3791 qui
735 3723 850 3777 iam
894 3722 964 3777 ab
1013 3740 1158 3778 anno
1209 3724 1315 3777 '727

174 3781 342 3843 Roma
375 3792 615 3859 afuerat‚
643 3811 772 3848 cum
793 3794 944 3849 bello
980 3795 1314 3850 Cantabrico

177 3870 220 3907 a·
265 3860 366 3915 729
411 3869 668 3935 suscepto
717 3871 774 3919 et
821 3870 1048 3935 praeter
1097 3866 1313 3935 opinio-

175 3941 294 3983 nem
319 3934 576 3991 celeriter
601 3936 856 3993 confecto
879 3938 1104 3992 tandem
1133 3956 1180 3993 a.
1209 3941 1316 3993 730

177 3994 502 4077 Tarracone,
529 4009 626 4063 ubi
661 4009 858 4063 morbo
882 4014 1134 4064 retentus
1171 4015 1312 4072 erat,

179 4084 232 4120 m
274 4076 468 4155 urbem
525 4080 712 4135 redire
767 4080 1062 4150 diceretur,
1107 4099 1310 4152 magno

179 4155 412 4203 ommum
464 4152 559 4220 qui
607 4170 804 4222 pacem
851 4158 908 4207 et
955 4154 1313 4208 securitatem

183 4224 418 4275 ¹unm-ent
460 4223 666 4294 gaudio
717 4229 1066 4293 exspectatus
1113 4230 1172 4279 et
1218 4242 1310 4279 ex-

182 4290 361 4363 ⁰?Ptus
397 4300 496 4349 est.
540 4294 662 4363 Quo
696 4296 846 4351 laeto
885 4295 978 4350 die
1013 4296 1148 4365 quid
1189 4314 1309 4351 sen·

183 4355 306 4433 *ol-ret
339 4368 669 4436 optaretque
704 4367 812 4422 hoc
846 4368 1093 4421 carmine
1133 4368 1310 4422 Hora·

187 4426 288 4479 tius
333 4448 546 4507 quoque
587 4439 878 4508 expressit.
965 4439 1158 4493 Simile
1203 4440 1222 4492 i
1271 4440 1308 4480 '-

183 4496 268 4549 tm’
302 4500 406 4559 hoe
423 4515 508 4565 est
529 4511 772 4566 secundo
794 4512 1030 4565 carmini
1055 4511 1188 4565 libri
1211 4510 1240 4564 1
1294 4550 1306 4565 .

183 4562 318 4625 Nun
357 4575 462 4636 hoe
489 4582 842 4638 verissimum
891 4588 994 4652 est,
1041 4581 1312 4651 quicquid

1425 2150 1523 2205 alii
1562 2154 1759 2207 contra
1793 2149 2009 2220 dicunt,
2044 2150 2257 2221 scripta
2303 2149 2442 2205 haec
2476 2154 2579 2205 aut

1421 2238 1555 2276 vere
1592 2238 1709 2277 esse
1747 2226 1845 2277 aut
1879 2221 2019 2293 fingi
2056 2222 2178 2291 ipso
2234 2238 2345 2290 quo
2382 2223 2575 2293 Augu-

1423 2298 1541 2347 stus
1582 2294 1795 2349 rediret
1832 2294 1955 2364 die3
2011 2293 2092 2349 sic
2205 2293 2476 2349 rsuadent
2518 2296 2579 2348 et

1422 2364 1775 2432 sacrificium,
1811 2366 1883 2420 ad
1920 2365 2071 2434 quod
2150 2364 2445 2420 aciendum
2480 2381 2573 2419 vo·

1423 2442 1516 2491 cat
1539 2442 1708 2506 poeta
1725 2456 1779 2492 v.
1801 2439 1854 2506 6,
1873 2442 1932 2492 et
1954 2454 2145 2491 versus
2172 2440 2233 2489 11
2258 2454 2360 2506 sq.,
2386 2438 2451 2491 13
2472 2452 2574 2505 sq.,

1421 2508 1700 2579 imprimis
1738 2526 1791 2563 v.
1839 2511 1900 2563 17
1941 2526 2061 2578 sqq.
2125 2508 2311 2563 Grave
2347 2508 2575 2562 initium

1421 2585 1507 2634 est
1570 2580 1831 2636 Hermus
1902 2581 2021 2635 ritu
2036 2620 2051 2649 ‚
2124 2579 2275 2649 quod
2352 2579 2577 2647 quidem

1422 2657 1486 2707 ut
1517 2651 1849 2721 profectum
1895 2656 1981 2706 est
2029 2668 2099 2707 ex
2157 2652 2577 2721 comparatione

1420 2722 1757 2793 Hispanicae
1782 2724 2173 2793 expeditionis,
2194 2722 2279 2777 ita
2308 2739 2432 2777 eam
2458 2723 2575 2777 lau·

1419 2795 1546 2850 dem
1608 2794 1824 2865 prodit,
1891 2812 2059 2864 quam
2124 2795 2196 2849 ad
2256 2794 2577 2864 exemplum

1421 2865 1679 2921 Herculis
1716 2884 1785 2921 ex
1822 2867 2090 2922 restituto
2128 2882 2231 2937 per
2271 2869 2456 2920 totum
2486 2884 2575 2921 or-

1419 2938 1549 2993 bem
1597 2943 1751 2993 recto
1797 2956 1988 2992 rerum
2018 2938 2230 2992 ordine
2289 2938 2577 3007 Augustus

1417 3009 1528 3063 sibi
1552 3010 1795 3079 paravit.
1832 3010 2041 3064 Pacato
2078 3009 2257 3080 igitur
2285 3010 2441 3063 omni
2476 3010 2577 3064 im-

1418 3082 1578 3151 perio
1616 3098 1743 3136 cum
1788 3080 1859 3135 ad
1910 3098 2037 3136 suos
2072 3081 2352 3135 militibus
2388 3080 2576 3136 redire

1419 3154 1531 3207 iam
1588 3153 1799 3221 liceret,
1857 3154 2120 3207 mulieres
2175 3152 2452 3223 imprimis
2501 3152 2573 3207 ad

1418 3224 1627 3279 festum
1671 3224 1821 3279 diem
1865 3224 2151 3279 redeuntis
2196 3223 2442 3293 Augusti
2488 3240 2575 3279 ce·

1419 3296 1754 3350 lebrandum
1832 3300 2139 3351 evocantur
2154 3335 2169 3363 ,
2239 3295 2572 3365 praesertim

1419 3385 1544 3422 cum
1580 3368 1831 3421 moribus
1870 3368 2079 3421 civium
2127 3367 2393 3421 correctis
2435 3367 2573 3421 reci-

1417 3442 1673 3507 peratam
1710 3438 2049 3509 dignitatem
2096 3438 2251 3507 ipsae
2295 3438 2575 3507 imprimis

1417 3512 1675 3580 Augusto
1712 3510 1999 3565 deberent.
2062 3510 2154 3564 Sic
2230 3526 2293 3565 er
2329 3526 2573 3565 commu-

1417 3598 1546 3636 nem
1583 3582 1831 3637 omnium
1876 3582 2153 3637 laetitiam
2243 3582 2459 3637 oratius
2500 3581 2574 3637 ad

1416 3670 1577 3707 suam
1610 3654 1819 3724 pergit,
1854 3653 1952 3708 sed
1997 3654 2331 3723 interposita
2372 3658 2575 3723 quarta

1417 3724 1669 3794 stropha,
1719 3742 1861 3794 quae
1915 3726 2035 3780 sive
2078 3741 2375 3779 numerum
2431 3730 2574 3780 stro-

1415 3795 1655 3866 pharum
1693 3797 1924 3867 respicis
1969 3796 2087 3851 sive
2132 3814 2407 3851 summam
2453 3814 2574 3852 sen-

1416 3868 1656 3923 tentiam
1694 3870 1916 3937 quaeris
1950 3868 2136 3923 media
2172 3872 2258 3922 est
2282 3872 2341 3922 et
2365 3873 2573 3923 utram-

1418 3957 1528 4008 que
1563 3944 1785 4009 partem
1822 3940 2128 4010 coniungit.

1488 4011 1554 4065 V.
1597 4015 1643 4065 1.
1696 4010 1881 4081 modo]
1928 4012 2073 4066 Nam
2120 4028 2219 4080 spe
2253 4011 2422 4066 citius
2455 4010 2573 4064 bel-

1417 4082 1535 4136 lum
1572 4083 1941 4153 compositum
1987 4086 2085 4136 est.
2144 4112 2215 4121 —
2262 4081 2447 4151 plebs]
2490 4082 2575 4136 Ne

1417 4170 1544 4208 cum
1606 4154 1731 4209 aliis
1792 4154 1901 4209 hoc
1966 4154 2191 4208 nomine
2252 4152 2573 4222 offendaris,

1417 4226 1608 4296 cogita
1642 4224 1866 4280 Horatii
1914 4231 2099 4280 aetate
2147 4224 2365 4294 plebem
2418 4225 2569 4279 abie-

1419 4301 1512 4351 cta
1549 4298 1702 4350 omni
1736 4298 2152 4366 contemptione
2178 4295 2446 4365 quicquid
2464 4294 2571 4349 Ro-

1413 4385 1536 4421 mae
1570 4374 1715 4423 esset
1738 4368 2035 4439 dignitatis
2074 4372 2131 4423 et
2158 4367 2431 4421 honorum
2458 4368 2569 4421 sibi

1411 4440 1727 4509 sumpsisse.
1820 4440 2036 4494 Deinde
2114 4438 2269 4492 nullo
2340 4455 2571 4507 prorsus

1409 4509 1733 4565 discrimine
1753 4512 1897 4579 plebs
1929 4516 1987 4566 et
2016 4510 2261 4581 populus
2294 4526 2567 4580 usurpan-

1408 4586 1506 4637 tur
1542 4582 1725 4637 Carm.
1762 4582 1836 4652 11,
1873 4583 1927 4650 2,
1969 4584 2034 4636 18
2058 4598 2139 4653 sq.
2173 4610 2239 4621 --
2276 4587 2447 4638 morte
2484 4597 2567 4637 ve-
