3092 5059
1045 186 1204 251 ms.
1247 186 1332 253 11.
1377 185 1627 253 GARM.
1672 188 1849 279 xm.
1962 266 1973 277 ‚

2528 190 2643 255 151

648 368 924 447 Oderit
975 397 1242 448 curare
1291 384 1370 448 et
1419 398 1684 448 amara
1739 375 1949 449 lento

587 562 592 569 .
647 496 1302 599 Temperetffirisu:
1356 498 1554 573 nihil
1610 512 1726 575 est
1776 501 1873 575 ab
1930 502 2141 576 omni

845 621 1074 698 Parte
1129 622 1462 699 beatum.

649 772 989 848 Abstulit
1042 772 1341 848 clarum
1393 774 1544 849 cita
1595 801 1803 850 mors
1856 774 2268 873 Achillem,

565 930 619 971 ω
653 898 926 996 Longa
978 898 1394 975 Tithonum
1442 900 1721 975 minuit
1768 914 2141 996 senectuS,

647 1023 747 1100 Et
795 1024 993 1100 mihi
1033 1025 1320 1121 forsan,
1373 1025 1517 1101 tibi
1570 1026 1783 1125 quod
1834 1029 2157 1125 negarit,

847 1148 1202 1248 Porriget
1251 1149 1463 1226 hora.
1569 1222 1577 1231 .

651 1298 762 1375 Te
807 1323 1082 1398 greges
1137 1312 1439 1379 centum
1495 1300 1955 1401 Siculaeque
2006 1301 2292 1377 circum

647 1423 1003 1523 Mugiunt
1052 1449 1356 1521 vaccae,
1408 1425 1549 1501 tibi
1601 1425 1806 1501 tollit
1855 1425 2239 1501 hinnitum

565 1580 620 1621 aa
655 1548 866 1651 Apta
917 1548 1317 1648 quadrigis
1371 1575 1595 1650 equa,
1645 1562 1723 1627 te
1775 1551 1892 1626 bis
1944 1550 2143 1626 Afro

849 1674 1150 1750 Murice
1197 1677 1481 1775 tinctae

653 1825 1010 1901 Vestiunt
1060 1826 1315 1923 lanae3
1371 1826 1561 1901 mihi
1614 1854 1856 1927 parva
1906 1854 2091 1903 rura
2143 1841 2220 1903 et

655 1949 1024 2050 Spiritum
1079 1952 1364 2031 Graiae
1413 1964 1723 2028 tenuem
1786 1954 2169 2029 Camenae

657 2075 900 2152 Parca
949 2101 1105 2149 non
1157 2075 1484 2151 mendax
1535 2076 1755 2153 dedit
1804 2090 1882 2152 et
1930 2076 2355 2175 malignum

567 2234 620 2274 40
857 2200 1240 2301 Spernere
1293 2201 1590 2301 vulgus.

243 2402 372 2458 vide
408 2404 486 2459 ad
507 2403 694 2458 Carm.
712 2402 759 2470 1,
786 2404 835 2469 1,
857 2400 910 2455 8.
934 2430 1001 2441 -
1030 2400 1188 2471 lento]
1211 2400 1402 2470 quieto

248 2474 701 2547 (gleichgiiltig);
721 2490 832 2543 quo
845 2474 963 2527 risu
983 2473 1200 2543 sapiens
1221 2476 1402 2527 osten-

247 2546 332 2600 dit
366 2564 424 2602 se
449 2546 626 2603 rebus
651 2545 902 2601 adversis
927 2562 1041 2599 non
1063 2544 1404 2613 perturbari.

251 2617 322 2670 cf.
359 2618 473 2673 cio.
493 2622 644 2674 orat.
668 2617 722 2687 2,
741 2618 837 2673 69:
879 2616 1263 2685 „contrarium
1287 2614 1403 2686 (ge-

249 2689 370 2757 nus)
409 2696 498 2745 est
535 2690 768 2744 ridiculi
801 2687 1072 2759 patientis
1109 2705 1176 2743 ac
1210 2688 1405 2742 lenti.“

250 2758 434 2825 Quare
483 2779 607 2817 non
661 2760 802 2815 bene
857 2760 956 2814 alii
1011 2760 1406 2828 praetulerunt

253 2832 402 2900 laeto,
455 2831 750 2888 Bentleius
805 2831 932 2887 leni.
990 2858 1056 2869 —
1120 2830 1402 2900 Achillem]

253 2902 338 2956 cui
391 2905 648 2975 ancipite
695 2902 816 2958 fato
870 2901 1212 2957 destinatum
1266 2908 1407 2971 erat,

253 2978 318 3027 ut
346 2975 530 3031 vitam
554 2975 794 3031 haberet
830 2980 932 3029 aut
966 2974 1194 3028 brevem
1233 2978 1290 3027 et
1312 2988 1408 3028 no-

256 3042 422 3101 bilem
482 3052 590 3102 aut
647 3046 876 3118 longam
949 3050 1008 3099 et
1075 3044 1406 3116 ignobilem3

257 3133 426 3184 quare
462 3136 598 3175 cum
626 3118 783 3173 illam
808 3116 1184 3187 praetulisset,
1218 3126 1407 3181 μινυν-

259 3180 447 3249 θάδιος
494 3191 682 3245 factus
736 3195 824 3245 est
870 3188 1058 3255 (Hom.
1095 3188 1163 3243 11.
1199 3188 1246 3256 Ι,
1283 3190 1406 3243 352.

259 3257 349 3323 Ix,
387 3263 498 3316 410
533 3264 692 3331 sqq.).
741 3290 812 3301 —
875 3258 1128 3331 Tithono]
1173 3258 1407 3315 Laome·

258 3328 440 3386 dentis
495 3333 640 3400 filio,
701 3333 792 3387 cui
841 3332 1102 3403 precibus
1151 3334 1409 3386 Aurorae

259 3402 1410 3545 ffmfflffffifflzssnffffizssfftffl

627 3516 642 3544 2

259 3548 342 3597 set
359 3548 590 3603 Aurora
615 3552 810 3617 petere
844 3551 908 3601 ut
925 3551 1200 3616 perpetua
1217 3546 1408 3600 iuven-

263 3616 348 3669 tus
381 3618 705 3687 adderetur,
725 3618 1002 3673 Tithonus
1033 3617 1408 3673 crescentibus

263 3689 416 3743 annis
459 3696 761 3761 tantopere
806 3690 1030 3745 exaruit
1073 3690 1149 3757 (v.
1192 3692 1264 3744 30
1309 3690 1407 3742 mi-

263 3758 415 3828 nuit),
465 3769 534 3818 ut
578 3762 654 3817 in.
687 3760 934 3817 cicadam
983 3760 1210 3815 tandem
1245 3760 1409 3815 mise·

265 3827 503 3888 ricordia
519 3835 672 3889 Iovis
707 3837 1042 3889 mutaretur.
1082 3832 1151 3887 cf.
1181 3831 1227 3900 1,
1249 3834 1336 3900 28,
1357 3833 1409 3885 8.

268 3896 412 3965 Quae
468 3905 728 3975 exempla
795 3904 1086 3974 aptissima
1147 3908 1276 3957 sunt
1335 3903 1410 3957 ad

270 3974 664 4033 ostendendum
681 4016 698 4043 ‚
771 3992 886 4031 non
950 3974 1210 4031 omnibus
1276 3974 1410 4029 data

270 4045 474 4111 omnia,
524 4048 654 4104 aliis
701 4048 812 4102 alia
859 4066 976 4102 esse
1021 4050 1244 4117 negata.
1317 4047 1410 4101 Ab

269 4118 532 4187 exemplis
589 4119 924 4189 interposita
983 4118 1232 4189 generali
1289 4135 1408 4171 sen-

273 4185 442 4243 tentia
468 4191 542 4246 ad
562 4191 730 4247 amici
749 4208 1018 4259 suamque
1046 4208 1168 4245 rem
1185 4190 1408 4245 transit.

277 4282 338 4293 —
391 4263 442 4313 te
523 4262 830 4333 Anaphora
877 4267 946 4329 te,
982 4263 1102 4327 tibi,
1147 4268 1200 4316 te
1250 4277 1408 4330 prae·

276 4324 418 4383 ‘altre
461 4334 589 4403 acit,
626 4340 692 4389 ut
725 4352 892 4405 quam
923 4334 1104 4389 multa
1132 4333 1250 4388 fato
1275 4333 1410 4388 data

1498 2400 1615 2454 sint
1652 2399 1907 2469 Grospho
1961 2401 2271 2471 videamus3
2325 2403 2423 2457 ubi
2474 2404 2545 2458 de
2593 2422 2652 2459 se

1499 2472 1769 2541 loquitur,
1807 2473 1975 2527 semel
2008 2474 2148 2527 mihi
2180 2474 2385 2543 posuit.
2424 2504 2491 2515 -—
2533 2492 2649 2545 yre-

1499 2560 1595 2614 9ae
1628 2542 1945 2612 Siculaeque
1976 2544 2191 2615 vaccae]
2238 2544 2301 2599 ἓν
2351 2542 2445 2599 διὰ
2480 2548 2651 2601 δυοῖν.

1503 2645 1571 2655 —-
1621 2616 1703 2669 bis
1748 2615 1971 2685 tinctae]
2028 2616 2233 2671 Becker
2280 2616 2425 2672 Gall.
2480 2618 2544 2671 T.
2582 2619 2653 2687 11,

1501 2704 1560 2757 p.
1598 2688 1696 2741 96:
1764 2686 1891 2761 „Da
1960 2686 2051 2743 die
2108 2688 2310 2759 iibrige
2366 2690 2654 2761 Kleidung

1502 2758 1785 2813 durchaus
1822 2759 1979 2813 weiss
2017 2760 2135 2814 sein
2158 2764 2389 2827 musste,
2426 2779 2488 2815 so
2524 2761 2653 2817 liess

1503 2848 1637 2885 man
1675 2847 1731 2885 es
1768 2832 2103 2901 wenigstens
2151 2831 2243 2887 bei
2281 2832 2384 2887 der
2428 2833 2655 2888 lacerna

1503 2901 1621 2969 (ein
1656 2902 1867 2956 offener
1900 2902 2133 2968 Mantel,
2164 2903 2266 2958 der
2299 2904 2653 2976 gewiihnlich

1503 2974 1652 3027 wohl
1670 2973 1810 3027 iiber
1825 2972 1927 3027 der
1945 2974 2177 3029 rechten
2192 2974 2451 3031 Schulter
2474 2976 2653 3031 durch

1505 3045 1629 3099 eine
1653 3044 1829 3099 fibula
1852 3046 2426 3117 zusammengeheftet
2442 3048 2653 3116 wurde)

1503 3116 1663 3171 nicht
1719 3134 1792 3171 an
1852 3116 2068 3171 bunten
2129 3117 2350 3174 Farben
2410 3120 2653 3174 fehlen.“

1504 3188 1641 3242 ibid.
1678 3206 1734 3257 p.
1761 3188 1855 3241 98:
1916 3188 2313 3255 „Namentlich
2348 3208 2464 3244 war
2511 3191 2655 3245 auch

1505 3259 1629 3313 hier
1669 3260 1771 3313 der
1815 3260 2066 3314 zweimal
2154 3260 2375 3316 efarbte
2415 3260 2655 3331 Pur-pur.

1506 3332 1765 3402 δίβαφος,
1807 3330 1889 3385 als
1932 3330 2107 3385 beson
2148 3350 2235 3386 ers
2284 3332 2517 3387 kostbar
2562 3334 2655 3388 be-

1507 3402 1664 3469 liebt,
1702 3402 1955 3456 wiewohl
1978 3402 2095 3457 sein
2119 3402 2339 3459 Geruch
2373 3422 2434 3458 so
2470 3406 2655 3477 wenig

1505 3473 1817 3545 angenehm
1855 3492 1989 3538 war,
2040 3474 2167 3529 dass
2204 3475 2449 3530 Martial.
2488 3475 2581 3540 IV,
2618 3480 2654 3530 4

1504 3551 1674 3601 unter
1696 3546 1853 3599 einer
1869 3545 2071 3615 Menge
2104 3564 2215 3601 von
2250 3546 2429 3601 foedis
2468 3547 2655 3602 odori·

1505 3617 1609 3671 bus
1648 3616 1790 3671 auch
1838 3623 2039 3673 neunt:
2099 3618 2249 3687 quod
2304 3619 2391 3673 bis
2442 3621 2657 3675 murice

1505 3689 1684 3742 vellus
1723 3688 2077 3757 inquinatum
2114 3732 2125 3743 .
2154 3732 2166 3744 .
2195 3730 2209 3742 .
2243 3729 2256 3743 .
2288 3690 2433 3745 Eine
2468 3692 2657 3747 solche

1505 3759 1731 3815 lacerna
1762 3759 1892 3813 kam
1929 3761 2215 3829 zuweilen,
2262 3763 2369 3817 wie
2404 3762 2655 3818 Martial.

1505 3831 1657 3895 VIII,
1675 3831 1985 3898 loerziihlt,
1998 3834 2171 3887 10000
2181 3832 2317 3889 Sest.
2335 3833 2497 3903 (2000
2508 3834 2659 3903 fr.).“

1505 3903 1578 3959 cf.
1615 3902 1797 3973 Epod.
1838 3902 1921 3957 12.
1958 3904 2046 3955 21.
2112 3904 2291 3973 Epist.
2329 3904 2401 3967 11,
2440 3906 2495 3973 2,
2537 3908 2653 3961 181.

1507 4003 1575 4015 —
1624 3975 1853 4043 mntem]
1890 3974 2157 4029 subtilem
2192 3982 2251 4031 et
2286 3976 2655 4047 ingeniosum,

1505 4064 1621 4101 uon
1676 4046 1937 4116 exiguam
1992 4045 2083 4100 vel
2143 4063 2380 4116 parvam
2433 4054 2655 4117 partem

1507 4118 1741 4187 spiritus
1780 4116 1876 4172 Gr.
1916 4116 2067 4171 Cam.
2126 4118 2199 4173 cf.
2239 4119 2418 4173 Carm.
2456 4119 2528 4187 11,
2571 4122 2655 4187 18,

1511 4194 1536 4243 1
1568 4194 1626 4243 et
1654 4192 1735 4243 10.
1776 4190 1843 4243 A.
1871 4188 1932 4242 Ρ.
1959 4190 2047 4243 46.
2084 4218 2155 4229 -
2190 4190 2513 4261 mulionum]
2550 4191 2655 4245 ini-

1508 4278 1683 4329 quum
1707 4260 1795 4329 iis,
1818 4260 1916 4328 qui
1942 4260 2135 4329 aliqua
2170 4260 2335 4315 laude
2358 4262 2655 4317 excellunt.

1512 4361 1577 4371 —
1612 4348 1727 4387 non
1762 4330 2019 4400 mdclx]
2056 4332 2125 4387 cf.
2165 4332 2347 4387 Garm.
2384 4330 2537 4389 Saec-
2564 4335 2653 4389 25.
