<?xml version="1.0" encoding="UTF-8"?>
<!DOCTYPE html PUBLIC "-//W3C//DTD XHTML 1.0 Transitional//EN"
    "http://www.w3.org/TR/xhtml1/DTD/xhtml1-transitional.dtd">
<html xmlns="http://www.w3.org/1999/xhtml" xml:lang="en" lang="en">
 <head>
  <title>
</title>
<meta http-equiv="Content-Type" content="text/html;charset=utf-8" />
  <meta name='ocr-system' content='tesseract 3.04.00' />
  <meta name='ocr-capabilities' content='ocr_page ocr_carea ocr_par ocr_line ocrx_word'/>
</head>
<body>
  <div class='ocr_page' id='page_1' title='image "./qhoratiiflaccio05unkngoog/qhoratiiflaccio05unkngoog_0086.png"; bbox 0 0 3092 5059; ppageno 0'>
   <div class='ocr_carea' id='block_1_1' title="bbox 369 185 1794 253">
    <p class='ocr_par' dir='ltr' id='par_1_1' title="bbox 369 185 1794 253">
     <span class='ocr_line' id='line_1_1' title="bbox 369 185 1794 253; baseline 0 0"><span class='ocrx_word' id='word_1_1' title='bbox 369 190 450 253; x_wconf 87' lang='grc'><strong>56</strong></span> <span class='ocrx_word' id='word_1_2' title='bbox 1336 185 1794 253; x_wconf 79' lang='grc' dir='ltr'><strong>ΟΑΒΜῙΝΠΜ</strong></span> 
     </span>
    </p>
   </div>
   <div class='ocr_carea' id='block_1_2' title="bbox 406 374 1346 474">
    <p class='ocr_par' dir='ltr' id='par_1_2' title="bbox 406 374 1346 474">
     <span class='ocr_line' id='line_1_2' title="bbox 406 374 1346 474; baseline -0.002 -23"><span class='ocrx_word' id='word_1_3' title='bbox 406 410 432 451; x_wconf 77' lang='lat'>⁵</span> <span class='ocrx_word' id='word_1_4' title='bbox 479 377 636 453; x_wconf 81' lang='lat' dir='ltr'><strong>Cur</strong></span> <span class='ocrx_word' id='word_1_5' title='bbox 685 399 940 474; x_wconf 89' lang='lat' dir='ltr'><strong>neque</strong></span> <span class='ocrx_word' id='word_1_6' title='bbox 990 374 1346 451; x_wconf 83' lang='lat' dir='ltr'><strong>militaris</strong></span> 
     </span>
    </p>
   </div>
   <div class='ocr_carea' id='block_1_3' title="bbox 667 496 2545 597">
    <p class='ocr_par' dir='ltr' id='par_1_3' title="bbox 667 496 2545 597">
     <span class='ocr_line' id='line_1_3' title="bbox 667 496 2545 597; baseline -0.002 -22"><span class='ocrx_word' id='word_1_7' title='bbox 667 500 881 575; x_wconf 82' lang='lat' dir='ltr'><strong>Inter</strong></span> <span class='ocrx_word' id='word_1_8' title='bbox 931 497 1288 597; x_wconf 78' lang='lat' dir='ltr'><strong>aequales</strong></span> <span class='ocrx_word' id='word_1_9' title='bbox 1345 496 1657 597; x_wconf 83' lang='lat' dir='ltr'><strong>equitet,</strong></span> <span class='ocrx_word' id='word_1_10' title='bbox 1714 498 2017 577; x_wconf 82' lang='lat' dir='ltr'><strong>Gallica</strong></span> <span class='ocrx_word' id='word_1_11' title='bbox 2067 524 2211 575; x_wconf 88' lang='lat' dir='ltr'><strong>nec</strong></span> <span class='ocrx_word' id='word_1_12' title='bbox 2262 497 2545 597; x_wconf 88' lang='lat' dir='ltr'><strong>lupatis</strong></span> 
     </span>
    </p>
   </div>
   <div class='ocr_carea' id='block_1_4' title="bbox 477 623 1386 723">
    <p class='ocr_par' dir='ltr' id='par_1_4' title="bbox 477 623 1386 723">
     <span class='ocr_line' id='line_1_4' title="bbox 477 623 1386 723; baseline -0.004 -21"><span class='ocrx_word' id='word_1_13' title='bbox 477 627 890 723; x_wconf 83' lang='lat' dir='ltr'><strong>Temperet</strong></span> <span class='ocrx_word' id='word_1_14' title='bbox 935 649 1072 698; x_wconf 89' lang='lat' dir='ltr'><strong>ora</strong></span> <span class='ocrx_word' id='word_1_15' title='bbox 1122 623 1386 699; x_wconf 85' lang='lat' dir='ltr'><strong>frenis.</strong></span> 
     </span>
    </p>
   </div>
   <div class='ocr_carea' id='block_1_5' title="bbox 678 746 2783 845">
    <p class='ocr_par' dir='ltr' id='par_1_5' title="bbox 678 746 2783 845">
     <span class='ocr_line' id='line_1_5' title="bbox 678 746 2783 845; baseline -0.003 -20"><span class='ocrx_word' id='word_1_16' title='bbox 678 748 837 826; x_wconf 85' lang='lat' dir='ltr'><strong>Cur</strong></span> <span class='ocrx_word' id='word_1_17' title='bbox 873 749 1093 823; x_wconf 89' lang='lat' dir='ltr'><strong>timet</strong></span> <span class='ocrx_word' id='word_1_18' title='bbox 1142 746 1430 823; x_wconf 82' lang='lat' dir='ltr'><strong>flavum</strong></span> <span class='ocrx_word' id='word_1_19' title='bbox 1471 747 1813 823; x_wconf 82' lang='lat' dir='ltr'><strong>Tiberim</strong></span> <span class='ocrx_word' id='word_1_20' title='bbox 1850 751 2216 845; x_wconf 80' lang='lat' dir='ltr'><strong>tangere?</strong></span> <span class='ocrx_word' id='word_1_21' title='bbox 2274 750 2432 827; x_wconf 87' lang='lat' dir='ltr'><strong>Cur</strong></span> <span class='ocrx_word' id='word_1_22' title='bbox 2484 746 2783 822; x_wconf 90' lang='lat' dir='ltr'><strong>olivum</strong></span> 
     </span>
    </p>
   </div>
   <div class='ocr_carea' id='block_1_6' title="bbox 479 872 1269 973">
    <p class='ocr_par' dir='ltr' id='par_1_6' title="bbox 479 872 1269 973">
     <span class='ocr_line' id='line_1_6' title="bbox 479 872 1269 973; baseline -0.008 -21"><span class='ocrx_word' id='word_1_23' title='bbox 479 874 868 973; x_wconf 84' lang='lat' dir='ltr'><strong>Sanguine</strong></span> <span class='ocrx_word' id='word_1_24' title='bbox 919 872 1269 969; x_wconf 86' lang='lat' dir='ltr'><strong>viperino</strong></span> 
     </span>
    </p>
   </div>
   <div class='ocr_carea' id='block_1_7' title="bbox 395 997 2621 1097">
    <p class='ocr_par' dir='ltr' id='par_1_7' title="bbox 395 997 2621 1097">
     <span class='ocr_line' id='line_1_7' title="bbox 395 997 2621 1097; baseline -0.002 -22"><span class='ocrx_word' id='word_1_25' title='bbox 395 1037 442 1075; x_wconf 82' lang='grc' dir='ltr'><strong>ιο</strong></span> <span class='ocrx_word' id='word_1_26' title='bbox 683 998 995 1079; x_wconf 86' lang='lat' dir='ltr'><strong>Cautius</strong></span> <span class='ocrx_word' id='word_1_27' title='bbox 1041 998 1232 1073; x_wconf 84' lang='lat' dir='ltr'><strong>vitat</strong></span> <span class='ocrx_word' id='word_1_28' title='bbox 1282 1022 1536 1097; x_wconf 90' lang='lat' dir='ltr'><strong>neque</strong></span> <span class='ocrx_word' id='word_1_29' title='bbox 1580 998 1735 1072; x_wconf 89' lang='lat' dir='ltr'><strong>iam</strong></span> <span class='ocrx_word' id='word_1_30' title='bbox 1786 997 2033 1073; x_wconf 86' lang='lat' dir='ltr'><strong>livida</strong></span> <span class='ocrx_word' id='word_1_31' title='bbox 2085 1011 2331 1096; x_wconf 84' lang='lat' dir='ltr'><strong>gestat</strong></span> <span class='ocrx_word' id='word_1_32' title='bbox 2386 997 2621 1073; x_wconf 85' lang='lat' dir='ltr'><strong>armis</strong></span> 
     </span>
    </p>
   </div>
   <div class='ocr_carea' id='block_1_8' title="bbox 477 1122 1434 1221">
    <p class='ocr_par' dir='ltr' id='par_1_8' title="bbox 477 1122 1434 1221">
     <span class='ocr_line' id='line_1_8' title="bbox 477 1122 1434 1221; baseline -0.003 -20"><span class='ocrx_word' id='word_1_33' title='bbox 477 1125 871 1219; x_wconf 81' lang='lat' dir='ltr'><strong>Bracchia,</strong></span> <span class='ocrx_word' id='word_1_34' title='bbox 919 1148 1148 1221; x_wconf 83' lang='lat' dir='ltr'><strong>saepe</strong></span> <span class='ocrx_word' id='word_1_35' title='bbox 1201 1122 1434 1218; x_wconf 80' lang='lat' dir='ltr'><strong>dison,</strong></span> 
     </span>
    </p>
   </div>
   <div class='ocr_carea' id='block_1_9' title="bbox 678 1246 2582 1346">
    <p class='ocr_par' dir='ltr' id='par_1_9' title="bbox 678 1246 2582 1346">
     <span class='ocr_line' id='line_1_9' title="bbox 678 1246 2582 1346; baseline -0.002 -22"><span class='ocrx_word' id='word_1_36' title='bbox 678 1247 926 1346; x_wconf 81' lang='lat' dir='ltr'><strong>Saepe</strong></span> <span class='ocrx_word' id='word_1_37' title='bbox 977 1261 1186 1323; x_wconf 86' lang='lat' dir='ltr'><strong>trans</strong></span> <span class='ocrx_word' id='word_1_38' title='bbox 1237 1248 1470 1323; x_wconf 89' lang='lat' dir='ltr'><strong>finem</strong></span> <span class='ocrx_word' id='word_1_39' title='bbox 1520 1247 1773 1323; x_wconf 90' lang='lat' dir='ltr'><strong>iaculo</strong></span> <span class='ocrx_word' id='word_1_40' title='bbox 1828 1247 2109 1323; x_wconf 89' lang='lat' dir='ltr'><strong>nobilis</strong></span> <span class='ocrx_word' id='word_1_41' title='bbox 2164 1246 2582 1345; x_wconf 84' lang='lat' dir='ltr'><strong>expedito?</strong></span> 
     </span>
    </p>
   </div>
   <div class='ocr_carea' id='block_1_10' title="bbox 483 1372 1478 1468">
    <p class='ocr_par' dir='ltr' id='par_1_10' title="bbox 483 1372 1478 1468">
     <span class='ocr_line' id='line_1_10' title="bbox 483 1372 1478 1468; baseline 0 -21"><span class='ocrx_word' id='word_1_42' title='bbox 483 1372 690 1466; x_wconf 88' lang='lat' dir='ltr'><strong>Quid</strong></span> <span class='ocrx_word' id='word_1_43' title='bbox 741 1374 947 1468; x_wconf 89' lang='lat' dir='ltr'><strong>latet,</strong></span> <span class='ocrx_word' id='word_1_44' title='bbox 1003 1386 1088 1447; x_wconf 90' lang='lat' dir='ltr'><strong>ut</strong></span> <span class='ocrx_word' id='word_1_45' title='bbox 1137 1374 1478 1448; x_wconf 88' lang='lat' dir='ltr'><strong>marinae</strong></span> 
     </span>
    </p>
   </div>
   <div class='ocr_carea' id='block_1_11' title="bbox 678 1497 2673 1575">
    <p class='ocr_par' dir='ltr' id='par_1_11' title="bbox 678 1497 2673 1575">
     <span class='ocr_line' id='line_1_11' title="bbox 678 1497 2673 1575; baseline -0.001 -3"><span class='ocrx_word' id='word_1_46' title='bbox 678 1500 958 1574; x_wconf 77' lang='lat' dir='ltr'><strong>Filium</strong></span> <span class='ocrx_word' id='word_1_47' title='bbox 1016 1500 1285 1575; x_wconf 87' lang='lat' dir='ltr'><strong>dicunt</strong></span> <span class='ocrx_word' id='word_1_48' title='bbox 1333 1498 1682 1573; x_wconf 87' lang='lat' dir='ltr'><strong>Thetidis</strong></span> <span class='ocrx_word' id='word_1_49' title='bbox 1736 1500 1880 1575; x_wconf 88' lang='lat' dir='ltr'><strong>sub</strong></span> <span class='ocrx_word' id='word_1_50' title='bbox 1928 1497 2337 1573; x_wconf 86' lang='lat' dir='ltr'><strong>lacrimosa</strong></span> <span class='ocrx_word' id='word_1_51' title='bbox 2392 1497 2673 1572; x_wconf 85' lang='lat' dir='ltr'><strong>Troiae</strong></span> 
     </span>
    </p>
   </div>
   <div class='ocr_carea' id='block_1_12' title="bbox 406 1622 1260 1718">
    <p class='ocr_par' dir='ltr' id='par_1_12' title="bbox 406 1622 1260 1718">
     <span class='ocr_line' id='line_1_12' title="bbox 406 1622 1260 1718; baseline 0.002 -21"><span class='ocrx_word' id='word_1_52' title='bbox 406 1656 451 1697; x_wconf 68' lang='grc' dir='ltr'>ω</span> <span class='ocrx_word' id='word_1_53' title='bbox 486 1624 808 1718; x_wconf 87' lang='lat' dir='ltr'><strong>Funera,</strong></span> <span class='ocrx_word' id='word_1_54' title='bbox 864 1650 962 1699; x_wconf 90' lang='lat' dir='ltr'><strong>ne</strong></span> <span class='ocrx_word' id='word_1_55' title='bbox 1016 1622 1260 1699; x_wconf 87' lang='lat' dir='ltr'><strong>virilis</strong></span> 
     </span>
    </p>
   </div>
   <div class='ocr_carea' id='block_1_13' title="bbox 686 1746 2784 1848">
    <p class='ocr_par' dir='ltr' id='par_1_13' title="bbox 686 1746 2784 1848">
     <span class='ocr_line' id='line_1_13' title="bbox 686 1746 2784 1848; baseline -0 -25"><span class='ocrx_word' id='word_1_56' title='bbox 686 1748 956 1824; x_wconf 86' lang='lat' dir='ltr'><strong>Cultus</strong></span> <span class='ocrx_word' id='word_1_57' title='bbox 1009 1750 1087 1822; x_wconf 90' lang='lat' dir='ltr'><strong>in</strong></span> <span class='ocrx_word' id='word_1_58' title='bbox 1142 1746 1458 1823; x_wconf 88' lang='lat' dir='ltr'><strong>caedem</strong></span> <span class='ocrx_word' id='word_1_59' title='bbox 1504 1760 1580 1822; x_wconf 89' lang='lat' dir='ltr'><strong>et</strong></span> <span class='ocrx_word' id='word_1_60' title='bbox 1612 1746 1885 1845; x_wconf 85' lang='lat' dir='ltr'><strong>Lycias</strong></span> <span class='ocrx_word' id='word_1_61' title='bbox 1916 1748 2353 1848; x_wconf 86' lang='lat' dir='ltr'><strong>proriperet</strong></span> <span class='ocrx_word' id='word_1_62' title='bbox 2391 1748 2784 1822; x_wconf 81' lang='lat' dir='ltr'><strong>catervas?</strong></span> 
     </span>
    </p>
   </div>
   <div class='ocr_carea' id='block_1_14' title="bbox 1486 1934 1683 1941">
    <p class='ocr_par' dir='ltr' id='par_1_14' title="bbox 1486 1934 1683 1941">
     <span class='ocr_line' id='line_1_14' title="bbox 1486 1934 1683 1941; baseline 0.01 -1"><span class='ocrx_word' id='word_1_63' title='bbox 1486 1934 1683 1941; x_wconf 79' lang='lat'>---———-—</span> 
     </span>
    </p>
   </div>
   <div class='ocr_carea' id='block_1_15' title="bbox 684 2028 2178 2280">
    <p class='ocr_par' dir='ltr' id='par_1_15' title="bbox 684 2028 2178 2280">
     <span class='ocr_line' id='line_1_15' title="bbox 1297 2028 1885 2115; baseline -0.002 -1"><span class='ocrx_word' id='word_1_64' title='bbox 1297 2028 1681 2115; x_wconf 77' lang='lat' dir='ltr'>OARMEN</span> <span class='ocrx_word' id='word_1_65' title='bbox 1743 2030 1885 2114; x_wconf 90' lang='lat' dir='ltr'><strong>IX.</strong></span> 
     </span>
     <span class='ocr_line' id='line_1_16' title="bbox 684 2182 2178 2280; baseline 0.002 -25"><span class='ocrx_word' id='word_1_66' title='bbox 684 2182 942 2280; x_wconf 82' lang='lat' dir='ltr'><strong>Vides„</strong></span> <span class='ocrx_word' id='word_1_67' title='bbox 997 2197 1082 2258; x_wconf 90' lang='lat' dir='ltr'><strong>ut</strong></span> <span class='ocrx_word' id='word_1_68' title='bbox 1131 2183 1288 2259; x_wconf 88' lang='lat' dir='ltr'><strong>alta</strong></span> <span class='ocrx_word' id='word_1_69' title='bbox 1340 2197 1486 2261; x_wconf 86' lang='lat' dir='ltr'><strong>stet</strong></span> <span class='ocrx_word' id='word_1_70' title='bbox 1537 2186 1718 2261; x_wconf 84' lang='lat' dir='ltr'><strong>nive</strong></span> <span class='ocrx_word' id='word_1_71' title='bbox 1764 2184 2178 2261; x_wconf 86' lang='lat' dir='ltr'><strong>candidum</strong></span> 
     </span>
    </p>
   </div>
   <div class='ocr_carea' id='block_1_16' title="bbox 327 2355 1551 4571">
    <p class='ocr_par' dir='ltr' id='par_1_16' title="bbox 327 2355 1551 4571">
     <span class='ocr_line' id='line_1_17' title="bbox 388 2355 1542 2427; baseline 0.002 -16"><span class='ocrx_word' id='word_1_72' title='bbox 388 2358 748 2417; x_wconf 82' lang='lat' dir='ltr'><strong>recensentur</strong></span> <span class='ocrx_word' id='word_1_73' title='bbox 784 2355 1007 2411; x_wconf 79' lang='lat' dir='ltr'><strong>diversa</strong></span> <span class='ocrx_word' id='word_1_74' title='bbox 1043 2358 1436 2427; x_wconf 78' lang='lat' dir='ltr'><strong>gymnicorum</strong></span> <span class='ocrx_word' id='word_1_75' title='bbox 1459 2360 1542 2413; x_wconf 88' lang='lat' dir='ltr'><strong>lu·</strong></span> 
     </span>
     <span class='ocr_line' id='line_1_18' title="bbox 390 2429 1544 2512; baseline 0.001 -30"><span class='ocrx_word' id='word_1_76' title='bbox 390 2429 592 2512; x_wconf 56' lang='lat' dir='ltr'><strong>florum</strong></span> <span class='ocrx_word' id='word_1_77' title='bbox 605 2444 826 2499; x_wconf 87' lang='lat' dir='ltr'><strong>genera,</strong></span> <span class='ocrx_word' id='word_1_78' title='bbox 839 2429 1042 2497; x_wconf 85' lang='lat' dir='ltr'><strong>quibus</strong></span> <span class='ocrx_word' id='word_1_79' title='bbox 1061 2429 1290 2485; x_wconf 86' lang='lat' dir='ltr'><strong>iuvenes</strong></span> <span class='ocrx_word' id='word_1_80' title='bbox 1305 2430 1544 2485; x_wconf 87' lang='lat' dir='ltr'><strong>Romani</strong></span> 
     </span>
     <span class='ocr_line' id='line_1_19' title="bbox 390 2500 1544 2644; baseline 0.002 -19"><span class='ocrx_word' id='word_1_81' title='bbox 390 2500 1544 2644; x_wconf 47' lang='lat' dir='ltr'><strong>{3022123315331102322223{mutas}</strong></span> 
     </span>
     <span class='ocr_line' id='line_1_20' title="bbox 393 2642 1544 2713; baseline 0.001 -16"><span class='ocrx_word' id='word_1_82' title='bbox 393 2642 744 2711; x_wconf 77' lang='lat' dir='ltr'><strong>asperrimis:</strong></span> <span class='ocrx_word' id='word_1_83' title='bbox 783 2642 936 2697; x_wconf 87' lang='lat' dir='ltr'><strong>dicta</strong></span> <span class='ocrx_word' id='word_1_84' title='bbox 970 2648 1156 2698; x_wconf 84' lang='lat' dir='ltr'><strong>autem</strong></span> <span class='ocrx_word' id='word_1_85' title='bbox 1184 2644 1380 2713; x_wconf 85' lang='lat' dir='ltr'><strong>lupata</strong></span> <span class='ocrx_word' id='word_1_86' title='bbox 1405 2664 1438 2699; x_wconf 90' lang='lat' dir='ltr'><strong>a</strong></span> <span class='ocrx_word' id='word_1_87' title='bbox 1463 2646 1544 2698; x_wconf 91' lang='lat' dir='ltr'><strong>lu-</strong></span> 
     </span>
     <span class='ocr_line' id='line_1_21' title="bbox 393 2714 1544 2783; baseline 0.002 -16"><span class='ocrx_word' id='word_1_88' title='bbox 393 2714 540 2783; x_wconf 87' lang='lat' dir='ltr'><strong>pinis</strong></span> <span class='ocrx_word' id='word_1_89' title='bbox 563 2714 842 2781; x_wconf 74' lang='lat' dir='ltr'><strong>dentibu8‚</strong></span> <span class='ocrx_word' id='word_1_90' title='bbox 870 2732 1006 2783; x_wconf 91' lang='lat' dir='ltr'><strong>quos</strong></span> <span class='ocrx_word' id='word_1_91' title='bbox 1037 2714 1219 2769; x_wconf 82' lang='lat' dir='ltr'><strong>forma</strong></span> <span class='ocrx_word' id='word_1_92' title='bbox 1247 2716 1544 2771; x_wconf 87' lang='lat' dir='ltr'><strong>imitaban-</strong></span> 
     </span>
     <span class='ocr_line' id='line_1_22' title="bbox 387 2784 1542 2857; baseline 0.001 -16"><span class='ocrx_word' id='word_1_93' title='bbox 387 2792 570 2841; x_wconf 89' lang='lat' dir='ltr'><strong>tur.—-</strong></span> <span class='ocrx_word' id='word_1_94' title='bbox 581 2784 800 2842; x_wconf 73' lang='lat' dir='ltr'><strong>Gallica</strong></span> <span class='ocrx_word' id='word_1_95' title='bbox 813 2788 938 2854; x_wconf 84' lang='lat' dir='ltr'><strong>ora]</strong></span> <span class='ocrx_word' id='word_1_96' title='bbox 955 2786 1197 2841; x_wconf 83' lang='lat' dir='ltr'><strong>Gallicos</strong></span> <span class='ocrx_word' id='word_1_97' title='bbox 1211 2804 1382 2857; x_wconf 87' lang='lat' dir='ltr'><strong>equos</strong></span> <span class='ocrx_word' id='word_1_98' title='bbox 1397 2786 1542 2842; x_wconf 84' lang='lat' dir='ltr'><strong>fero-</strong></span> 
     </span>
     <span class='ocr_line' id='line_1_23' title="bbox 393 2857 1543 2925; baseline 0 -12"><span class='ocrx_word' id='word_1_99' title='bbox 393 2875 480 2913; x_wconf 83' lang='lat' dir='ltr'><strong>ces</strong></span> <span class='ocrx_word' id='word_1_100' title='bbox 517 2861 575 2911; x_wconf 87' lang='lat' dir='ltr'><strong>et</strong></span> <span class='ocrx_word' id='word_1_101' title='bbox 611 2857 830 2923; x_wconf 83' lang='lat' dir='ltr'><strong>celeres,</strong></span> <span class='ocrx_word' id='word_1_102' title='bbox 882 2874 1020 2925; x_wconf 87' lang='lat' dir='ltr'><strong>quos</strong></span> <span class='ocrx_word' id='word_1_103' title='bbox 1057 2860 1262 2913; x_wconf 89' lang='lat' dir='ltr'><strong>multos</strong></span> <span class='ocrx_word' id='word_1_104' title='bbox 1311 2876 1380 2913; x_wconf 84' lang='lat' dir='ltr'><strong>ex</strong></span> <span class='ocrx_word' id='word_1_105' title='bbox 1417 2859 1543 2913; x_wconf 90' lang='lat' dir='ltr'><strong>Gal-</strong></span> 
     </span>
     <span class='ocr_line' id='line_1_24' title="bbox 393 2927 1542 3001; baseline 0.003 -19"><span class='ocrx_word' id='word_1_106' title='bbox 393 2929 472 2983; x_wconf 86' lang='lat' dir='ltr'><strong>lia</strong></span> <span class='ocrx_word' id='word_1_107' title='bbox 506 2929 728 2998; x_wconf 81' lang='lat' dir='ltr'><strong>petiisse</strong></span> <span class='ocrx_word' id='word_1_108' title='bbox 754 2927 1036 2983; x_wconf 85' lang='lat' dir='ltr'><strong>Romanos</strong></span> <span class='ocrx_word' id='word_1_109' title='bbox 1074 2935 1309 2984; x_wconf 85' lang='lat' dir='ltr'><strong>constat.</strong></span> <span class='ocrx_word' id='word_1_110' title='bbox 1337 2960 1401 2970; x_wconf 91' lang='grc'><strong>-</strong></span> <span class='ocrx_word' id='word_1_111' title='bbox 1429 2930 1542 3001; x_wconf 76' lang='lat' dir='ltr'><strong>nec]</strong></span> 
     </span>
     <span class='ocr_line' id='line_1_25' title="bbox 396 3001 1547 3069; baseline 0.003 -15"><span class='ocrx_word' id='word_1_112' title='bbox 396 3001 549 3055; x_wconf 86' lang='lat' dir='ltr'><strong>Haec</strong></span> <span class='ocrx_word' id='word_1_113' title='bbox 600 3016 820 3068; x_wconf 88' lang='lat' dir='ltr'><strong>quoque</strong></span> <span class='ocrx_word' id='word_1_114' title='bbox 870 3001 1150 3069; x_wconf 86' lang='lat' dir='ltr'><strong>particula</strong></span> <span class='ocrx_word' id='word_1_115' title='bbox 1196 3008 1260 3055; x_wconf 90' lang='lat' dir='ltr'><strong>ut</strong></span> <span class='ocrx_word' id='word_1_116' title='bbox 1307 3020 1370 3056; x_wconf 90' lang='lat' dir='ltr'><strong>co</strong></span> <span class='ocrx_word' id='word_1_117' title='bbox 1453 3008 1547 3057; x_wconf 86' lang='lat' dir='ltr'><strong>ata</strong></span> 
     </span>
     <span class='ocr_line' id='line_1_26' title="bbox 395 3072 1544 3142; baseline 0.001 -15"><span class='ocrx_word' id='word_1_118' title='bbox 395 3076 445 3127; x_wconf 80' lang='lat' dir='ltr'><strong>et</strong></span> <span class='ocrx_word' id='word_1_119' title='bbox 499 3072 860 3141; x_wconf 80' lang='lat' dir='ltr'><strong>postponitur</strong></span> <span class='ocrx_word' id='word_1_120' title='bbox 915 3090 949 3125; x_wconf 83' lang='lat' dir='ltr'><strong>a</strong></span> <span class='ocrx_word' id='word_1_121' title='bbox 994 3074 1192 3142; x_wconf 84' lang='lat' dir='ltr'><strong>poetis,</strong></span> <span class='ocrx_word' id='word_1_122' title='bbox 1241 3073 1311 3127; x_wconf 86' lang='lat' dir='ltr'><strong>cf.</strong></span> <span class='ocrx_word' id='word_1_123' title='bbox 1403 3092 1544 3128; x_wconf 89' lang='lat' dir='ltr'><strong>arm.</strong></span> 
     </span>
     <span class='ocr_line' id='line_1_27' title="bbox 394 3143 1545 3212; baseline 0.002 -16"><span class='ocrx_word' id='word_1_124' title='bbox 394 3143 495 3211; x_wconf 86' lang='lat'><strong>111,</strong></span> <span class='ocrx_word' id='word_1_125' title='bbox 537 3144 618 3211; x_wconf 88' lang='grc'><strong>18,</strong></span> <span class='ocrx_word' id='word_1_126' title='bbox 651 3146 705 3196; x_wconf 81' lang='grc'><strong>6.</strong></span> <span class='ocrx_word' id='word_1_127' title='bbox 748 3143 845 3209; x_wconf 87' lang='lat' dir='ltr'><strong>IV,</strong></span> <span class='ocrx_word' id='word_1_128' title='bbox 881 3146 930 3208; x_wconf 82' lang='lat'><strong>5,</strong></span> <span class='ocrx_word' id='word_1_129' title='bbox 971 3147 1050 3198; x_wconf 86' lang='lat'><strong>14.</strong></span> <span class='ocrx_word' id='word_1_130' title='bbox 1082 3172 1149 3183; x_wconf 87' lang='lat'><em>-</em></span> <span class='ocrx_word' id='word_1_131' title='bbox 1175 3144 1402 3212; x_wconf 74' lang='lat' dir='ltr'><strong>olivum]</strong></span> <span class='ocrx_word' id='word_1_132' title='bbox 1435 3146 1545 3198; x_wconf 91' lang='lat' dir='ltr'><strong>Lu-</strong></span> 
     </span>
     <span class='ocr_line' id='line_1_28' title="bbox 393 3214 1546 3285; baseline 0.002 -16"><span class='ocrx_word' id='word_1_133' title='bbox 393 3216 602 3269; x_wconf 88' lang='lat' dir='ltr'><strong>ctaturi</strong></span> <span class='ocrx_word' id='word_1_134' title='bbox 648 3214 772 3269; x_wconf 93' lang='lat' dir='ltr'><strong>oleo</strong></span> <span class='ocrx_word' id='word_1_135' title='bbox 825 3215 1238 3285; x_wconf 82' lang='lat' dir='ltr'><strong>unguebantur,</strong></span> <span class='ocrx_word' id='word_1_136' title='bbox 1274 3233 1346 3271; x_wconf 89' lang='lat' dir='ltr'><strong>ne</strong></span> <span class='ocrx_word' id='word_1_137' title='bbox 1383 3217 1546 3271; x_wconf 87' lang='lat' dir='ltr'><strong>facile</strong></span> 
     </span>
     <span class='ocr_line' id='line_1_29' title="bbox 394 3286 1546 3355; baseline 0.003 -16"><span class='ocrx_word' id='word_1_138' title='bbox 394 3287 578 3340; x_wconf 89' lang='lat' dir='ltr'><strong>teneri</strong></span> <span class='ocrx_word' id='word_1_139' title='bbox 599 3290 824 3355; x_wconf 84' lang='lat' dir='ltr'><strong>possent</strong></span> <span class='ocrx_word' id='word_1_140' title='bbox 852 3286 922 3339; x_wconf 89' lang='lat' dir='ltr'><strong>ab</strong></span> <span class='ocrx_word' id='word_1_141' title='bbox 948 3286 1298 3341; x_wconf 85' lang='lat' dir='ltr'><strong>adversariis.</strong></span> <span class='ocrx_word' id='word_1_142' title='bbox 1323 3318 1388 3327; x_wconf 93' lang='lat'><strong>-—</strong></span> <span class='ocrx_word' id='word_1_143' title='bbox 1409 3286 1546 3343; x_wconf 77' lang='lat' dir='ltr'><strong>San·</strong></span> 
     </span>
     <span class='ocr_line' id='line_1_30' title="bbox 393 3356 1547 3427; baseline 0.003 -16"><span class='ocrx_word' id='word_1_144' title='bbox 393 3358 545 3427; x_wconf 70' lang='lat' dir='ltr'><strong>quin.</strong></span> <span class='ocrx_word' id='word_1_145' title='bbox 589 3356 784 3426; x_wconf 67' lang='lat' dir='ltr'><strong>viper]</strong></span> <span class='ocrx_word' id='word_1_146' title='bbox 837 3358 906 3411; x_wconf 86' lang='lat' dir='ltr'><strong>cf.</strong></span> <span class='ocrx_word' id='word_1_147' title='bbox 956 3358 1134 3427; x_wconf 83' lang='lat' dir='ltr'><strong>Epod.</strong></span> <span class='ocrx_word' id='word_1_148' title='bbox 1178 3361 1230 3427; x_wconf 81' lang='lat'><strong>3,</strong></span> <span class='ocrx_word' id='word_1_149' title='bbox 1281 3360 1329 3413; x_wconf 87' lang='lat'><strong>6.</strong></span> <span class='ocrx_word' id='word_1_150' title='bbox 1367 3388 1433 3399; x_wconf 90' lang='lat'>-</span> <span class='ocrx_word' id='word_1_151' title='bbox 1482 3362 1547 3414; x_wconf 80' lang='lat' dir='ltr'><strong>zi-</strong></span> 
     </span>
     <span class='ocr_line' id='line_1_31' title="bbox 395 3428 1549 3499; baseline 0.003 -16"><span class='ocrx_word' id='word_1_152' title='bbox 395 3428 526 3483; x_wconf 79' lang='lat' dir='ltr'><strong>vida</strong></span> <span class='ocrx_word' id='word_1_153' title='bbox 561 3428 733 3482; x_wconf 81' lang='lat' dir='ltr'><strong>armis</strong></span> <span class='ocrx_word' id='word_1_154' title='bbox 769 3429 1044 3499; x_wconf 77' lang='lat' dir='ltr'><strong>bracchia]</strong></span> <span class='ocrx_word' id='word_1_155' title='bbox 1084 3430 1162 3484; x_wconf 90' lang='lat' dir='ltr'><strong>Ut</strong></span> <span class='ocrx_word' id='word_1_156' title='bbox 1202 3448 1366 3485; x_wconf 87' lang='lat' dir='ltr'><strong>crura</strong></span> <span class='ocrx_word' id='word_1_157' title='bbox 1403 3449 1549 3485; x_wconf 89' lang='lat' dir='ltr'><strong>com·</strong></span> 
     </span>
     <span class='ocr_line' id='line_1_32' title="bbox 397 3499 1550 3570; baseline 0.005 -17"><span class='ocrx_word' id='word_1_158' title='bbox 397 3499 650 3570; x_wconf 76' lang='lat' dir='ltr'><strong>pedibu8‚</strong></span> <span class='ocrx_word' id='word_1_159' title='bbox 699 3500 963 3554; x_wconf 88' lang='lat' dir='ltr'><strong>bracchia</strong></span> <span class='ocrx_word' id='word_1_160' title='bbox 1001 3501 1209 3556; x_wconf 88' lang='lat' dir='ltr'><strong>catenis</strong></span> <span class='ocrx_word' id='word_1_161' title='bbox 1255 3502 1550 3568; x_wconf 82' lang='lat' dir='ltr'><strong>livescunt,</strong></span> 
     </span>
     <span class='ocr_line' id='line_1_33' title="bbox 397 3572 1550 3645; baseline 0.004 -21"><span class='ocrx_word' id='word_1_162' title='bbox 397 3572 477 3625; x_wconf 83' lang='lat' dir='ltr'><strong>sic</strong></span> <span class='ocrx_word' id='word_1_163' title='bbox 513 3588 815 3637; x_wconf 90' lang='lat' dir='ltr'><strong>armorum,</strong></span> <span class='ocrx_word' id='word_1_164' title='bbox 867 3572 1006 3626; x_wconf 82' lang='lat' dir='ltr'><strong>disci</strong></span> <span class='ocrx_word' id='word_1_165' title='bbox 1057 3578 1114 3627; x_wconf 88' lang='lat' dir='ltr'><strong>et</strong></span> <span class='ocrx_word' id='word_1_166' title='bbox 1160 3575 1345 3642; x_wconf 86' lang='lat' dir='ltr'><strong>iaculi,</strong></span> <span class='ocrx_word' id='word_1_167' title='bbox 1386 3577 1550 3645; x_wconf 88' lang='lat' dir='ltr'><strong>gravi</strong></span> 
     </span>
     <span class='ocr_line' id='line_1_34' title="bbox 397 3642 1549 3712; baseline 0.003 -16"><span class='ocrx_word' id='word_1_168' title='bbox 397 3643 642 3712; x_wconf 86' lang='lat' dir='ltr'><strong>pondere</strong></span> <span class='ocrx_word' id='word_1_169' title='bbox 660 3642 924 3697; x_wconf 87' lang='lat' dir='ltr'><strong>bracchia</strong></span> <span class='ocrx_word' id='word_1_170' title='bbox 945 3644 1146 3699; x_wconf 82' lang='lat' dir='ltr'><strong>lividas</strong></span> <span class='ocrx_word' id='word_1_171' title='bbox 1171 3646 1416 3701; x_wconf 84' lang='lat' dir='ltr'><strong>maculas</strong></span> <span class='ocrx_word' id='word_1_172' title='bbox 1437 3652 1549 3701; x_wconf 85' lang='lat' dir='ltr'><strong>tra·</strong></span> 
     </span>
     <span class='ocr_line' id='line_1_35' title="bbox 397 3714 1549 3788; baseline 0.003 -21"><span class='ocrx_word' id='word_1_173' title='bbox 397 3715 552 3768; x_wconf 87' lang='lat' dir='ltr'><strong>hunt.</strong></span> <span class='ocrx_word' id='word_1_174' title='bbox 593 3742 657 3752; x_wconf 91' lang='lat'><strong>·—-</strong></span> <span class='ocrx_word' id='word_1_175' title='bbox 697 3714 909 3767; x_wconf 77' lang='lat' dir='ltr'><strong>Filium</strong></span> <span class='ocrx_word' id='word_1_176' title='bbox 951 3715 1214 3788; x_wconf 63' lang='lat' dir='ltr'><strong>madia]</strong></span> <span class='ocrx_word' id='word_1_177' title='bbox 1251 3718 1549 3785; x_wconf 83' lang='lat' dir='ltr'><strong>Achillem,</strong></span> 
     </span>
     <span class='ocr_line' id='line_1_36' title="bbox 399 3786 1546 3855; baseline 0.005 -17"><span class='ocrx_word' id='word_1_178' title='bbox 399 3786 494 3855; x_wconf 91' lang='lat' dir='ltr'><strong>qui</strong></span> <span class='ocrx_word' id='word_1_179' title='bbox 533 3804 566 3839; x_wconf 88' lang='lat' dir='ltr'><strong>a</strong></span> <span class='ocrx_word' id='word_1_180' title='bbox 601 3789 798 3853; x_wconf 87' lang='lat' dir='ltr'><strong>matre,</strong></span> <span class='ocrx_word' id='word_1_181' title='bbox 815 3786 892 3840; x_wconf 67' lang='lat' dir='ltr'><strong>‘ne</strong></span> <span class='ocrx_word' id='word_1_182' title='bbox 911 3788 984 3841; x_wconf 88' lang='lat' dir='ltr'><strong>ad</strong></span> <span class='ocrx_word' id='word_1_183' title='bbox 1006 3786 1310 3843; x_wconf 87' lang='lat' dir='ltr'><strong>Troianum</strong></span> <span class='ocrx_word' id='word_1_184' title='bbox 1338 3790 1546 3844; x_wconf 88' lang='lat' dir='ltr'><strong>bellum</strong></span> 
     </span>
     <span class='ocr_line' id='line_1_37' title="bbox 398 3856 1549 3929; baseline 0.004 -19"><span class='ocrx_word' id='word_1_185' title='bbox 398 3856 682 3927; x_wconf 86' lang='lat' dir='ltr'><strong>profectus</strong></span> <span class='ocrx_word' id='word_1_186' title='bbox 729 3858 957 3927; x_wconf 89' lang='lat' dir='ltr'><strong>periret,</strong></span> <span class='ocrx_word' id='word_1_187' title='bbox 1004 3860 1063 3912; x_wconf 91' lang='lat' dir='ltr'><strong>in</strong></span> <span class='ocrx_word' id='word_1_188' title='bbox 1122 3860 1352 3929; x_wconf 85' lang='lat' dir='ltr'><strong>Scyrum</strong></span> <span class='ocrx_word' id='word_1_189' title='bbox 1400 3861 1549 3915; x_wconf 86' lang='lat' dir='ltr'><strong>insu-</strong></span> 
     </span>
     <span class='ocr_line' id='line_1_38' title="bbox 399 3928 1549 4002; baseline 0.003 -18"><span class='ocrx_word' id='word_1_190' title='bbox 399 3930 513 3984; x_wconf 88' lang='lat' dir='ltr'><strong>lam</strong></span> <span class='ocrx_word' id='word_1_191' title='bbox 559 3928 632 3982; x_wconf 88' lang='lat' dir='ltr'><strong>ad</strong></span> <span class='ocrx_word' id='word_1_192' title='bbox 681 3928 1050 3996; x_wconf 84' lang='lat' dir='ltr'><strong>Lycomedem</strong></span> <span class='ocrx_word' id='word_1_193' title='bbox 1100 3950 1292 4002; x_wconf 86' lang='lat' dir='ltr'><strong>regem</strong></span> <span class='ocrx_word' id='word_1_194' title='bbox 1351 3933 1549 3987; x_wconf 85' lang='lat' dir='ltr'><strong>missus</strong></span> 
     </span>
     <span class='ocr_line' id='line_1_39' title="bbox 399 4000 1551 4074; baseline 0.003 -20"><span class='ocrx_word' id='word_1_195' title='bbox 399 4004 500 4067; x_wconf 83' lang='lat' dir='ltr'><strong>est,</strong></span> <span class='ocrx_word' id='word_1_196' title='bbox 547 4000 645 4053; x_wconf 88' lang='lat' dir='ltr'><strong>ubi</strong></span> <span class='ocrx_word' id='word_1_197' title='bbox 691 4001 840 4055; x_wconf 89' lang='lat' dir='ltr'><strong>inter</strong></span> <span class='ocrx_word' id='word_1_198' title='bbox 883 4000 1027 4056; x_wconf 85' lang='lat' dir='ltr'><strong>filias</strong></span> <span class='ocrx_word' id='word_1_199' title='bbox 1083 4005 1233 4074; x_wconf 85' lang='lat' dir='ltr'><strong>regis</strong></span> <span class='ocrx_word' id='word_1_200' title='bbox 1287 4004 1551 4059; x_wconf 88' lang='lat' dir='ltr'><strong>muliebri</strong></span> 
     </span>
     <span class='ocr_line' id='line_1_40' title="bbox 403 4073 1547 4141; baseline 0.003 -16"><span class='ocrx_word' id='word_1_201' title='bbox 403 4076 552 4126; x_wconf 87' lang='lat' dir='ltr'><strong>veste</strong></span> <span class='ocrx_word' id='word_1_202' title='bbox 591 4076 766 4125; x_wconf 84' lang='lat' dir='ltr'><strong>tectus</strong></span> <span class='ocrx_word' id='word_1_203' title='bbox 804 4073 989 4141; x_wconf 88' lang='lat' dir='ltr'><strong>latuit,</strong></span> <span class='ocrx_word' id='word_1_204' title='bbox 1013 4074 1188 4129; x_wconf 86' lang='lat' dir='ltr'><strong>donec</strong></span> <span class='ocrx_word' id='word_1_205' title='bbox 1213 4075 1392 4131; x_wconf 81' lang='lat' dir='ltr'><strong>Ulixis</strong></span> <span class='ocrx_word' id='word_1_206' title='bbox 1420 4075 1547 4129; x_wconf 90' lang='lat' dir='ltr'><strong>dolo</strong></span> 
     </span>
     <span class='ocr_line' id='line_1_41' title="bbox 327 4143 1550 4216; baseline 0.001 -18"><span class='ocrx_word' id='word_1_207' title='bbox 327 4168 336 4175; x_wconf 91' lang='lat'><strong>·</strong></span> <span class='ocrx_word' id='word_1_208' title='bbox 401 4148 595 4212; x_wconf 89' lang='lat' dir='ltr'><strong>captus</strong></span> <span class='ocrx_word' id='word_1_209' title='bbox 633 4143 818 4197; x_wconf 82' lang='lat' dir='ltr'><strong>virum</strong></span> <span class='ocrx_word' id='word_1_210' title='bbox 847 4162 905 4198; x_wconf 85' lang='lat' dir='ltr'><strong>se</strong></span> <span class='ocrx_word' id='word_1_211' title='bbox 931 4163 1048 4200; x_wconf 88' lang='lat' dir='ltr'><strong>esse</strong></span> <span class='ocrx_word' id='word_1_212' title='bbox 1073 4147 1343 4216; x_wconf 86' lang='lat' dir='ltr'><strong>prodidit.</strong></span> <span class='ocrx_word' id='word_1_213' title='bbox 1383 4146 1550 4202; x_wconf 85' lang='lat' dir='ltr'><strong>ovid.</strong></span> 
     </span>
     <span class='ocr_line' id='line_1_42' title="bbox 399 4215 1549 4286; baseline 0.002 -17"><span class='ocrx_word' id='word_1_214' title='bbox 399 4215 535 4269; x_wconf 86' lang='lat' dir='ltr'><strong>Met.</strong></span> <span class='ocrx_word' id='word_1_215' title='bbox 573 4215 725 4275; x_wconf 83' lang='lat' dir='ltr'><strong>XIII,</strong></span> <span class='ocrx_word' id='word_1_216' title='bbox 767 4217 866 4269; x_wconf 81' lang='lat'><strong>163</strong></span> <span class='ocrx_word' id='word_1_217' title='bbox 905 4234 1023 4285; x_wconf 85' lang='lat' dir='ltr'><strong>sqq.</strong></span> <span class='ocrx_word' id='word_1_218' title='bbox 1085 4248 1148 4257; x_wconf 80' lang='lat'><em>-</em></span> <span class='ocrx_word' id='word_1_219' title='bbox 1199 4217 1410 4286; x_wconf 78' lang='lat' dir='ltr'><strong>Lycias</strong></span> <span class='ocrx_word' id='word_1_220' title='bbox 1464 4234 1549 4273; x_wconf 82' lang='lat' dir='ltr'><strong>ca-</strong></span> 
     </span>
     <span class='ocr_line' id='line_1_43' title="bbox 400 4286 1549 4354; baseline 0.001 -12"><span class='ocrx_word' id='word_1_221' title='bbox 400 4287 596 4353; x_wconf 71' lang='lat' dir='ltr'><strong>tervas]</strong></span> <span class='ocrx_word' id='word_1_222' title='bbox 631 4286 790 4354; x_wconf 80' lang='lat' dir='ltr'><strong>Lycii</strong></span> <span class='ocrx_word' id='word_1_223' title='bbox 829 4287 1200 4343; x_wconf 84' lang='lat' dir='ltr'><strong>Troianorum</strong></span> <span class='ocrx_word' id='word_1_224' title='bbox 1246 4290 1381 4343; x_wconf 87' lang='lat' dir='ltr'><strong>socii</strong></span> <span class='ocrx_word' id='word_1_225' title='bbox 1430 4289 1549 4344; x_wconf 86' lang='lat' dir='ltr'><strong>fue-</strong></span> 
     </span>
     <span class='ocr_line' id='line_1_44' title="bbox 400 4358 1546 4429; baseline 0.004 -18"><span class='ocrx_word' id='word_1_226' title='bbox 400 4364 534 4413; x_wconf 88' lang='lat' dir='ltr'><strong>runt</strong></span> <span class='ocrx_word' id='word_1_227' title='bbox 585 4358 905 4429; x_wconf 84' lang='lat' dir='ltr'><strong>Sarpedone</strong></span> <span class='ocrx_word' id='word_1_228' title='bbox 949 4365 1007 4415; x_wconf 90' lang='lat' dir='ltr'><strong>et</strong></span> <span class='ocrx_word' id='word_1_229' title='bbox 1044 4360 1250 4415; x_wconf 87' lang='lat' dir='ltr'><strong>Glauco</strong></span> <span class='ocrx_word' id='word_1_230' title='bbox 1301 4360 1546 4417; x_wconf 86' lang='lat' dir='ltr'><strong>ducibus.</strong></span> 
     </span>
     <span class='ocr_line' id='line_1_45' title="bbox 399 4430 1551 4501; baseline 0.004 -18"><span class='ocrx_word' id='word_1_231' title='bbox 399 4430 564 4484; x_wconf 87' lang='lat' dir='ltr'><strong>Hom.</strong></span> <span class='ocrx_word' id='word_1_232' title='bbox 612 4430 678 4483; x_wconf 91' lang='lat' dir='ltr'><strong>Il.</strong></span> <span class='ocrx_word' id='word_1_233' title='bbox 727 4430 797 4497; x_wconf 83' lang='grc' dir='ltr'><strong>ΙΙ,</strong></span> <span class='ocrx_word' id='word_1_234' title='bbox 835 4432 958 4486; x_wconf 86' lang='grc'><strong>876.</strong></span> <span class='ocrx_word' id='word_1_235' title='bbox 1033 4431 1118 4486; x_wconf 90' lang='lat' dir='ltr'><strong>De</strong></span> <span class='ocrx_word' id='word_1_236' title='bbox 1169 4432 1448 4501; x_wconf 87' lang='lat' dir='ltr'><strong>particula</strong></span> <span class='ocrx_word' id='word_1_237' title='bbox 1500 4439 1551 4489; x_wconf 83' lang='lat' dir='ltr'><strong>et</strong></span> 
     </span>
     <span class='ocr_line' id='line_1_46' title="bbox 401 4500 926 4571; baseline 0.004 -16"><span class='ocrx_word' id='word_1_238' title='bbox 401 4501 530 4557; x_wconf 83' lang='lat' dir='ltr'><strong>vide</strong></span> <span class='ocrx_word' id='word_1_239' title='bbox 565 4500 638 4557; x_wconf 86' lang='lat' dir='ltr'><strong>ad</strong></span> <span class='ocrx_word' id='word_1_240' title='bbox 675 4502 718 4570; x_wconf 88' lang='lat' dir='ltr'><strong>I,</strong></span> <span class='ocrx_word' id='word_1_241' title='bbox 753 4506 805 4571; x_wconf 85' lang='lat'><strong>3,</strong></span> <span class='ocrx_word' id='word_1_242' title='bbox 847 4504 926 4557; x_wconf 89' lang='grc'><strong>19.</strong></span> 
     </span>
    </p>
   </div>
   <div class='ocr_carea' id='block_1_17' title="bbox 1640 2356 2809 4571">
    <p class='ocr_par' dir='ltr' id='par_1_17' title="bbox 2002 2356 2421 2412">
     <span class='ocr_line' id='line_1_47' title="bbox 2002 2356 2421 2412; baseline -0.005 0"><span class='ocrx_word' id='word_1_243' title='bbox 2002 2358 2289 2412; x_wconf 78' lang='lat' dir='ltr'><strong>Carmen</strong></span> <span class='ocrx_word' id='word_1_244' title='bbox 2325 2356 2421 2411; x_wconf 90' lang='lat' dir='ltr'><strong>IX.</strong></span> 
     </span>
    </p>

    <p class='ocr_par' dir='ltr' id='par_1_18' title="bbox 1640 2428 2809 4571">
     <span class='ocr_line' id='line_1_48' title="bbox 1712 2428 2795 2484; baseline -0.002 0"><span class='ocrx_word' id='word_1_245' title='bbox 1712 2429 1861 2484; x_wconf 90' lang='lat' dir='ltr'><strong>Olim</strong></span> <span class='ocrx_word' id='word_1_246' title='bbox 1908 2447 2033 2484; x_wconf 87' lang='lat' dir='ltr'><strong>cum</strong></span> <span class='ocrx_word' id='word_1_247' title='bbox 2066 2429 2335 2483; x_wconf 82' lang='lat' dir='ltr'><strong>Horatius</strong></span> <span class='ocrx_word' id='word_1_248' title='bbox 2371 2445 2496 2482; x_wconf 89' lang='lat' dir='ltr'><strong>cum</strong></span> <span class='ocrx_word' id='word_1_249' title='bbox 2536 2428 2662 2483; x_wconf 88' lang='lat' dir='ltr'><strong>aliis</strong></span> <span class='ocrx_word' id='word_1_250' title='bbox 2700 2446 2795 2482; x_wconf 87' lang='lat' dir='ltr'><strong>ae·</strong></span> 
     </span>
     <span class='ocr_line' id='line_1_49' title="bbox 1642 2500 2790 2556; baseline -0.002 -1"><span class='ocrx_word' id='word_1_251' title='bbox 1642 2504 1759 2555; x_wconf 84' lang='lat' dir='ltr'><strong>tate</strong></span> <span class='ocrx_word' id='word_1_252' title='bbox 1804 2506 1862 2555; x_wconf 86' lang='lat' dir='ltr'><strong>et</strong></span> <span class='ocrx_word' id='word_1_253' title='bbox 1909 2501 2093 2556; x_wconf 86' lang='lat' dir='ltr'><strong>animo</strong></span> <span class='ocrx_word' id='word_1_254' title='bbox 2147 2500 2457 2555; x_wconf 86' lang='lat' dir='ltr'><strong>coniunctis</strong></span> <span class='ocrx_word' id='word_1_255' title='bbox 2494 2500 2790 2554; x_wconf 82' lang='lat' dir='ltr'><strong>iuvenibus</strong></span> 
     </span>
     <span class='ocr_line' id='line_1_50' title="bbox 1640 2572 2796 2641; baseline 0 -15"><span class='ocrx_word' id='word_1_256' title='bbox 1640 2572 1901 2627; x_wconf 90' lang='lat' dir='ltr'><strong>hilariter</strong></span> <span class='ocrx_word' id='word_1_257' title='bbox 1962 2573 2315 2641; x_wconf 81' lang='lat' dir='ltr'><strong>epularetur,</strong></span> <span class='ocrx_word' id='word_1_258' title='bbox 2378 2572 2527 2626; x_wconf 83' lang='lat' dir='ltr'><strong>forte</strong></span> <span class='ocrx_word' id='word_1_259' title='bbox 2583 2572 2796 2626; x_wconf 83' lang='lat' dir='ltr'><strong>factum</strong></span> 
     </span>
     <span class='ocr_line' id='line_1_51' title="bbox 1642 2642 2799 2714; baseline -0.002 -17"><span class='ocrx_word' id='word_1_260' title='bbox 1642 2662 1758 2698; x_wconf 84' lang='lat' dir='ltr'><strong>esse</strong></span> <span class='ocrx_word' id='word_1_261' title='bbox 1814 2644 2065 2706; x_wconf 81' lang='lat' dir='ltr'><strong>videtur,</strong></span> <span class='ocrx_word' id='word_1_262' title='bbox 2130 2647 2196 2697; x_wconf 89' lang='lat' dir='ltr'><strong>ut</strong></span> <span class='ocrx_word' id='word_1_263' title='bbox 2265 2648 2463 2714; x_wconf 79' lang='lat' dir='ltr'><strong>gratae</strong></span> <span class='ocrx_word' id='word_1_264' title='bbox 2520 2642 2799 2698; x_wconf 77' lang='lat' dir='ltr'><strong>sodalium</strong></span> 
     </span>
     <span class='ocr_line' id='line_1_52' title="bbox 1641 2714 2795 2787; baseline -0.001 -18"><span class='ocrx_word' id='word_1_265' title='bbox 1641 2732 1825 2787; x_wconf 83' lang='lat' dir='ltr'><strong>nugae</strong></span> <span class='ocrx_word' id='word_1_266' title='bbox 1863 2721 1920 2769; x_wconf 87' lang='lat' dir='ltr'><strong>et</strong></span> <span class='ocrx_word' id='word_1_267' title='bbox 1956 2715 2238 2783; x_wconf 88' lang='lat' dir='ltr'><strong>colloquia</strong></span> <span class='ocrx_word' id='word_1_268' title='bbox 2276 2714 2348 2769; x_wconf 87' lang='lat' dir='ltr'><strong>ad</strong></span> <span class='ocrx_word' id='word_1_269' title='bbox 2382 2715 2555 2769; x_wconf 81' lang='lat' dir='ltr'><strong>serias</strong></span> <span class='ocrx_word' id='word_1_270' title='bbox 2588 2732 2695 2783; x_wconf 86' lang='lat' dir='ltr'><strong>res,</strong></span> <span class='ocrx_word' id='word_1_271' title='bbox 2720 2714 2795 2769; x_wconf 85' lang='lat' dir='ltr'><strong>ad</strong></span> 
     </span>
     <span class='ocr_line' id='line_1_53' title="bbox 1642 2786 2799 2856; baseline 0 -15"><span class='ocrx_word' id='word_1_272' title='bbox 1642 2788 1724 2841; x_wconf 88' lang='lat' dir='ltr'><strong>rei</strong></span> <span class='ocrx_word' id='word_1_273' title='bbox 1761 2788 2019 2856; x_wconf 87' lang='lat' dir='ltr'><strong>publicae</strong></span> <span class='ocrx_word' id='word_1_274' title='bbox 2055 2788 2276 2840; x_wconf 78' lang='lat' dir='ltr'><strong>tristem</strong></span> <span class='ocrx_word' id='word_1_275' title='bbox 2318 2786 2701 2840; x_wconf 82' lang='lat' dir='ltr'><strong>condicionem</strong></span> <span class='ocrx_word' id='word_1_276' title='bbox 2738 2792 2799 2841; x_wconf 85' lang='lat' dir='ltr'><strong>et</strong></span> 
     </span>
     <span class='ocr_line' id='line_1_54' title="bbox 1644 2858 2797 2913; baseline -0.001 -1"><span class='ocrx_word' id='word_1_277' title='bbox 1644 2858 1716 2913; x_wconf 83' lang='lat' dir='ltr'><strong>ad</strong></span> <span class='ocrx_word' id='word_1_278' title='bbox 1766 2858 2085 2913; x_wconf 85' lang='lat' dir='ltr'><strong>futurarum</strong></span> <span class='ocrx_word' id='word_1_279' title='bbox 2140 2874 2330 2911; x_wconf 89' lang='lat' dir='ltr'><strong>rerum</strong></span> <span class='ocrx_word' id='word_1_280' title='bbox 2382 2858 2645 2911; x_wconf 84' lang='lat' dir='ltr'><strong>miseram</strong></span> <span class='ocrx_word' id='word_1_281' title='bbox 2702 2874 2797 2911; x_wconf 81' lang='lat' dir='ltr'><strong>ex·-</strong></span> 
     </span>
     <span class='ocr_line' id='line_1_55' title="bbox 1644 2928 2798 3000; baseline 0 -17"><span class='ocrx_word' id='word_1_282' title='bbox 1644 2931 2043 3000; x_wconf 71' lang='lat' dir='ltr'><strong>spectationem</strong></span> <span class='ocrx_word' id='word_1_283' title='bbox 2082 2930 2427 2983; x_wconf 83' lang='lat' dir='ltr'><strong>aberrarent.</strong></span> <span class='ocrx_word' id='word_1_284' title='bbox 2467 2928 2629 2996; x_wconf 83' lang='lat' dir='ltr'><strong>Quod</strong></span> <span class='ocrx_word' id='word_1_285' title='bbox 2668 2946 2798 2984; x_wconf 84' lang='lat' dir='ltr'><strong>cum</strong></span> 
     </span>
     <span class='ocr_line' id='line_1_56' title="bbox 1644 3000 2800 3073; baseline 0 -18"><span class='ocrx_word' id='word_1_286' title='bbox 1644 3018 1809 3073; x_wconf 87' lang='lat' dir='ltr'><strong>aegre</strong></span> <span class='ocrx_word' id='word_1_287' title='bbox 1848 3001 2023 3055; x_wconf 86' lang='lat' dir='ltr'><strong>ferret</strong></span> <span class='ocrx_word' id='word_1_288' title='bbox 2060 3000 2346 3069; x_wconf 86' lang='lat' dir='ltr'><strong>Horatius,</strong></span> <span class='ocrx_word' id='word_1_289' title='bbox 2384 3001 2572 3055; x_wconf 84' lang='lat' dir='ltr'><strong>subito</strong></span> <span class='ocrx_word' id='word_1_290' title='bbox 2610 3001 2800 3071; x_wconf 82' lang='lat' dir='ltr'><strong>surgit</strong></span> 
     </span>
     <span class='ocr_line' id='line_1_57' title="bbox 1646 3071 2798 3142; baseline -0.002 -15"><span class='ocrx_word' id='word_1_291' title='bbox 1646 3078 1703 3127; x_wconf 91' lang='lat' dir='ltr'><strong>et</strong></span> <span class='ocrx_word' id='word_1_292' title='bbox 1748 3073 2059 3142; x_wconf 88' lang='lat' dir='ltr'><strong>alloquitur</strong></span> <span class='ocrx_word' id='word_1_293' title='bbox 2094 3071 2509 3137; x_wconf 84' lang='lat' dir='ltr'><strong>Thaliarchum,</strong></span> <span class='ocrx_word' id='word_1_294' title='bbox 2558 3078 2625 3126; x_wconf 89' lang='lat' dir='ltr'><strong>ut</strong></span> <span class='ocrx_word' id='word_1_295' title='bbox 2675 3073 2798 3141; x_wconf 89' lang='lat' dir='ltr'><strong>qui-</strong></span> 
     </span>
     <span class='ocr_line' id='line_1_58' title="bbox 1642 3144 2798 3212; baseline 0 -15"><span class='ocrx_word' id='word_1_296' title='bbox 1642 3144 1747 3198; x_wconf 88' lang='lat' dir='ltr'><strong>bus</strong></span> <span class='ocrx_word' id='word_1_297' title='bbox 1784 3149 1919 3199; x_wconf 88' lang='lat' dir='ltr'><strong>tunc</strong></span> <span class='ocrx_word' id='word_1_298' title='bbox 1964 3144 2209 3197; x_wconf 83' lang='lat' dir='ltr'><strong>maximo</strong></span> <span class='ocrx_word' id='word_1_299' title='bbox 2258 3161 2395 3212; x_wconf 88' lang='lat' dir='ltr'><strong>opus</strong></span> <span class='ocrx_word' id='word_1_300' title='bbox 2444 3147 2590 3198; x_wconf 85' lang='lat' dir='ltr'><strong>esset</strong></span> <span class='ocrx_word' id='word_1_301' title='bbox 2626 3144 2798 3197; x_wconf 86' lang='lat' dir='ltr'><strong>rebus</strong></span> 
     </span>
     <span class='ocr_line' id='line_1_59' title="bbox 1644 3214 2799 3270; baseline 0 -1"><span class='ocrx_word' id='word_1_302' title='bbox 1644 3216 1915 3270; x_wconf 88' lang='lat' dir='ltr'><strong>maiorem</strong></span> <span class='ocrx_word' id='word_1_303' title='bbox 1953 3232 2145 3269; x_wconf 87' lang='lat' dir='ltr'><strong>curam</strong></span> <span class='ocrx_word' id='word_1_304' title='bbox 2168 3214 2483 3269; x_wconf 87' lang='lat' dir='ltr'><strong>adhiberet.</strong></span> <span class='ocrx_word' id='word_1_305' title='bbox 2523 3214 2639 3269; x_wconf 87' lang='lat' dir='ltr'><strong>Iam</strong></span> <span class='ocrx_word' id='word_1_306' title='bbox 2669 3232 2799 3269; x_wconf 89' lang='lat' dir='ltr'><strong>cum</strong></span> 
     </span>
     <span class='ocr_line' id='line_1_60' title="bbox 1644 3286 2803 3357; baseline -0.001 -16"><span class='ocrx_word' id='word_1_307' title='bbox 1644 3288 1857 3357; x_wconf 84' lang='lat' dir='ltr'><strong>frigore</strong></span> <span class='ocrx_word' id='word_1_308' title='bbox 1914 3286 2103 3341; x_wconf 86' lang='lat' dir='ltr'><strong>omnia</strong></span> <span class='ocrx_word' id='word_1_309' title='bbox 2168 3290 2458 3341; x_wconf 85' lang='lat' dir='ltr'><strong>contracta</strong></span> <span class='ocrx_word' id='word_1_310' title='bbox 2516 3286 2803 3357; x_wconf 86' lang='lat' dir='ltr'><strong>rigerent,</strong></span> 
     </span>
     <span class='ocr_line' id='line_1_61' title="bbox 1644 3358 2803 3427; baseline -0.001 -14"><span class='ocrx_word' id='word_1_311' title='bbox 1644 3376 1879 3427; x_wconf 88' lang='lat' dir='ltr'><strong>cumque</strong></span> <span class='ocrx_word' id='word_1_312' title='bbox 1924 3358 2190 3412; x_wconf 78' lang='lat' dir='ltr'><strong>convivae</strong></span> <span class='ocrx_word' id='word_1_313' title='bbox 2246 3358 2327 3411; x_wconf 85' lang='lat' dir='ltr'><strong>ita</strong></span> <span class='ocrx_word' id='word_1_314' title='bbox 2380 3358 2803 3427; x_wconf 86' lang='lat' dir='ltr'><strong>accumberent,</strong></span> 
     </span>
     <span class='ocr_line' id='line_1_62' title="bbox 1644 3428 2805 3484; baseline 0 -1"><span class='ocrx_word' id='word_1_315' title='bbox 1644 3436 1709 3484; x_wconf 90' lang='lat' dir='ltr'><strong>ut</strong></span> <span class='ocrx_word' id='word_1_316' title='bbox 1756 3448 1823 3483; x_wconf 86' lang='lat' dir='ltr'><strong>ex</strong></span> <span class='ocrx_word' id='word_1_317' title='bbox 1868 3430 2115 3483; x_wconf 87' lang='lat' dir='ltr'><strong>triclinio</strong></span> <span class='ocrx_word' id='word_1_318' title='bbox 2162 3428 2391 3483; x_wconf 87' lang='lat' dir='ltr'><strong>Soracte</strong></span> <span class='ocrx_word' id='word_1_319' title='bbox 2440 3434 2691 3484; x_wconf 88' lang='lat' dir='ltr'><strong>montem</strong></span> <span class='ocrx_word' id='word_1_320' title='bbox 2740 3430 2805 3483; x_wconf 88' lang='lat' dir='ltr'><strong>in</strong></span> 
     </span>
     <span class='ocr_line' id='line_1_63' title="bbox 1644 3500 2804 3570; baseline -0.001 -15"><span class='ocrx_word' id='word_1_321' title='bbox 1644 3502 1847 3555; x_wconf 87' lang='lat' dir='ltr'><strong>finibus</strong></span> <span class='ocrx_word' id='word_1_322' title='bbox 1873 3501 2223 3555; x_wconf 85' lang='lat' dir='ltr'><strong>Faliscorum</strong></span> <span class='ocrx_word' id='word_1_323' title='bbox 2248 3500 2483 3570; x_wconf 84' lang='lat' dir='ltr'><strong>(Vergil.</strong></span> <span class='ocrx_word' id='word_1_324' title='bbox 2509 3504 2649 3555; x_wconf 88' lang='lat' dir='ltr'><strong>Aen.</strong></span> <span class='ocrx_word' id='word_1_325' title='bbox 2677 3500 2804 3565; x_wconf 85' lang='lat' dir='ltr'><strong>vn,</strong></span> 
     </span>
     <span class='ocr_line' id='line_1_64' title="bbox 1646 3572 2799 3643; baseline 0.002 -17"><span class='ocrx_word' id='word_1_326' title='bbox 1646 3572 1774 3642; x_wconf 83' lang='lat'>696)</span> <span class='ocrx_word' id='word_1_327' title='bbox 1808 3574 1938 3626; x_wconf 83' lang='lat' dir='ltr'><strong>nive</strong></span> <span class='ocrx_word' id='word_1_328' title='bbox 1974 3578 2031 3627; x_wconf 90' lang='lat' dir='ltr'><strong>et</strong></span> <span class='ocrx_word' id='word_1_329' title='bbox 2066 3573 2245 3643; x_wconf 85' lang='lat' dir='ltr'><strong>glacie</strong></span> <span class='ocrx_word' id='word_1_330' title='bbox 2268 3576 2481 3627; x_wconf 86' lang='lat' dir='ltr'><strong>tectum</strong></span> <span class='ocrx_word' id='word_1_331' title='bbox 2514 3573 2799 3641; x_wconf 86' lang='lat' dir='ltr'><strong>conspice-</strong></span> 
     </span>
     <span class='ocr_line' id='line_1_65' title="bbox 1644 3644 2805 3712; baseline 0.001 -14"><span class='ocrx_word' id='word_1_332' title='bbox 1644 3648 1794 3699; x_wconf 89' lang='lat' dir='ltr'><strong>rent:</strong></span> <span class='ocrx_word' id='word_1_333' title='bbox 1859 3644 2067 3712; x_wconf 81' lang='lat' dir='ltr'><strong>„vides,</strong></span> <span class='ocrx_word' id='word_1_334' title='bbox 2126 3644 2330 3712; x_wconf 77' lang='lat' dir='ltr'><strong>inquit,</strong></span> <span class='ocrx_word' id='word_1_335' title='bbox 2391 3648 2602 3712; x_wconf 86' lang='lat' dir='ltr'><strong>quanto</strong></span> <span class='ocrx_word' id='word_1_336' title='bbox 2649 3662 2805 3699; x_wconf 83' lang='lat' dir='ltr'><strong>nunc</strong></span> 
     </span>
     <span class='ocr_line' id='line_1_66' title="bbox 1645 3715 2805 3787; baseline 0.002 -18"><span class='ocrx_word' id='word_1_337' title='bbox 1645 3716 1859 3786; x_wconf 83' lang='lat' dir='ltr'><strong>frigore</strong></span> <span class='ocrx_word' id='word_1_338' title='bbox 1906 3732 2250 3784; x_wconf 82' lang='lat' dir='ltr'><strong>premamur3</strong></span> <span class='ocrx_word' id='word_1_339' title='bbox 2309 3715 2441 3769; x_wconf 89' lang='lat' dir='ltr'><strong>huic</strong></span> <span class='ocrx_word' id='word_1_340' title='bbox 2486 3716 2665 3787; x_wconf 82' lang='lat' dir='ltr'><strong>igitur</strong></span> <span class='ocrx_word' id='word_1_341' title='bbox 2718 3718 2805 3771; x_wconf 88' lang='lat' dir='ltr'><strong>rei</strong></span> 
     </span>
     <span class='ocr_line' id='line_1_67' title="bbox 1646 3786 2801 3858; baseline 0.001 -17"><span class='ocrx_word' id='word_1_342' title='bbox 1646 3788 1800 3858; x_wconf 90' lang='lat' dir='ltr'><strong>ligno</strong></span> <span class='ocrx_word' id='word_1_343' title='bbox 1870 3788 2081 3858; x_wconf 85' lang='lat' dir='ltr'><strong>largius</strong></span> <span class='ocrx_word' id='word_1_344' title='bbox 2143 3786 2215 3840; x_wconf 85' lang='lat' dir='ltr'><strong>ad</strong></span> <span class='ocrx_word' id='word_1_345' title='bbox 2289 3787 2475 3841; x_wconf 88' lang='lat' dir='ltr'><strong>focum</strong></span> <span class='ocrx_word' id='word_1_346' title='bbox 2538 3788 2801 3857; x_wconf 83' lang='lat' dir='ltr'><strong>apposito</strong></span> 
     </span>
     <span class='ocr_line' id='line_1_68' title="bbox 1646 3858 2805 3927; baseline 0.001 -14"><span class='ocrx_word' id='word_1_347' title='bbox 1646 3858 1928 3927; x_wconf 82' lang='lat' dir='ltr'><strong>consulas3</strong></span> <span class='ocrx_word' id='word_1_348' title='bbox 1986 3858 2143 3912; x_wconf 82' lang='lat' dir='ltr'><strong>vides</strong></span> <span class='ocrx_word' id='word_1_349' title='bbox 2190 3858 2376 3926; x_wconf 79' lang='lat' dir='ltr'><strong>etiam,</strong></span> <span class='ocrx_word' id='word_1_350' title='bbox 2434 3876 2604 3926; x_wconf 87' lang='lat' dir='ltr'><strong>quam</strong></span> <span class='ocrx_word' id='word_1_351' title='bbox 2649 3876 2805 3914; x_wconf 89' lang='lat' dir='ltr'><strong>nunc</strong></span> 
     </span>
     <span class='ocr_line' id='line_1_69' title="bbox 1645 3929 2806 3985; baseline 0.001 -2"><span class='ocrx_word' id='word_1_352' title='bbox 1645 3930 1905 3984; x_wconf 85' lang='lat' dir='ltr'><strong>tristibus</strong></span> <span class='ocrx_word' id='word_1_353' title='bbox 1986 3929 2277 3983; x_wconf 81' lang='lat' dir='ltr'><strong>sententiis</strong></span> <span class='ocrx_word' id='word_1_354' title='bbox 2362 3930 2535 3983; x_wconf 88' lang='lat' dir='ltr'><strong>etiam</strong></span> <span class='ocrx_word' id='word_1_355' title='bbox 2626 3930 2806 3985; x_wconf 75' lang='lat' dir='ltr'><strong>animi</strong></span> 
     </span>
     <span class='ocr_line' id='line_1_70' title="bbox 1646 4001 2805 4073; baseline 0 -18"><span class='ocrx_word' id='word_1_356' title='bbox 1646 4003 2049 4073; x_wconf 81' lang='lat' dir='ltr'><strong>astringantur,</strong></span> <span class='ocrx_word' id='word_1_357' title='bbox 2077 4001 2277 4069; x_wconf 83' lang='lat' dir='ltr'><strong>quibus</strong></span> <span class='ocrx_word' id='word_1_358' title='bbox 2304 4016 2479 4069; x_wconf 86' lang='lat' dir='ltr'><strong>aeque</strong></span> <span class='ocrx_word' id='word_1_359' title='bbox 2500 4001 2805 4071; x_wconf 80' lang='lat' dir='ltr'><strong>providen-</strong></span> 
     </span>
     <span class='ocr_line' id='line_1_71' title="bbox 1645 4071 2806 4142; baseline 0.001 -15"><span class='ocrx_word' id='word_1_360' title='bbox 1645 4073 1780 4127; x_wconf 88' lang='lat' dir='ltr'><strong>dum</strong></span> <span class='ocrx_word' id='word_1_361' title='bbox 1817 4078 1901 4126; x_wconf 88' lang='lat' dir='ltr'><strong>est</strong></span> <span class='ocrx_word' id='word_1_362' title='bbox 1936 4072 2052 4126; x_wconf 85' lang='lat' dir='ltr'><strong>vini</strong></span> <span class='ocrx_word' id='word_1_363' title='bbox 2080 4073 2240 4142; x_wconf 88' lang='lat' dir='ltr'><strong>copia</strong></span> <span class='ocrx_word' id='word_1_364' title='bbox 2268 4071 2582 4127; x_wconf 82' lang='lat' dir='ltr'><strong>liberaliter</strong></span> <span class='ocrx_word' id='word_1_365' title='bbox 2618 4079 2806 4128; x_wconf 74' lang='lat' dir='ltr'><strong>aucta.</strong></span> 
     </span>
     <span class='ocr_line' id='line_1_72' title="bbox 1645 4144 2805 4214; baseline 0.001 -15"><span class='ocrx_word' id='word_1_366' title='bbox 1645 4144 1885 4214; x_wconf 88' lang='lat' dir='ltr'><strong>Reliqua</strong></span> <span class='ocrx_word' id='word_1_367' title='bbox 1939 4144 2126 4198; x_wconf 87' lang='lat' dir='ltr'><strong>omnia</strong></span> <span class='ocrx_word' id='word_1_368' title='bbox 2179 4144 2605 4213; x_wconf 87' lang='lat' dir='ltr'><strong>qualiacumque</strong></span> <span class='ocrx_word' id='word_1_369' title='bbox 2669 4151 2805 4200; x_wconf 86' lang='lat' dir='ltr'><strong>sunt</strong></span> 
     </span>
     <span class='ocr_line' id='line_1_73' title="bbox 1645 4214 2804 4285; baseline 0.002 -16"><span class='ocrx_word' id='word_1_370' title='bbox 1645 4234 1793 4270; x_wconf 90' lang='lat' dir='ltr'><strong>nunc</strong></span> <span class='ocrx_word' id='word_1_371' title='bbox 1828 4234 1929 4270; x_wconf 87' lang='lat' dir='ltr'><strong>nos</strong></span> <span class='ocrx_word' id='word_1_372' title='bbox 1965 4216 2271 4284; x_wconf 83' lang='lat' dir='ltr'><strong>mittamus,</strong></span> <span class='ocrx_word' id='word_1_373' title='bbox 2308 4214 2565 4270; x_wconf 84' lang='lat' dir='ltr'><strong>fruamur</strong></span> <span class='ocrx_word' id='word_1_374' title='bbox 2595 4217 2804 4285; x_wconf 87' lang='lat' dir='ltr'><strong>quibus</strong></span> 
     </span>
     <span class='ocr_line' id='line_1_74' title="bbox 1643 4287 2807 4358; baseline 0.001 -17"><span class='ocrx_word' id='word_1_375' title='bbox 1643 4305 1933 4358; x_wconf 85' lang='lat' dir='ltr'><strong>possumus</strong></span> <span class='ocrx_word' id='word_1_376' title='bbox 1978 4287 2112 4353; x_wconf 82' lang='lat' dir='ltr'><strong>frui,</strong></span> <span class='ocrx_word' id='word_1_377' title='bbox 2148 4288 2449 4356; x_wconf 87' lang='lat' dir='ltr'><strong>amoribus,</strong></span> <span class='ocrx_word' id='word_1_378' title='bbox 2486 4288 2807 4343; x_wconf 85' lang='lat' dir='ltr'><strong>saltationi-</strong></span> 
     </span>
     <span class='ocr_line' id='line_1_75' title="bbox 1643 4358 2805 4427; baseline 0 -13"><span class='ocrx_word' id='word_1_379' title='bbox 1643 4360 1765 4427; x_wconf 89' lang='lat' dir='ltr'><strong>bus,</strong></span> <span class='ocrx_word' id='word_1_380' title='bbox 1805 4359 2031 4413; x_wconf 83' lang='lat' dir='ltr'><strong>lusibus.</strong></span> <span class='ocrx_word' id='word_1_381' title='bbox 2070 4358 2213 4413; x_wconf 86' lang='lat' dir='ltr'><strong>Nam</strong></span> <span class='ocrx_word' id='word_1_382' title='bbox 2239 4376 2384 4427; x_wconf 87' lang='lat' dir='ltr'><strong>quae</strong></span> <span class='ocrx_word' id='word_1_383' title='bbox 2410 4358 2629 4427; x_wconf 88' lang='lat' dir='ltr'><strong>reliqua</strong></span> <span class='ocrx_word' id='word_1_384' title='bbox 2666 4366 2805 4415; x_wconf 81' lang='lat' dir='ltr'><strong>sunt</strong></span> 
     </span>
     <span class='ocr_line' id='line_1_76' title="bbox 1646 4430 2807 4486; baseline 0.001 -1"><span class='ocrx_word' id='word_1_385' title='bbox 1646 4431 1864 4486; x_wconf 87' lang='lat' dir='ltr'><strong>etiamsi</strong></span> <span class='ocrx_word' id='word_1_386' title='bbox 1904 4431 2092 4485; x_wconf 88' lang='lat' dir='ltr'><strong>omnia</strong></span> <span class='ocrx_word' id='word_1_387' title='bbox 2128 4448 2198 4485; x_wconf 84' lang='lat' dir='ltr'><strong>ex</strong></span> <span class='ocrx_word' id='word_1_388' title='bbox 2231 4430 2524 4485; x_wconf 73' lang='lat' dir='ltr'><strong>voluntate</strong></span> <span class='ocrx_word' id='word_1_389' title='bbox 2562 4448 2678 4485; x_wconf 89' lang='lat' dir='ltr'><strong>non</strong></span> <span class='ocrx_word' id='word_1_390' title='bbox 2718 4450 2807 4486; x_wconf 88' lang='lat' dir='ltr'><strong>ce-</strong></span> 
     </span>
     <span class='ocr_line' id='line_1_77' title="bbox 1646 4503 2809 4571; baseline -0.001 -13"><span class='ocrx_word' id='word_1_391' title='bbox 1646 4503 1801 4571; x_wconf 86' lang='lat' dir='ltr'><strong>dant,</strong></span> <span class='ocrx_word' id='word_1_392' title='bbox 1836 4507 2025 4557; x_wconf 86' lang='lat' dir='ltr'><strong>tamen</strong></span> <span class='ocrx_word' id='word_1_393' title='bbox 2074 4518 2161 4556; x_wconf 87' lang='lat' dir='ltr'><strong>res</strong></span> <span class='ocrx_word' id='word_1_394' title='bbox 2198 4506 2425 4556; x_wconf 86' lang='lat' dir='ltr'><strong>nostrae</strong></span> <span class='ocrx_word' id='word_1_395' title='bbox 2462 4518 2631 4556; x_wconf 82' lang='lat' dir='ltr'><strong>curae</strong></span> <span class='ocrx_word' id='word_1_396' title='bbox 2672 4509 2809 4558; x_wconf 86' lang='lat' dir='ltr'><strong>sunt</strong></span> 
     </span>
    </p>
   </div>
   <div class='ocr_carea' id='block_1_18' title="bbox 3057 1146 3062 1827">
    <p class='ocr_par' dir='ltr' id='par_1_19' title="bbox 3057 1146 3062 1827">
     <span class='ocr_line' id='line_1_78' title="bbox 3057 1146 3062 1827; baseline 0 0"><span class='ocrx_word' id='word_1_397' title='bbox 3057 1146 3062 1827; x_wconf 95' lang='lat' dir='ltr'><strong> </strong></span> 
     </span>
    </p>
   </div>
  </div>
 </body>
</html>
