3092 5059
805 232 966 299 LIB.
1007 234 1058 300 1.
1106 234 1355 302 GARM.
1401 235 1741 303 XXXVII.
1785 236 2098 304 XXXIII.

569 456 620 498 π
657 419 870 499 Ausa
913 436 990 499 et
1039 424 1418 500 iacentem
1471 426 1721 501 visere
1766 425 2063 525 regiam

654 546 896 622 Vultu
948 573 1245 645 sereno,
1300 548 1520 625 fortis
1576 564 1655 627 et
1702 576 2013 650 asperas

751 671 1114 749 Tractare
1165 686 1582 771 serpentes,
1634 688 1721 751 ut
1770 688 2021 753 atrum

854 795 1201 896 Corpore
1249 800 1727 877 combiberet
1767 827 2175 901 venenum,

654 946 1094 1025 Deliberata
1143 962 1396 1027 morte
1445 950 1803 1047 ferocior,

566 1106 620 1147 ao
654 1070 915 1149 Saevis
961 1073 1326 1150 Liburnis
1379 1050 1666 1151 scilicet
1715 1075 2068 1153 invidens

747 1197 1059 1274 Privata
1110 1197 1388 1275 deduci
1440 1201 1774 1297 superbo

847 1322 1022 1399 Non
1067 1322 1378 1401 humilis
1432 1326 1711 1402 mulier
1758 1326 2174 1430 triumpho,

997 1644 1379 1733 GARMEN
1442 1649 1895 1736 XXXVIII.

649 1814 997 1890 Persicos
1045 1812 1200 1907 odi,
1253 1839 1467 1911 puer,
1522 1828 1961 1913 apparatae,

648 1936 1075 2037 Displicent
1125 1962 1372 2013 nexae
1421 1938 1732 2037 philyra
1782 1966 2145 2038 coronae;

236 2230 350 2281 que
398 2211 648 2295 ignavia,
695 2230 806 2281 qua
849 2212 1110 2266 mulieres
1149 2218 1264 2267 esse
1309 2228 1392 2267 so-

1498 2230 1609 2284 σομ
1616 2233 1686 2267 αι
1741 2214 2091 2285 —privataJ
2156 2214 2315 2285 regia
2366 2212 2645 2286 dignitate

233 2286 376 2349 lent,
410 2282 708 2351 quominus
744 2301 971 2337 manum
1015 2283 1122 2337 sibi
1159 2282 1395 2338 inferret
1498 2285 1715 2339 amissa.

233 2355 534 2425 prohibita
572 2359 673 2423 est,
706 2372 887 2423 neque
933 2356 992 2408 in
1027 2360 1272 2409 remotas
1307 2372 1393 2409 re-

234 2428 440 2499 giones
491 2426 712 2497 fugiens
763 2427 940 2480 vitam
1001 2443 1224 2481 servare
1279 2430 1394 2481 stu-

235 2500 418 2554 duit.“
457 2497 602 2552 Nam
638 2497 866 2553 latentes
890 2514 1019 2552 orae
1054 2503 1184 2552 sunt
1214 2516 1391 2553 remo—

235 2574 350 2625 tae.
405 2598 480 2609 —-
532 2568 828 2639 reparavit]
879 2568 1141 2623 Orellius:
1202 2570 1392 2638 „Alias

235 2642 352 2696 sibi
391 2656 595 2711 parare
633 2644 692 2694 et
725 2641 944 2710 assequi
967 2642 1184 2695 studuit
1211 2658 1272 2695 re
1335 2659 1392 2695 o·

235 2730 336 2767 nes
374 2729 484 2781 pro
519 2712 652 2779 illis,
700 2728 837 2779 quas
890 2712 1225 2767 amittendae
1309 2730 1392 2767 ae-

235 2785 468 2853 stu-ique
519 2783 914 2883 relinquendas
969 2800 1088 2838 esee
1140 2784 1390 2845 videbat,

235 2871 526 2982 ‘siffiffi
543 2854 1391 2995 fflf‘ssssufjasszffssaffissss:

229 2998 567 3067 penetravit,
597 2998 902 3067 peraravit,
927 2999 1198 3062 remeavit,
1225 3014 1391 3053 recre-

235 3070 378 3133 avit,
410 3084 609 3138 rapere
643 3069 764 3129 ivit,
801 3069 957 3124 clade
983 3070 1186 3124 iterare
1216 3086 1386 3137 para-

237 3142 338 3209 vit,
361 3140 662 3195 sollicitare
681 3140 924 3208 paravit.
960 3139 1096 3194 Post
1119 3157 1248 3196 oras
1277 3158 1390 3194 non

235 3216 429 3281 potest
465 3211 600 3281 poni
636 3216 928 3280 punctum.
957 3212 1242 3267 absolutae
1267 3229 1388 3267 sen·

237 3284 456 3338 tentiae
483 3283 732 3353 signum3
771 3301 902 3337 nam
929 3301 1070 3352 quae
1093 3284 1388 3353 insequun-

239 3360 336 3409 tur
371 3370 516 3409 ma
553 3358 614 3409 et
655 3354 821 3421 fortis
855 3372 1086 3425 gravem
1137 3354 1391 3410 efficiunt

241 3425 571 3481 antithesin.
629 3425 737 3479 Per
771 3426 1073 3496 participia
1113 3432 1170 3481 et
1210 3426 1388 3481 adiec-

237 3498 362 3551 tiva
401 3498 836 3567 participiorum
873 3499 1090 3552 ratione
1118 3499 1390 3553 collocata

240 3570 314 3623 ad
349 3568 524 3623 finem
559 3570 922 3623 continuatur
960 3569 1159 3624 oratio,
1195 3599 1262 3609 —
1300 3586 1389 3624 as·

235 3642 428 3709 peras]
494 3657 636 3709 quae
688 3640 830 3695 bene
880 3658 992 3695 non
1044 3645 1388 3709 tractantur,

240 3728 380 3837 guas
433 3716 682 3768 tractare
734 3712 1109 3781 periculosum
1163 3719 1264 3767 est.
1314 3714 1387 3767 cs.

287 3800 425 3837 arm.
474 3783 520 3851 1,
569 3784 656 3843 23.
706 3783 1102 3852 9.111„210.
1151 3785 1386 3868 -tfero-

239 3854 376 3923 βίον]
431 3860 602 3909 antea
657 3854 770 3908 iam
815 3854 978 3909 fortis
1025 3860 1083 3909 et
1140 3856 1390 3910 animosa

240 3942 372 3979 cum
407 3931 570 3993 esset,
603 3930 903 3995 postquam
928 3926 1216 3981 obeundae
1241 3944 1387 3981 mor-

239 3998 320 4050 tis
361 3997 658 4051 consilium
707 3998 873 4067 cepit,
931 3997 1175 4053 ferocior
1217 3999 1387 4053 etiam

239 4067 398 4122 facta
447 4074 549 4124 est.
609 4098 674 4109 —
733 4068 1033 4152 Liburnis]
1087 4069 1388 4137 Liburnae,

241 4156 422 4208 parva
465 4144 524 4195 et
567 4139 784 4195 velocia
825 4140 1053 4211 navigia
1097 4141 1166 4195 cf.
1204 4140 1383 4224 Epod.

243 4212 794 4353 ngwatagr
743 4210 962 4281 deduci]
998 4212 1388 4267 Nominativus

610 4281 682 4336 ad
795 4300 988 4337 aecum
1035 4301 1250 4339 morem
1287 4301 1386 4353 po-

237 4353 386 4407 situs
418 4359 518 4422 est,
552 4354 653 4408 ubi
689 4358 990 4424 utrumque
1024 4356 1260 4410 verbum
1300 4356 1386 4409 in-

237 4422 431 4479 videns
473 4430 532 4481 et
572 4424 766 4481 deduci
807 4426 868 4479 in
913 4426 1108 4481 eadem
1149 4444 1388 4496 persona

239 4495 672 4567 coniunguntur.
733 4497 957 4553 Dicitur
1006 4503 1194 4553 autem
1231 4498 1384 4553 Cleo·

237 4570 412 4637 patra
461 4586 622 4640 saepe
673 4568 908 4627 dixisse:
967 4568 1031 4623 οὐ
1085 4564 1382 4642 θριαμβεὺ·

1762 2380 2041 2435 Carmen
2076 2378 2385 2436 XXXVIII.

1566 2494 1644 2549 Ut
1681 2498 1867 2549 totum
1902 2513 2078 2565 genus
2114 2495 2350 2563 lyricum
2380 2495 2461 2549 sic
2484 2494 2641 2549 habi-

1494 2571 1617 2620 tum
1653 2568 1963 2621 carminum
1999 2585 2033 2622 a
2058 2566 2283 2621 Graecis
2320 2565 2470 2621 haud
2511 2583 2641 2621 raro

1493 2637 1791 2721 adoptavit
1824 2637 2119 2707 Horatius,
2156 2638 2287 2692 inde
2323 2638 2488 2692 huius
2521 2654 2641 2693 car-

1493 2709 1661 2763 minis
1699 2709 1898 2764 forma.
1935 2710 2079 2764 Nam
2118 2709 2441 2779 frequenter
2480 2710 2640 2777 lyrici

1491 2781 1681 2905 graeci
1739 2781 2095 2851 pocillator-es
2158 2784 2330 2836 etiam
2398 2782 2641 2849 alloque-

1535 2858 1717 2917 an,tur
1742 2852 1943 2921 quibus
1963 2852 2097 2922 quid
2129 2854 2400 2907 sentirent
2434 2853 2641 2922 quidve

1499 2924 1708 2978 vellent
1743 2925 2137 2994 exprimerent.
2178 2924 2266 2978 Ex
2298 2942 2409 2994 quo
2436 2941 2641 2995 genere

1493 2996 1905 3050 Anacreontica
1932 3001 2061 3050 sunt
2085 2996 2145 3049 in
2174 2996 2513 3050 Mehlhornii
2545 3014 2641 3050 an·

1492 3066 1746 3137 tholegia
1781 3068 1957 3136 lyrica
1993 3068 2227 3122 tertium
2263 3086 2316 3138 p.
2364 3069 2451 3121 52.
2489 3072 2638 3122 octa-

1493 3156 1627 3193 vum
1667 3156 1721 3207 p.
1760 3141 1857 3193 54.
1899 3139 2067 3225 ,4)έᾷ
2104 3134 2269 3208 υδωρ,
2307 3140 2433 3227 φέρ’
2472 3139 2638 3205 οἶνον,
2710 3142 2720 3153 ’

1493 3200 1537 3262 ὦ
1563 3230 1661 3292 grou
1670 3215 1852 3281 ,Φέρε
1874 3210 1923 3263 δ’
1949 3206 2325 3299 ἀνθεμεῦντας
2342 3206 2479 3296 ἥμιν
2506 3214 2639 3263 Στε-

1493 3252 1729 3351 φάνους·
1760 3282 1987 3351 ἔνεικον,
2027 3280 2097 3341 ὥς
2132 3279 2212 3353 μὴ
2248 3280 2403 3351 Πρὸς
2426 3276 2639 3351 Ἔρωτα

1493 3354 1843 3416 πυκταλίζω(
1884 3353 2065 3423 Caput
2102 3358 2288 3408 autem
2324 3353 2487 3407 huius
2518 3370 2637 3409 car-

1491 3424 1658 3479 minis
1707 3425 1815 3480 hoc
1859 3430 1966 3479 est:
2018 3425 2088 3479 ad
2130 3424 2476 3479 hilaritatem
2521 3442 2637 3479 non

1492 3512 1631 3579 opus
1670 3514 1787 3551 esse
1830 3515 2035 3567 magno
2084 3500 2376 3566 apparatu,
2412 3497 2472 3549 in
2508 3513 2636 3550 con-

1491 3567 1658 3621 viviis
1696 3585 1915 3637 quoque
1946 3568 2365 3639 simplicitatem
2392 3584 2449 3623 se
2476 3584 2634 3638 prae-

1492 3637 1641 3693 ferre
1676 3640 1976 3709 splendori.
2016 3670 2084 3679 —
2129 3640 2213 3694 De
2238 3645 2490 3709 tempore
2525 3657 2635 3708 quo

1490 3708 1750 3765 videatur
1784 3728 2008 3766 carmen
2046 3712 2313 3796 scriptum
2344 3728 2464 3765 esse
2492 3711 2637 3765 nihil

1489 3787 1679 3850 potest
1706 3782 2036 3854 investigari
2060 3783 2169 3838 nisi
2189 3782 2339 3851 quod
2367 3798 2489 3837 sera
2508 3799 2635 3838 rosa

1491 3854 1641 3907 clare
1680 3854 1965 3909 indicatur
1998 3854 2277 3924 posterior
2297 3872 2428 3923 pars
2459 3858 2634 3909 aesta-

1489 3925 1583 3989 tis,
1621 3943 1731 3994 qua
1766 3944 1925 3981 rosae
1961 3925 2163 3981 florere
2209 3926 2323 3981 iam
2356 3926 2633 3980 desinunt.

1560 3996 1627 4051 V.
1666 4001 1711 4050 1.
1750 3998 1994 4055 Persicos
2030 3996 2357 4069 apparatus]
2384 3996 2469 4051 De
2501 3996 2634 4052 Per-

1489 4084 1676 4123 sarum
1732 4069 1955 4123 luxuria
2014 4070 2144 4125 vide
2208 4069 2367 4123 Corn.
2430 4068 2633 4137 Nepot.

1481 4136 1724 4207 ⁴Pausan.
1758 4142 1809 4195 3.
1838 4141 2165 4211 Xenophon.
2188 4141 2384 4210 Cyrop.
2407 4139 2631 4208 V111,8‚

1491 4213 1739 4266 15-19,
1771 4212 1977 4269 Herod.
2018 4212 2113 4274 lx,
2150 4216 2234 4268 82.
2282 4212 2498 4267 Nomen
2534 4228 2633 4281 ap-

1483 4290 1723 4353 paratus
1758 4290 1983 4354 praeter
2005 4286 2058 4339 h.
2084 4286 2122 4338 1.
2155 4302 2269 4339 non
2291 4284 2460 4339 facile
2482 4284 2632 4354 apud

1485 4355 1667 4409 ullum
1730 4361 1915 4411 oetam
1935 4357 2263 4425 reperietur.
2290 4386 2357 4397 —
2378 4354 2629 4426 philyra]

1485 4426 1631 4481 Plin.
1652 4373 1814 4482 NPH.
1834 4428 1981 4494 XVI,
2008 4430 2097 4482 14:
2136 4428 2323 4497 „Inter
2365 4427 2632 4482 corticem

1485 4514 1553 4554 ac
1588 4498 1803 4570 lignum
1834 4500 2011 4566 (tiliae
2049 4499 2288 4568 arboris)
2320 4504 2513 4553 tenues
2542 4505 2631 4553 tu-

1483 4570 1644 4626 nicae
1673 4570 1975 4642 multiplici
2010 4570 2413 4639 membranula,
2448 4587 2479 4624 e
2508 4570 2629 4640 qui-

2532 244 2649 309 111
2741 299 2749 309 .
