3092 5059
466 246 545 311 78
1484 246 1943 314 CARMINUM

758 431 855 507 In
904 458 1029 508 me
1080 446 1241 509 tota
1291 459 1521 510 ruens
1575 434 1832 509 Venus

678 593 729 632 ιο
962 558 1307 659 Cyprum
1360 558 1699 635 deseruit
1747 582 1894 635 nec
1943 559 2236 656 patitur
2286 558 2610 657 Scythas

760 682 856 755 Et
902 685 1145 759 versis
1196 685 1629 759 animosum
1685 683 1900 782 equis

956 808 1325 883 Parthum
1379 808 1638 885 dicere
1689 834 1831 883 nec
1887 834 2082 907 quae
2131 806 2326 883 nihil
2385 809 2732 885 attinent.

760 934 911 1009 Hic
953 935 1218 1011 vivum
1268 934 1463 1011 mihi
1514 934 1954 1035 caespitem,
2008 935 2134 1010 hic

950 1058 1375 1155 Verbenas,
1428 1060 1673 1159 pueri,
1725 1060 1989 1158 ponite
2037 1073 2364 1158 turaque

676 1214 725 1255 ιε
760 1182 963 1258 Bimi
1014 1209 1187 1260 cum
1231 1197 1500 1285 patera
1556 1184 1792 1259 meri:

932 1308 1289 1385 .Mactata
1341 1292 1597 1386 reniet
1645 1306 1898 1385 lenior
1949 1308 2218 1383 hostia.

1566 1513 1758 1521 ———.-

1337 1632 1721 1719 GARMEN
1795 1634 1975 1717 XX.

758 1798 938 1874 Vile
990 1800 1299 1899 potabis
1353 1798 1673 1875 modicis
1733 1798 2102 1875 Sabinum

458 2018 617 2072 brice
651 2016 881 2087 proprie
918 2022 1004 2071 est
1038 2018 1151 2087 via,
1175 2018 1233 2072 in
1259 2034 1371 2087 qua
1406 2018 1606 2088 pedem

455 2106 569 2215 {¹33
588 2089 1163 2215 mutatam&
1205 2090 1606 2231 mm:

455 2232 665 2288 ciendis
682 2232 996 2302 periculum
1022 2238 1108 2287 est
1124 2250 1196 2289 ne
1216 2234 1395 2302 quivis
1416 2250 1607 2287 amore

454 2304 804 2359 incendatur.
842 2331 909 2343 -
1186 2304 1207 2375 ]
1246 2306 1317 2359 cf.
1346 2305 1527 2359 Carm.
1560 2305 1604 2373 Ι,

454 2378 703 2444 3,1.—-
740 2374 993 2447 Scythas]
1032 2375 1271 2444 Scythae
1306 2382 1365 2431 et
1388 2375 1603 2445 Parthi,

454 2447 683 2517 publica
701 2446 1083 2501 Romanorum
1120 2465 1271 2517 cura,
1306 2447 1451 2501 nihil
1485 2466 1602 2503 mo-

454 2523 591 2573 vent
631 2518 931 2579 hominem.
980 2520 1076 2587 qui
1122 2519 1266 2573 nihil
1308 2519 1417 2573 nisi
1453 2537 1604 2574 amo-

455 2608 575 2645 rem
611 2607 675 2644 co
718 2590 840 2644 i.tat
880 2590 1138 2644 Ceterum
1170 2608 1351 2660 neque
1370 2590 1606 2657 Scythae

454 2678 637 2731 neque
677 2607 879 2715 Plarthi
926 2660 999 2715 ob
1044 2662 1327 2732 singulare
1374 2662 1604 2731 aliquod

454 2734 668 2789 factum
706 2733 1098 2801 nominantur3
1132 2735 1361 2787 omnino
1400 2735 1602 2788 remoti

454 2810 587 2859 sunt
626 2805 833 2872 hostes,
880 2808 937 2859 et
982 2805 1161 2875 magis
1198 2806 1370 2859 etiam
1406 2806 1604 2860 remoti

454 2881 585 2930 sunt
630 2876 701 2929 ab
748 2876 935 2930 animo
972 2880 1030 2931 et
1076 2893 1207 2931 cura
1251 2877 1467 2931 iuvenis
1503 2878 1602 2931 uni

454 2948 631 3001 amori
684 2946 881 3001 dediti.
940 2976 1002 2986 -
1063 2948 1235 3003 versis
1298 2948 1603 3003 anivnosum

453 3018 627 3089 equis]
666 3017 737 3073 cf.
778 3018 957 3073 Garm.
996 3018 1066 3079 11.
1110 3022 1193 3087 13,
1236 3022 1318 3073 17.
1358 3048 1429 3060 -
1473 3021 1602 3075 atti-

452 3090 604 3161 aaut]
616 3090 823 3145 Keller.
850 3095 909 3144 et
924 3090 1207 3147 Eckstein.
1218 3095 1417 3147 contra
1440 3092 1600 3147 codd·

452 3162 673 3231 attinet5
728 3162 875 3217 idem
922 3162 1181 3217 Schiitzio
1228 3163 1458 3232 placuit,
1504 3164 1602 3219 sed

452 3233 598 3287 nihil
634 3238 719 3287 est
752 3250 854 3287 cur
890 3234 1284 3289 auctoritatem
1323 3236 1482 3290 codd.
1516 3252 1601 3289 re·

452 3306 787 3375 linquamus.
804 3334 871 3345 —
890 3304 1195 3375 caespitem]
1217 3306 1289 3359 ad
1314 3311 1601 3362 exstruen-

453 3376 583 3431 dam
638 3393 813 3443 aram,
868 3376 937 3429 cf.
987 3376 1166 3431 Carm.
1202 3377 1302 3445 111,
1341 3380 1392 3443 8,
1426 3381 1477 3431 4.
1532 3408 1597 3419 -

450 3446 725 3515 verbenas]
765 3446 966 3502 herbas
1002 3465 1171 3517 puras
1198 3466 1267 3503 ex
1296 3450 1417 3504 loco
1441 3467 1600 3505 sacro

454 3519 735 3575 collectas.
801 3518 882 3573 Cf.
924 3517 1103 3573 Carm.
1142 3519 1234 3583 IV,
1281 3524 1363 3589 11,
1404 3526 1439 3575 6
1476 3539 1596 3591 sqq.

453 3590 622 3661 Vel-g.
667 3593 808 3645 Aen.
846 3590 970 3657 XII,
1013 3592 1131 3645 120.
1185 3593 1255 3646 ad
1305 3611 1359 3661 q.
1399 3593 1435 3647 l.
1474 3592 1597 3649 Ser-

454 3663 601 3716 vius:
641 3661 1001 3731 „Verbenas‘
985 3680 1099 3717 1am
1121 3680 1383 3719 vocamus
1404 3682 1598 3719 omnes

454 3733 683 3788 frondes
720 3737 992 3803 sacratas,
1005 3740 1071 3789 ut
1094 3740 1179 3789 est
1203 3736 1411 3804 laurus,
1446 3737 1599 3791 oliva

452 3805 542 3860 vel
577 3807 847 3873 myrtus“
874 3834 937 3844 —
977 3806 1135 3877 mers]
1172 3807 1465 3863 Nefastum
1502 3809 1599 3862 ha·

450 3876 693 3931 bebatur
726 3876 835 3930 diis
872 3878 1156 3946 prolibare
1194 3880 1345 3947 vina,
1394 3881 1600 3949 quibus

452 3964 599 4017 aqua
634 3952 757 4002 erat
790 3948 1059 4004 admixta.
1085 3978 1152 3991 ·-
1176 3950 1363 4005 hostia
1418 3950 1600 4005 Tacit.

453 4020 597 4074 Hist.
631 4022 681 4083 2,
723 4020 783 4072 3·
819 4019 1067 4089 Paphiae
1087 4021 1292 4077 Veneri
1330 4060 1365 4089 ‚,
1406 4022 1600 4090 ostiae,

454 4096 521 4145 ut
575 4092 809 4159 quisque
865 4094 1039 4159 vovit,
1092 4094 1189 4147 sed
1233 4108 1413 4147 mares
1461 4093 1600 4149 deli-

450 4168 681 4247 guntur.
754 4161 1093 4234 Sanguinem
1136 4182 1267 4219 arae
1311 4165 1600 4221 offundere

451 4235 720 4289 vetitum.
770 4236 1030 4304 precibus
1066 4241 1125 4291 et
1160 4237 1292 4307 igne
1337 4254 1479 4305 puro
1518 4238 1598 4292 al-

452 4306 603 4361 taria
637 4306 989 4363 adolenturf‘

800 4420 1083 4476 Carmen
1116 4418 1239 4473 XX.

523 4516 769 4575 Parvum
786 4518 895 4573 hoc
910 4532 1133 4572 carmen
1155 4515 1381 4571 videtur
1404 4518 1598 4573 inscri-

452 4594 615 4663 ptum
634 4591 772 4647 olim
794 4588 965 4644 fuisse
988 4587 1227 4657 tabellis,
1260 4589 1461 4657 quibus
1484 4588 1596 4644 Ho-

1707 2018 1888 2072 ratius
1923 2018 2166 2073 amicum
2187 2034 2350 2073 suum
2369 2018 2753 2073 Maecenatem
2791 2018 2864 2073 ad

1710 2090 2027 2144 convivium
2045 2090 2330 2144 invitaret.
2347 2090 2554 2144 Totum
2573 2095 2763 2145 autem
2783 2092 2862 2143 io-

1707 2178 1895 2215 cosum
1933 2166 2018 2215 est
2053 2166 2112 2215 et
2135 2160 2415 2217 familiare
2439 2167 2497 2216 et
2533 2163 2716 2231 spirat
2739 2161 2866 2215 dul

1707 2233 1986 2287 cissimam
2005 2237 2064 2288 et
2081 2233 2336 2287 intimam
2357 2233 2680 2288 amicitiam.
2715 2232 2864 2287 Nam

1709 2304 1858 2373 quod
1879 2304 2270 2373 propositurus
2279 2304 2593 2359 Maecenati
2613 2309 2738 2359 erat
2747 2304 2864 2361 Ho-

1705 2376 1882 2430 ratius
1927 2376 2139 2443 vinum,
2183 2376 2296 2429 vile
2343 2377 2567 2445 quidem
2615 2376 2728 2431 fuit
2763 2377 2864 2431 sed

1703 2447 1898 2501 multis
1923 2416 2243 2501 nominibus
2265 2464 2458 2502 carum
2493 2448 2582 2501 illi
2609 2452 2668 2501 et
2704 2464 2860 2503 acce·

1703 2524 1884 2587 ptum.
1921 2518 1998 2573 Et
2034 2519 2279 2587 primum
2317 2519 2542 2587 quidem
2583 2518 2860 2574 Sabinum

1705 2590 1834 2658 fuit,
1889 2595 2084 2645 natum
2141 2591 2202 2644 in
2249 2591 2388 2644 villa
2449 2608 2482 2643 a
2535 2590 2864 2645 Maecenate

1705 2662 1852 2717 dono
1872 2661 2007 2715 data
2025 2662 2280 2728 Hei-atie,
2304 2662 2507 2717 deinde
2526 2662 2598 2715 ab
2619 2662 2864 2717 Horatio

1705 2733 1825 2802 ipso
1864 2732 2170 2801 conditum,
2208 2738 2331 2788 tum
2363 2750 2430 2787 eo
2461 2734 2583 2803 ipso
2603 2739 2866 2803 tempore

1705 2804 2011 2873 conditum,
2049 2822 2158 2873 quo
2195 2804 2486 2860 Maecenas
2533 2806 2594 2859 in
2631 2805 2864 2860 theatro

1701 2876 1990 2945 publicum
2026 2875 2256 2931 honoris
2280 2894 2346 2931 ac
2369 2876 2668 2947 dignitatis
2703 2879 2866 2931 testi·

1703 2948 1954 3001 monium
1993 2948 2226 3017 accepit.
2293 2948 2446 3005 Haec
2483 2953 2672 3003 autem
2711 2949 2866 3003 laeta

1703 3018 1898 3089 populi
1927 3019 2255 3073 acclamatio
2288 3021 2336 3074 si
2359 3020 2552 3075 eadem
2571 3026 2674 3089 est,
2701 3022 2866 3075 cuius

1705 3090 1886 3145 Carm.
1913 3089 1986 3152 Π,
2013 3093 2094 3159 17,
2116 3092 2186 3144 25
2201 3109 2283 3161 sq.
2308 3092 2520 3147 mentio
2555 3090 2640 3158 fit,
2673 3098 2864 3147 osten-

1704 3162 1791 3215 dit
1810 3162 1976 3215 simul
1993 3180 2104 3231 quo
2124 3180 2270 3217 anno
2300 3168 2488 3217 ortum
2507 3163 2580 3217 sit
2609 3164 2720 3217 hoc
2738 3180 2862 3218 car·

1703 3250 1848 3287 men.
1887 3233 2050 3287 Illam
2087 3235 2236 3289 enim
2275 3234 2484 3289 factam
2516 3252 2634 3289 esse
2659 3235 2862 3290 eodem

1705 3322 1852 3359 anno
1889 3310 2128 3373 constat,
2164 3322 2276 3373 quo
2313 3306 2582 3361 Horatius
2619 3306 2862 3361 cadente

1704 3376 1904 3431 arbore
1961 3392 2136 3446 paene
2181 3381 2409 3432 necatus
2457 3383 2543 3431 est
2581 3377 2738 3443 (vide
2785 3379 2862 3431 ad

1705 3447 1942 3503 Carmen
1975 3448 2198 3515 11,13).·
2269 3446 2394 3503 Vile
2439 3454 2628 3503 autem
2661 3451 2863 3503 vinum

1705 3520 1855 3587 quod
1893 3520 2228 3589 appellatur,
2268 3520 2420 3575 haud
2455 3520 2626 3575 dubie
2663 3538 2862 3575 recens

1703 3588 1832 3659 fuit,
1855 3590 2092 3645 fortasse
2111 3591 2322 3645 bimum
2336 3592 2426 3645 vel
2446 3593 2705 3659 trimum3
2727 3610 2866 3661 qua-

1702 3660 1945 3717 drimum
1989 3663 2162 3717 etiam
2188 3662 2370 3717 Germ.
2395 3663 2443 3731 1,
2463 3665 2516 3731 9,
2537 3664 2568 3715 7
2611 3663 2865 3733 bibitur3

1703 3750 2022 3803 quanquam
2067 3734 2264 3788 Italica
2313 3735 2461 3801 vina,
2504 3739 2713 3788 natura
2761 3753 2859 3789 au·

1701 3810 1870 3873 stet-a,
1907 3810 2187 3859 vetustate
2211 3804 2491 3859 debebant
2513 3806 2858 3861 mollescere.

1775 3876 1838 3932 V.
1863 3877 1910 3930 1.
1947 3876 2051 3931 vile
2067 3876 2354 3947 Sabinum]
2383 3876 2562 3933 Omne
2585 3876 2858 3932 Sabinum

1701 3948 1894 4001 vinum
1919 3947 2070 4001 haud
2092 3949 2285 4018 magni
2303 3948 2562 4003 habitum
2581 3955 2667 4003 est
2691 3966 2726 4003 a
2745 3949 2858 4004 Ro-

1700 4020 1898 4087 manis,
1933 4036 2125 4074 recens
2149 4020 2385 4075 minimi.
2423 4020 2586 4076 Unde
2605 4021 2858 4075 Martial.

1703 4090 1773 4159 X,
1809 4092 1898 4157 49,
1937 4092 1996 4145 3:
2031 4090 2342 4161 „Propinas
2369 4092 2536 4146 modo
2561 4092 2858 4147 conditum

1702 4162 1986 4229 Sabinum,
2023 4162 2100 4217 Et
2135 4163 2274 4217 dicis
2330 4163 2489 4232 mihi,
2527 4164 2716 4218 Cotta:
2769 4165 2859 4219 vis

1701 4234 1760 4287 in
1809 4232 1986 4288 auro?
2059 4234 2364 4303 Quisquam
2407 4236 2674 4305 plumbea
2721 4236 2858 4290 vina
2933 4242 2944 4253 “

1700 4305 1825 4359 vult
1860 4306 1918 4359 in
1957 4322 2094 4359 auro
2105 4306 2166 4359 '?“
2241 4306 2502 4361 Ceterum
2539 4308 2858 4376 suspicatus

1701 4382 1788 4431 est
1820 4376 2146 4439 Meinekius,
2185 4394 2298 4431 non
2335 4378 2454 4432 sine
2495 4380 2715 4435 ratione
2751 4378 2852 4433 Sa-

1699 4448 1896 4502 binum
1935 4448 2006 4503 ab
2030 4448 2266 4503 Horatio
2303 4450 2680 4505 commendari
2699 4450 2856 4505 Mae·

1701 4521 1901 4589 cenati,
1937 4520 2036 4589 qui
2073 4538 2198 4575 cum
2234 4520 2352 4575 fere
2387 4526 2668 4590 quartana
2697 4522 2856 4577 labo·

1701 4596 1872 4661 raret,
1909 4608 2044 4659 prae
2079 4593 2280 4647 ceteris
2317 4594 2462 4647 vinis
2497 4593 2606 4647 hoc
2646 4610 2856 4665 genere
