3092 5059
407 230 534 296 374

501 415 752 492 Suave
803 416 1018 492 locus
1070 417 1244 492 voci
1286 428 1595 491 resonat
1642 414 2065 489 conclusus.

1345 226 1845 294 SATIRARUM

2166 414 2445 489 Inanes

499 540 678 617 Hoc
727 542 957 638 iuvat,
1013 540 1220 616 haud
1274 540 1467 616 illud
1525 553 2006 639 quaerentes,
2054 565 2239 613 num
2292 537 2457 613 sine
2513 562 2766 631 sensu,

503 665 887 763 Tempore
937 692 1117 740 num
1174 665 1463 742 faciant
1505 664 1783 740 aliene.

503 790 766 890 Inquit
819 805 946 888 „et
995 792 1142 867 hoc
1193 790 1448 867 studio
1501 816 1787 891 pravus
1834 791 2043 866 facis,
2052 786 2093 825 “

1889 663 2283 761 „Laedere
2344 658 2711 764 gaudee,“

2194 790 2425 866 Unde
2478 788 2807 882 petitum

419 950 470 989 so
505 917 680 992 Hoc
730 918 812 991 in
861 943 986 992 me
1037 916 1275 991 iacis?
1333 928 1448 991 est
1497 927 1767 989 auctor
1818 914 1989 1013 quis
2045 913 2379 1014 denique
2433 940 2699 989 eorum

505 1041 690 1117 Vixi
745 1067 918 1117 cum
971 1041 1304 1141 quibus?
1408 1040 1829 1116 Absentem
1888 1041 2021 1139 qui
2071 1040 2281 1115 rodit
2320 1040 2679 1135 amicum,

508 1166 660 1259 Qui
713 1192 868 1241 non
922 1164 1276 1243 defendit
1326 1164 1478 1239 alio
1533 1164 1909 1263 culpante,
1964 1162 2252 1239 solutos

511 1290 665 1382 Qui
717 1304 969 1386 captat
1019 1291 1214 1366 risus
1273 1290 1673 1365 hominum
1732 1289 2177 1387 famamque
2230 1288 2536 1384 dicacis,

509 1416 844 1515 Fingere
898 1418 1030 1511 qui
1083 1441 1236 1530 ιιοιι
1287 1414 1452 1491 visa
1502 1424 1775 1516 potest,
1830 1414 2237 1489 commissa
2288 1426 2543 1489 tacere

425 1572 478 1613 sn
516 1540 669 1633 Qui
719 1542 1024 1640 nequit:
1079 1541 1206 1616 hic
1246 1542 1470 1640 niger
1521 1552 1659 1636 est,
1707 1540 1911 1615 huuc
1954 1553 2062 1636 tu,
2096 1542 2461 1630 Romane,
2514 1550 2810 1612 cavet0.

511 1666 756 1762 Saepe
807 1668 1055 1743 tribus
1103 1665 1320 1742 lectis
1373 1664 1635 1739 videas
1688 1688 1961 1740 cenare
2016 1678 2451 1762 quaternos,

507 1793 570 1865 E
625 1791 906 1891 quibus
957 1818 1150 1867 unus
1205 1803 1406 1865 amet
1453 1789 1721 1888 quavis
1769 1812 2178 1886 aspergere
2230 1798 2544 1862 cunctos

511 1918 826 1993 Praeter
837 1942 1011 1993 eum
1025 1916 1159 2015 qui
1173 1916 1491 2014 praebet
1507 1940 1785 2013 aquam
1802 1941 1819 2009 3
1840 1913 2227 2012 posthunc
2238 1937 2547 2011 quoque
2558 1924 2814 2011 potus,

513 2039 846 2117 Condita
899 2068 1070 2117 cum
1126 2066 1356 2115 verax
1407 2040 1659 2136 aperit
1710 2036 2165 2136 praecordia
2213 2036 2473 2111 Liber.

430 2200 480 2240 oo
515 2168 672 2243 Hic
725 2166 862 2242 tibi
917 2165 1154 2241 comis
1207 2177 1284 2239 et
1327 2167 1661 2241 urbanus
1714 2163 2065 2262 liberque
2120 2161 2445 2259 videtur,

413 2436 772 2519 1,8,880q.
826 2435 897 2490 A.
944 2432 1176 2489 P..4⁷2
1227 2433 1567 2504 -n'mmefl

414 2478 806 2563 Doederlinius
877 2504 958 2559 sic
1020 2506 1339 2559 coniunxit:
1405 2522 1569 2563 suave

415 2582 563 2635 locus
597 2578 740 2634 vocis
773 2581 994 2633 resonat
1027 2578 1329 2645 conclusus,
1361 2574 1568 2632 imis.

417 2651 542 2706 Hoc
579 2650 735 2703 iuvat
773 2653 896 2717 cet„
930 2650 996 2701 ut
1032 2648 1242 2718 duplex
1279 2617 1354 2703 sit
1393 2666 1570 2719 genus

415 2720 794 2789 recitantium,
830 2718 1071 2774 alterum
1097 2736 1307 2783 eorum,
1335 2720 1431 2789 qui
1457 2738 1571 2774 me-

415 2794 512 2849 dio
548 2794 608 2847 in
656 2791 779 2846 foro
830 2808 1018 2847 coram
1059 2792 1320 2847 omnibus
1359 2792 1573 2875 scripta

415 2868 626 2936 legant,
677 2864 916 2918 alterum
954 2880 1164 2931 eorum,
1210 2864 1308 2933 qui
1354 2863 1412 2916 in
1453 2862 1571 2917 bal-

417 2954 522 2991 neo
565 2936 723 2990 nullo
775 2940 1093 3019 praesente,
1141 2936 1200 2989 in
1245 2936 1402 2989 inani
1445 2935 1569 2989 loco

417 3008 657 3063 recitent
680 3006 898 3076 sibique
919 3024 1028 3076 ipsi
1051 3007 1311 3077 placeant
1331 3024 1398 3061 ac
1414 3007 1572 3090 plau-

419 3096 542 3135 sum
580 3079 768 3134 edant.
805 3079 1007 3133 Inam's
1043 3095 1262 3147 semper
1283 3079 1366 3133 ait
1401 3078 1571 3148 signi—

422 3151 590 3207 ficare
613 3150 898 3205 hominem
922 3150 1129 3205 nullius
1165 3150 1351 3219 pretii,
1374 3150 1569 3217 vilem3

419 3238 706 3293 nunquam
729 3221 1040 3293 gloriosum
1071 3221 1164 3276 vel
1199 3220 1573 3277 ambitiosum.

421 3324 491 3335 —
527 3294 680 3349 haud
713 3292 935 3363 mum,
937 3292 1194 3361 ,Gravior
1239 3294 1468 3363 negatio
1514 3293 1575 3347 in

423 3367 494 3421 iis
551 3369 802 3436 apparet.
858 3332 956 3419 ubi
1011 3380 1185 3419 unum
1238 3364 1575 3419 vocabulum

421 3436 1577 3579 32?.2?51²J:332p¹3333¹‘”13m22q33.232

423 3586 554 3636 sunt
577 3580 1022 3635 demonstrativa
1043 3580 1378 3649 pronomina
1407 3584 1579 3647 atque

423 3652 744 3708 adverbia-‘⁴
781 3648 1349 3720 Hand.Turs.111,p

423 3724 604 3793 sensu]
639 3723 937 3779 communi.
977 3722 1090 3777 Sat.
1127 3722 1175 3790 I,
1210 3722 1262 3791 3,
1301 3668 1388 3776 66.

496 3796 562 3850 V.
589 3796 676 3849 79.
713 3793 916 3864 inquit]
955 3792 1033 3849 Ut
1067 3810 1400 3877 graecorum
1437 3794 1581 3863 φησὶ

427 3871 732 3936 usurpatur
753 3883 866 3920 ιιοιι
885 3869 1042 3919 certa
1066 3882 1130 3921 co
1174 3866 1316 3920 itata
1341 3880 1581 3934 persona

422 3938 638 4009 (heisst’
639 3940 700 4004 s).
724 3936 838 3992 Sat.
859 3936 932 4002 ΙΙ,
951 3938 1004 4005 2,
1015 3938 1102 3991 99.
1127 3884 1237 3991 gio.
1258 3936 1418 3991 Tusc.
1437 3935 1481 4001 1,
1492 3936 1581 4003 39,

421 4012 509 4065 93.
527 4008 697 4076 V,41,
721 4008 842 4063 118.
863 4008 1165 4079 —studio]
1193 4007 1390 4063 oficio.
1412 4006 1577 4061 Rosc.

423 4084 550 4138 Am.
589 4082 689 4136 32·
743 4084 840 4149 „ut
876 4098 1066 4135 omnes
1104 4080 1450 4149 intellegant,
1485 4094 1579 4132 me

424 4172 539 4210 non
563 4120 768 4207 studit?
772 4169 1028 4207 accusare
1051 4152 1149 4207 sed
1177 4150 1364 4205 officio
1390 4149 1578 4205 defen-

426 4225 612 4281 deref‘
643 4252 710 4263 -
732 4222 992 4293 defendit]
1029 4222 1114 4277 De
1139 4223 1341 4277 ultima
1367 4221 1582 4289 syllaba

427 4297 704 4367 producta
742 4294 872 4350 vide
907 4294 980 4349 ad
1020 4294 1201 4349 Carm-
1230 4294 1276 4357 Ι,
1307 4296 1360 4361 3,
1395 4294 1482 4348 36.
1513 4322 1579 4332 -

428 4366 656 4437 solutos]
696 4366 904 4437 Vergil.
944 4366 1144 4435 Georg.
1182 4366 1254 4432 ΙΙ,
1285 4333 1414 4420 38'6:
1455 4382 1583 4433 „-co

431 4440 553 4494 loni
573 4436 839 4494 Versibus
877 4437 1174 4505 incomptis
1211 4436 1416 4491 ludunt
1443 4437 1584 4491 risu-

474 4528 545 4564 ue
603 4508 840 4566 solutof‘
903 4536 965 4547 —
1021 4513 1212 4574 captat
1255 4506 1424 4577 visus]
1472 4508 1585 4563 Cic.

487 4598 597 4635 usc-
627 4580 699 4647 Π,
742 4582 792 4645 7,
836 4582 920 4633 17.
955 4578 1395 4647 Frequentativa
1426 4578 1587 4634 verbi

1353 3652 1576 3704 .32.—

1662 2432 1847 2489 forma
1893 2430 2143 2487 studium
2192 2434 2251 2487 et
2295 2446 2524 2500 operam
2574 2428 2819 2485 hominis

1663 2503 1925 2559 ostendit.
1985 2532 2052 2542 —
2112 2501 2286 2572 niger]
2342 2501 2453 2556 Cic.
2511 2518 2617 2571 pro
2662 2501 2819 2557 Caec-

1666 2578 1759 2630 10.
1808 2574 2091 2643 „Clodius,
2132 2574 2226 2629 cui
2270 2590 2475 2627 nomen
2522 2577 2609 2628 est
2642 2572 2821 2627 Phor-

1663 2648 1873 2774 Engo,
1825 2664 1927 2701 nec
1945 2647 2129 2700 minus
2162 2646 2324 2787 nitgfr
2335 2661 2454 2770 Inec
2480 2644 2665 2770 mtinm
2694 2662 2823 2770 copa

1744 2719 1873 2773 ens!
1951 2746 2020 2758 —
2074 2733 2201 2772 cave
2388 2734 2518 2785 oqu1
2549 2734 2617 2769 ur
2654 2734 2759 2785 poe

1666 2796 1935 2859 tanquam
1980 2790 2161 2860 legem
2204 2804 2645 2859 proponensoe-
2684 2804 2817 2857 qua·

1666 2861 1863 2931 ternos]
1908 2879 2155 2915 summus
2202 2877 2467 2914 numerus
2515 2859 2819 2929 elegantio-

1665 2952 1792 2989 rum
1828 2933 2135 2989 hominum.
2163 2960 2228 2971 —-·
2256 2933 2416 3000 amet]
2458 2930 2551 2986 Sic
2578 2930 2821 2985 scriben-

1667 3005 1801 3059 dum
1838 3010 1923 3059 est
1959 3005 2131 3059 etiam
2156 3020 2283 3057 cum
2303 3020 2413 3057 uno
2452 3002 2573 3057 cod.
2596 3002 2822 3071 Bland.;

1667 3077 1908 3131 alterum
1944 3081 2062 3130 avet
2090 3075 2239 3143 quod
2276 3074 2667 3144 praetulerunt
2691 3074 2826 3128 Kel-

1668 3149 1786 3211 ler„
1807 3147 2067 3214 Fritsch.‚
2080 3146 2385 3213 Eckstein.,
2400 3145 2825 3212 Hirschfelder.,

1666 3220 1811 3274 nihil
1846 3218 2021 3273 habet
2056 3219 2167 3273 nisi
2202 3218 2559 3273 voluntatem
2597 3234 2665 3272 ac
2708 3222 2823 3271 stu-

1668 3292 1825 3346 dium
1852 3290 2202 3361 aspergendi,
2230 3306 2357 3345 cum
2381 3292 2573 3343 tamen
2602 3293 2823 3343 senten-

1667 3363 1752 3418 tia
1770 3362 2029 3431 requirat
2060 3361 2533 3417 consuetudinem.
2566 3390 2633 3400 —
2657 3376 2821 3430 prae·

1668 3436 1753 3490 bet
1809 3434 2027 3502 aquam]
2089 3438 2317 3503 praeter
2376 3433 2825 3500 convivatorem3

1670 3505 1911 3561 elocutio
1958 3504 2377 3560 accommodata
2423 3504 2497 3558 ad
2538 3504 2695 3558 verb.
2738 3519 2825 3558 as·

1664 3592 1983 3703 ξέἷιιὲἒξέ
1990 3594 2062 3702 ἐξ.
2093 3576 2285 3719 {3331
2289 3576 2829 3717 dttgfflff‘iss‘

1672 3722 1837 3775 Auct.
1866 3720 1937 3774 ad
1956 3720 2198 3774 Herenn.
2218 3718 2317 3786 IV,
2338 3720 2434 3771 49.
2477 3718 2688 3787 „serpit
2722 3735 2827 3787 per

1672 3791 1859 3846 forum
1919 3796 2190 3859 tanquam
2252 3792 2421 3845 draco
2495 3790 2828 3858 circumspe-

1676 3868 1832 3917 ctans
1870 3862 1979 3917 huc
2014 3867 2072 3917 et
2107 3862 2245 3917 illuc
2282 3862 2331 3917 si
2359 3878 2525 3931 quem
2560 3862 2829 3930 reperiat,

1674 3935 1764 3989 cui
1820 3934 2033 4003 aliquid
2086 3934 2223 3988 mali
2277 3933 2533 3988 faucibus
2591 3932 2829 4001 adflare,

1674 4023 1840 4076 quem
1884 4023 1981 4061 ore
2026 4006 2332 4075 attingere,
2381 4004 2642 4059 dentibus
2688 4005 2828 4058 inse-

1675 4094 1817 4142 care,
1834 4078 2029 4147 lingua
2048 4092 2328 4147 aspergere
2351 4076 2583 4146 possitf‘
2622 4075 2829 4130 Statim

1673 4150 1746 4205 ab
1801 4149 1965 4203 initio
2006 4148 2253 4203 convivii
2297 4148 2656 4217 apponebant
2700 4164 2827 4201 con·

1674 4220 1819 4347 ζιῖιε
1838 4236 2042 4344 adquam
2060 4224 2119 4345 ῗι
2129 4220 2381 4346 {indm
2408 4224 2486 4345 {ti
2486 4218 2741 4283 calidam
2758 4219 2831 4273 ad

1718 4311 1739 4345 1
1780 4310 1849 4345 en
1886 4309 1983 4345 um
2029 4308 2059 4345 e
2238 4307 2409 4345 misce
2484 4308 2583 4344 um
2618 4292 2829 4344 vinum.

1679 4364 1749 4419 cf.
1764 4362 1878 4418 Sat.
1890 4363 2021 4429 11,2,
2033 4364 2119 4416 69.
2150 4362 2395 4416 Iuvenal.
2417 4363 2581 4429 5‚63:
2613 4360 2833 4429 „Quan-

1679 4436 1753 4490 do
1790 4438 2021 4489 vocatus
2060 4433 2217 4488 adest
2252 4433 2466 4489 calidae
2502 4433 2831 4503 gelidaeque

1684 4506 1939 4560 minister
1952 4504 2014 4558 Ψ*
2026 4504 2273 4559 Martial.
2284 4504 2430 4561 XIV.
2446 4506 2546 4558 105
2561 4526 2573 4557 z
2586 4504 2833 4574 „frigida

1679 4594 1795 4632 ιιοιι
1826 4578 1991 4640 desit,
2022 4593 2135 4631 non
2164 4576 2346 4631 deerit
2376 4575 2536 4631 calda
2563 4576 2836 4645 petenti.“
