3092 5059
962 254 1118 319 LIB.
1163 253 1282 319 III.
1329 251 1580 318 GARM.
1626 253 1833 318 XVII.

2466 255 2591 321 209

602 440 928 532 Quando
983 454 1062 517 et
1107 442 1404 538 priores
1454 440 1639 517 hinc
1680 439 1987 516 Lamias
2038 442 2298 518 ferunt

695 567 1246 642 Denominatos
1298 578 1376 641 et
1423 578 1793 664 nepotum

793 691 946 766 Per
993 715 1370 765 memores
1425 714 1666 789 genus
1720 715 1947 767 omne
2000 691 2258 788 fastos,

539 873 565 914 u
599 840 942 916 Auctore
993 839 1091 916 ab
1143 839 1280 916 illo
1337 839 1553 915 ducis
1605 841 2000 938 originem,

599 965 757 1060 Qui
795 964 1282 1041 Formiarum
1335 966 1643 1042 moenia
1694 966 1972 1042 dicitur

689 1089 1058 1187 Princeps
1110 1102 1185 1166 et
1237 1092 1633 1165 innantem
1683 1090 2019 1169 Maricae

789 1213 1184 1291 Litoribus
1238 1217 1572 1291 tenuisse
1620 1215 1867 1292 Lirim

591 1365 784 1441 Late
831 1379 1233 1462 tyrannus:
1291 1393 1456 1443 cras
1510 1367 1720 1443 foliis
1771 1395 2040 1446 nemus

239 1596 294 1650 ob
323 1615 528 1653 causam
563 1599 726 1653 libris
762 1598 990 1654 edendis
1024 1600 1341 1671 inseruisse,

236 1669 320 1722 nisi
348 1675 408 1726 ut
439 1670 670 1726 Lamiae
703 1670 986 1727 amicitiae
1020 1672 1082 1741 pi
1162 1689 1226 1726 us
1263 1673 1340 1727 al-

233 1745 384 1795 terum
423 1743 591 1797 etiam
643 1745 1009 1798 consecraret.
1136 1761 1227 1798 am
1277 1749 1344 1798 ut

231 1812 262 1864 ii
291 1830 390 1868 non
425 1818 576 1868 recte
619 1814 886 1868 videntur
933 1814 1208 1870 iudicasse
1243 1817 1341 1886 qui

225 1882 429 1940 Horatio
452 1886 750 1956 indignum
766 1887 873 1941 hoc
890 1891 1158 1956 putarent
1180 1889 1343 1957 eique

226 1955 468 2028 abrogare
504 1963 861 2025 conarentur,
907 1959 987 2012 sic
1033 1959 1342 2013 cavendum

225 2033 294 2081 est
321 2045 388 2084 ne
421 2029 570 2084 iusto
595 2031 779 2084 maior
812 2029 945 2084 huic
973 2031 1208 2084 carmini
1245 2031 1340 2084 ho-

221 2115 307 2152 nor
355 2101 654 2154 tribuatur.
726 2100 887 2155 Misit
933 2101 1098 2169 enim,
1145 2104 1211 2156 ut
1259 2101 1340 2156 vi-

221 2169 376 2238 detur,
402 2171 670 2226 Horatius
710 2171 858 2227 hanc
893 2172 1212 2227 schedulam
1235 2172 1340 2228 La-

219 2243 342 2297 miae
363 2244 433 2297 ob
455 2243 708 2298 natalem
733 2244 910 2298 altero
937 2244 1028 2298 die
1059 2244 1340 2299 celebran-

220 2313 333 2368 dum
366 2317 770 2386 gratulaturus.
845 2315 1004 2382 Quod
1053 2320 1117 2370 ut
1166 2316 1342 2370 amice

217 2390 264 2438 et
293 2403 410 2440 cum
435 2387 682 2456 quadam
714 2387 1088 2456 protervitate
1112 2387 1342 2458 faceret,

217 2457 358 2524 pleno
417 2475 515 2513 ore
571 2462 629 2513 et
681 2458 978 2530 magnifice
1031 2459 1340 2523 exorditur,

215 2527 386 2584 laudat
431 2546 776 2600 magnopere
818 2531 1172 2585 nobilitatem
1224 2531 1341 2585 eius

215 2604 262 2652 et
289 2618 456 2672 genus
495 2607 667 2670 atque
691 2602 776 2656 ita
810 2619 869 2657 se
903 2602 1071 2673 gerit,
1107 2608 1173 2657 ut
1198 2603 1342 2657 nihil

215 2671 308 2724 nisi
338 2674 668 2744 gravissima
701 2679 835 2728 vota
871 2675 1133 2744 subsequi
1181 2691 1341 2744 posse

217 2747 375 2810 putes.
445 2745 568 2799 Iam
622 2745 760 2814 quid
805 2746 1097 2814 sequitur?
1183 2745 1340 2800 Levi·

217 2815 324 2870 cula
365 2817 435 2871 ad
481 2817 793 2871 tristiorem
839 2817 992 2885 (vide
1042 2818 1116 2873 ad
1166 2818 1210 2885 1,
1247 2819 1340 2888 26)

218 2887 436 2942 amioum
481 2888 810 2956 admonit-ic,
855 2893 923 2942 ut
965 2907 1095 2944 cum
1141 2890 1341 2944 timen-

216 2955 330 3012 dum
389 2960 464 3014 sit
527 2977 604 3014 ne
669 2959 944 3015 crastinus
1012 2961 1130 3015 dies
1189 2962 1344 3016 tristi

217 3031 350 3084 caelo
415 3030 762 3098 obscuretur,
828 3037 1100 3101 quantum
1165 3033 1344 3102 possit

217 3099 401 3156 festum
449 3119 580 3157 cum
623 3102 848 3157 famulis
897 3103 1049 3159 domi
1083 3104 1343 3173 celebret,

217 3175 584 3242 tempestatem
620 3175 778 3242 vitet,
818 3179 1000 3230 cutem
1041 3181 1216 3230 curet.
1254 3176 1344 3230 En

217 3259 436 3316 carmen,
495 3245 648 3315 quod
689 3247 737 3300 si
786 3263 898 3300 non
940 3264 1114 3318 grave
1161 3251 1216 3300 ct
1254 3265 1342 3301 su-

216 3313 389 3382 blime,
424 3319 472 3372 si
515 3318 795 3388 mutiplici
844 3317 1082 3372 artificio
1128 3335 1243 3372 non
1278 3319 1344 3373 li-

214 3393 426 3459 matum,
463 3388 514 3444 si
562 3390 834 3445 orationis
883 3389 1189 3445 luminibus
1232 3407 1344 3444 non

213 3469 526 3516 exornatum
590 3466 692 3530 est,
758 3467 944 3516 tamen
1009 3479 1125 3516 non
1192 3467 1345 3518 caret

215 3537 488 3588 venustate
523 3538 580 3588 et
613 3534 818 3604 gratia.
909 3533 1100 3603 Neque
1135 3538 1268 3588 sunt
1304 3535 1345 3587 ii

213 3603 472 3668 probandi
513 3605 610 3674 qui
646 3622 842 3660 versus
888 3606 1032 3658 2-4
1067 3605 1346 3660 eiciendos

215 3676 526 3745 censebant3
580 3693 712 3730 nam
759 3681 817 3731 et
853 3694 1000 3745 quae
1037 3677 1106 3732 iis
1144 3677 1347 3732 menda

213 3745 294 3799 vel
335 3747 475 3802 vitia
521 3748 700 3802 inesse
738 3748 1019 3817 dicuntur,
1069 3749 1220 3803 iusta
1261 3751 1345 3802 in-

213 3819 600 3888 terpretatione
655 3823 810 3875 recta
865 3820 1207 3875 videbuntur
1250 3838 1347 3874 ne-

213 3904 309 3955 que
347 3891 730 3960 perturbanda
774 3895 860 3947 est
907 3891 1058 3946 haud
1103 3891 1344 3947 fortuita

212 3963 457 4017 carminis
531 3963 918 4032 aequabilitas.
1026 3967 1215 4018 Acron
1289 3967 1347 4018 et

213 4029 503 4089 comment.
544 4034 711 4104 Cruq.
748 4035 850 4089 hos
891 4052 1084 4090 versus
1118 4035 1233 4089 iam
1269 4036 1344 4089 le-

210 4111 418 4173 gerunt,
469 4123 575 4161 nec
632 4107 767 4176 quia
823 4107 1010 4161 nescio
1057 4125 1167 4176 quo
1217 4124 1346 4162 casu

210 4176 348 4244 apud
371 4177 816 4248 Porphyrionem
849 4178 1068 4233 nullum
1097 4178 1184 4233 his
1222 4197 1343 4233 ver-

211 4245 353 4301 sibus
387 4251 708 4320 appositum
736 4249 986 4304 scholion
1025 4253 1124 4318 est,
1148 4251 1345 4306 licebit

212 4333 329 4373 cum
378 4319 624 4377 Linkero
680 4321 1064 4392 imprudenter
1125 4323 1342 4378 conclu·

215 4387 354 4453 dere,
386 4391 832 4464 Porphyrionem
869 4411 962 4449 eos
1007 4411 1198 4449 versus
1235 4410 1349 4450 non

219 4475 519 4529 agnoscere.

278 4532 344 4587 V.
386 4539 428 4590 1.
482 4535 714 4620 vemto]
772 4535 947 4605 Quam
1008 4536 1139 4591 vani
1214 4537 1350 4591 olim

219 4600 420 4661 fuerint
462 4607 706 4663 Romam
757 4608 817 4661 in
860 4607 1250 4678 investiganda
1293 4613 1350 4663 et

311 4723 522 4769 nonnus
548 4729 620 4771 αι.
645 4727 978 4781 »mentm-ger
1005 4729 1081 4772 ea.
1107 4729 1212 4773 v11.

1444 1602 1763 1728 2¹:323&ss
1816 1599 2593 1728 3323¹²⁸0135¹333²3332

1441 1745 1556 1814 ple,
1577 1746 1675 1815 qui
1694 1743 1997 1798 Plutarcho
2020 1743 2144 1869 Syit.
2169 1744 2343 1799 Cicer.
2367 1743 2421 1815 1)
2449 1749 2593 1799 teste

1442 1834 1618 1887 genus
1644 1817 1926 1871 duxerunt
1962 1833 1995 1870 a
2067 1816 2184 1869 ullo
2210 1816 2390 1885 Attio,
2428 1833 2595 1885 quem

1455 1883 1855 1956 βασιλεύσαντα
1910 1886 2049 1942 dicit
2105 1888 2167 1941 ἐν
2217 1882 2594 1955 Οὐολούσκοις,

1443 1960 1676 2014 Aurelio
1736 1959 1965 2014 Victore
2021 1958 2090 2026 (c.
2130 1959 2219 2027 81)
2275 1963 2503 2013 auctore
2560 1976 2595 2012 a

1444 2030 1609 2085 Tullo
1662 2031 1825 2087 Tatio
1881 2047 2029 2100 rege.
2111 2029 2235 2099 Ipse
2277 2030 2353 2084 M.
2402 2030 2594 2085 Cicero

1440 2101 1625 2158 iocose
1670 2107 1736 2156 ut
1776 2101 2018 2164 videtur,
2066 2099 2228 2156 Tusc.
2274 2100 2318 2164 1,
2375 2104 2459 2170 16,
2497 2101 2593 2154 38:

1442 2191 1629 2299 ἐῡΐιῖἳο
1644 2178 1921 2299 “³32⁸ssss
1960 2173 2301 2298 {323233
2313 2171 2593 2298 31.

1441 2317 1609 2370 miam
1655 2262 1850 2386 ipsun?
1890 2321 2115 2387 gentem
2164 2315 2235 2370 ad
2276 2283 2593 2399 fabulosum

1441 2387 2382 2529 353332332235‘32335133332
2396 2387 2595 2529 {¹333

1442 2531 1795 2587 innocentem
1851 2530 2075 2586 Horatii
2119 2529 2593 2600 familiariumque

1440 2603 1645 2658 iocum.
1673 2635 1740 2643 —
1768 2603 2008 2674 quando]
2050 2603 2332 2671 quoniam.
2370 2602 2484 2658 Sat.
2524 2602 2595 2668 Π,

1443 2677 1494 2744 5,
1532 2677 1583 2729 9.
1657 2675 1729 2744 11,
1767 2678 1819 2743 7,
1855 2677 1907 2730 5.
1978 2673 2195 2729 Deinde
2230 2674 2450 2744 priores
2486 2673 2594 2729 La·

1441 2746 1588 2801 miae
1618 2747 1654 2800 i.
1684 2765 1727 2802 e.
1755 2746 1998 2816 pristini,
2035 2746 2206 2816 primi
2232 2751 2594 2815 opponuntur

1443 2835 1637 2873 eorum
1692 2819 1989 2888 nepotibus
2043 2835 2219 2886 usque
2255 2817 2328 2872 ad
2366 2835 2458 2872 eos
2496 2818 2593 2886 qui

1442 2894 1579 2944 tunc
1631 2890 1914 2945 vivebant.
1975 2919 2041 2929 —
2096 2905 2348 2944 memores
2392 2887 2593 2960 fastos]

1448 2961 1628 3016 Carm.
1667 2961 1764 3025 IV,
1807 2965 1889 3030 14,
1930 2961 1982 3014 4.
2020 2959 2161 3016 Sunt
2199 2965 2386 3015 autem
2424 2977 2593 3015 anna-

1445 3033 1524 3087 les
1563 3032 1697 3086 libri
1734 3037 1835 3088 aut
1871 3049 2008 3101 quos
2034 3032 2265 3088 Lamiae
2300 3049 2433 3087 vere
2468 3049 2597 3088 con-

1445 3105 1745 3158 tinuarunt
1784 3110 1883 3160 aut
1916 3105 2097 3158 iocose
2132 3103 2266 3160 ficti.
2290 3133 2355 3143 —-
2378 3109 2596 3159 auctore

1445 3176 1514 3230 ab
1550 3175 1667 3244 illo]
1722 3175 1814 3230 Sic
1872 3175 2177 3230 revertitur
2231 3175 2304 3230 ad
2352 3176 2596 3244 primum

1447 3265 1671 3301 versum
1696 3249 2102 3317 copulaturque
2136 3248 2456 3316 interrupta
2476 3264 2598 3301 sen·

1446 3320 1659 3388 tentia3
1688 3337 1861 3388 quare
1897 3320 2145 3373 omnium
2171 3317 2425 3373 codicum
2463 3318 2597 3372 scri-

1445 3395 1616 3460 ptura
1652 3390 1806 3446 ducis
1835 3409 1934 3446 cur
1974 3391 2168 3446 cedere
2205 3390 2408 3446 debeat
2427 3390 2595 3445 Hein-

1445 3462 2595 3604 ssafigglcissftudggedtlciitbrissonhfflliiitiiexine-n-

1445 3603 1606 3659 sium.
1627 3605 1757 3660 Luc.
1770 3605 1963 3660 Phars.
1975 3606 2018 3670 Ι,
2034 3607 2165 3659 423:
2192 3610 2283 3674 „et
2306 3606 2597 3660 umbrosae

1447 3675 1597 3730 Liris
1634 3695 1737 3747 per
1762 3695 1937 3750 regna
1962 3677 2263 3732 Maricae.“
2304 3677 2592 3732 Claudian.

1446 3748 1508 3802 in
1541 3747 1710 3803 Prob.
1762 3754 1820 3804 ct
1857 3748 2048 3816 Olybr.
2087 3765 2235 3804 cons.
2274 3751 2403 3802 259:
2465 3748 2596 3820 „fla-

1446 3838 1660 3946 xfflffl
1696 3825 1881 3946 “5355
1909 3825 2217 3963 {mazza}
2234 3819 2596 3962 Ms‘ffss‘zffi

1448 3963 1649 4018 iocosa.
1682 3962 1767 4017 De
1804 3963 2060 4018 adverbii
2086 3981 2211 4018 cum
2248 3963 2595 4018 substantivo

1449 4035 1842 4090 coniunctione
1876 4034 2149 4105 (hyphen)
2187 4034 2257 4090 cf.
2298 4035 2477 4089 Carm.
2502 4033 2596 4102 IV,

1448 4108 1499 4174 6,
1531 4109 1581 4160 3.
1654 4105 1821 4176 Verg.
1858 4109 1997 4162 Aen.
2038 4106 2083 4176 1,
2120 4107 2207 4160 21.
2262 4106 2423 4161 Ovid.
2463 4104 2597 4159 Her.

1453 4179 1535 4246 17,
1594 4179 1689 4231 57:
1756 4178 2069 4249 „Phrygiae
2124 4179 2238 4232 late
2287 4176 2598 4248 primordia

1487 4250 1685 4305 entia.“
1723 4250 1834 4305 Cic.
1874 4249 2097 4306 Tuscul.
2135 4249 2208 4318 11,
2243 4251 2329 4316 22,
2366 4251 2451 4302 53.
2515 4248 2597 4302 Id.

1500 4326 1576 4376 at.
1616 4321 1766 4377 deor.
1804 4323 1846 4388 1,
1879 4325 1968 4392 24,
2005 4323 2073 4376 68
2112 4321 2309 4390 „quasi
2344 4319 2599 4388 corpus.“

1451 4392 1649 4448 Catull.
1688 4397 1741 4462 4,
1781 4393 1871 4447 1οε
1927 4394 2071 4462 „iste
2117 4397 2245 4463 post
2282 4391 2597 4462 phaselus.“

1451 4463 1675 4520 Terent.
1714 4465 1888 4519 Andr.
1927 4463 1974 4534 Ι,
2016 4468 2068 4534 2,
2104 4469 2168 4518 4:
2208 4463 2345 4534 „Eri
2381 4479 2598 4532 semper

1450 4537 1707 4591 lenitas.“

1523 4607 1589 4663 V.
1638 4610 1688 4663 9.
1762 4606 1969 4676 nemus]
2028 4623 2139 4660 non
2194 4606 2421 4663 arbores
2434 4647 2448 4676 ,
2502 4606 2599 4660 sed

2136 4706 2203 4756 14
