3092 5059
449 222 576 286 472

1407 216 1909 285 SATIRARUM

552 408 670 483 De
722 431 808 483 re
859 406 1246 481 communi
1291 406 1591 481 scribae
1644 430 1927 503 magna
1974 417 2209 506 atque
2258 430 2461 481 nova
2509 418 2587 482 te

557 530 907 609 Orabant
949 530 1186 607 hodie
1235 530 1737 628 meminisses,
1788 530 2096 628 Quinte,
2150 530 2465 628 reverti3

555 654 984 756 Imprimat‚
1037 656 1180 752 his,
1235 680 1444 753 cura,
1496 656 1908 733 Maecenas
1962 656 2183 756 signa
2231 655 2534 733 tabellis
2550 654 2622 731 :“

556 781 879 879 Dixeris,
931 780 1347 879 Experiar:
1403 779 1538 877 „Si
1587 778 1727 878 vis,
1783 777 2081 883 potes‚“
2125 780 2351 857 addit
2398 793 2475 858 et
2525 783 2783 857 instat.

473 942 524 983 ⁴0
559 906 946 1004 Septimus
999 919 1268 982 octavo
1321 907 1647 1008 propior
1694 907 1849 983 iam
1904 906 2194 1007 fugerit
2242 932 2509 1004 annus,

555 1032 674 1107 Ex
727 1056 878 1131 quo
931 1031 1340 1109 Maecenas
1383 1058 1509 1109 me
1571 1032 1827 1131 coepit
1875 1032 2163 1109 habere
2212 1058 2525 1109 suorum

555 1156 651 1232 In
695 1181 1042 1253 numer0‚
1096 1158 1496 1235 dumtaxat
1550 1158 1649 1234 ad
1702 1158 1876 1247 hoc,
1933 1182 2157 1259 quem
2210 1156 2489 1235 tollere
2539 1157 2780 1235 raeda

557 1281 812 1358 Vellet
859 1282 1004 1358 iter
1055 1282 1349 1359 faciens
1401 1297 1478 1359 et
1527 1284 1653 1359 cui
1702 1282 2169 1361 concredere
2224 1307 2470 1383 nugas

559 1406 736 1483 Hoc
745 1430 1012 1504 genus:
1029 1406 1298 1504 „Hora
1309 1420 1546 1508 quota
1556 1410 1717 1485 est?
1734 1407 1993 1483 Thrax
2004 1420 2119 1484 est
2128 1406 2447 1485 Gallina
2456 1404 2651 1507 Syro
2666 1410 2859 1508 par?

475 1565 526 1608 ιιι
557 1532 932 1609 Matutina
990 1558 1264 1634 parum
1319 1546 1583 1609 cautos
1636 1534 1787 1610 iam
1844 1534 2144 1632 frigora
2192 1532 2555 1609 mordent
2570 1529 2643 1629 3“

558 1658 656 1731 Et
706 1681 906 1758 quae
953 1658 1242 1735 rimosa
1287 1658 1486 1735 bene
1539 1658 2032 1757 deponuntur
2080 1660 2163 1735 in
2214 1682 2423 1735 aure.

560 1782 710 1859 Per
755 1795 1000 1859 totum
1042 1782 1194 1859 hoc
1240 1794 1544 1885 tempus
1597 1783 2011 1860 subiectior
2060 1784 2141 1859 in
2194 1782 2403 1859 diem
2457 1796 2536 1860 et
2582 1781 2857 1857 horam

559 1906 913 1984 Invidiae
963 1921 1244 1985 noster.

461 2131 550 2186 ad.
592 2131 706 2186 Sat.
732 2132 779 2196 I,
819 2132 870 2197 5,
907 2133 1089 2188 23.—
1022 2130 1409 2203 —Putan„
1416 2132 1615 2186 Puteal

462 2204 616 2258 locus
663 2208 786 2258 erat
829 2204 890 2258 in
935 2202 1089 2272 foro,
1145 2203 1218 2258 ad
1264 2220 1432 2272 quem
1487 2220 1613 2258 con·

461 2275 766 2330 veniebant
817 2281 1156 2330 mercatores
1203 2278 1259 2329 et
1305 2274 1615 2330 faenerato·

465 2364 553 2401 res
595 2347 667 2401 ad
703 2347 1040 2402 tradendum
1085 2351 1145 2401 et
1179 2346 1617 2417 recipiendumf‘

465 2418 676 2473 Gomm.
705 2418 871 2488 Cruq.
909 2418 1043 2473 Fuit
1068 2424 1254 2473 autem
1281 2420 1474 2489 puteal
1501 2435 1617 2473 sae-

462 2495 626 2560 ptum
662 2490 946 2559 lapideum
992 2495 1164 2560 puteo
1210 2490 1619 2545 circumdatum

464 2578 535 2617 ne
557 2562 770 2617 incauti
796 2562 856 2615 in
880 2566 1112 2631 puteum
1142 2560 1489 2631 deciderent3
1526 2561 1618 2615 cui

466 2633 692 2702 quidem
729 2633 910 2687 simile
947 2636 1070 2688 erat
1105 2638 1359 2703 saeptum
1385 2634 1508 2689 loco
1533 2650 1617 2687 sa·

465 2722 562 2759 cro
599 2704 1025 2769 circumdatum,
1071 2722 1142 2761 ne
1191 2705 1392 2759 humus
1430 2722 1619 2759 conse-

465 2780 624 2831 crata
675 2776 1154 2845 praetereuntium
1199 2776 1436 2845 pedibus
1489 2793 1620 2831 con-

468 2847 796 2902 culcaretur.
843 2847 966 2902 Hoc
1000 2849 1122 2902 loco
1163 2848 1313 2917 quod
1349 2864 1617 2902 memora-

467 2922 566 2972 tur
602 2918 837 2973 Libonis
891 2923 977 2974 est
1023 2920 1142 2973 sive
1186 2918 1618 2974 Scribonianum

468 3007 503 3044 a
539 2989 756 3044 Libone
792 2991 1034 3059 quodam
1072 2990 1364 3045 Scribonio
1401 2996 1619 3045 exstru-

470 3064 606 3115 tum.
663 3061 842 3130 Epist.
880 3061 927 3131 1,
969 3064 1052 3131 19,
1088 3064 1140 3116 8.
1177 3092 1242 3101 —
1278 3062 1514 3132 adesses]
1552 3065 1621 3117 ut

465 3133 628 3187 testis
665 3134 816 3202 apud
858 3134 1256 3204 argentarium.

539 3204 604 3258 V.
631 3204 716 3258 36.
753 3204 820 3259 de
853 3221 912 3259 re
934 3206 1224 3275 ommuni]
1263 3204 1413 3259 Olim
1441 3206 1619 3259 Hora·

467 3275 580 3329 tius
616 3276 734 3345 ipse
760 3276 1070 3331 scribarum
1095 3269 1280 3359 ordini
1301 3277 1619 3360 adscriptus

468 3351 614 3412 erat3
657 3365 830 3416 quare
877 3348 1013 3417 quid
1059 3348 1264 3403 mirum
1309 3350 1354 3402 si
1403 3348 1619 3403 scribae

468 3422 606 3472 tunc
640 3437 862 3489 quoque
897 3423 1124 3488 poetam
1147 3437 1310 3473 suum
1346 3420 1619 3475 haberent

469 3506 824 3617 ffisseffi.
851 3495 1274 3633 ‘3331033350
1276 3492 1619 3618 ἳὶθῖἕέἷὲἷὲ

473 3662 536 3672 —
585 3633 806 3704 Quinte]
852 3633 925 3688 cf.
973 3634 1088 3689 Sat.
1133 3634 1204 3697 ΙΙ,
1246 3636 1297 3702 5,
1335 3636 1419 3689 82.
1491 3634 1619 3689 Non

467 3708 556 3759 est
589 3706 711 3759 veri
745 3706 945 3772 simile,
979 3706 1150 3760 etiam
1172 3710 1294 3759 tum
1319 3706 1619 3759 Horatium

467 3776 709 3830 scribam
757 3775 957 3831 fuisse·
943 3818 957 3845 ‚
1014 3777 1298 3845 quomodo
1349 3778 1515 3844 enim,
1570 3777 1619 3831 si

469 3847 588 3916 ipse
612 3848 825 3913 fuisset,
847 3848 1158 3903 scribarum
1187 3848 1413 3930 negotia
1434 3818 1619 3904 ali’ena

467 3919 742 3987 potuisset
801 3919 1085 3988 appellare
1100 3920 1128 3972 ¹?
1191 3948 1256 3958 —-
1317 3918 1617 3987 imprimat,

465 3990 628 4129 9136,αέ
664 3990 744 4115 gf
788 3990 982 4130 03:1¹0
985 3990 1273 4130 ,Ιὶιιῗιῗιίιιῗ
1275 3990 1616 4127 iuulssaffi

469 4133 678 4187 curabo
716 4101 939 4195 sen”tiat‚
980 4131 1126 4199 Quos
1165 4133 1511 4187 attentarit.“
1552 4162 1617 4173 —

469 4201 706 4272 tabellis]
759 4203 1014 4258 Otiosum
1061 4203 1286 4260 videtur
1333 4222 1621 4272 quaerere,

473 4292 614 4343 quae
655 4274 872 4330 fuerint
909 4275 1167 4330 tabellae.
1209 4274 1431 4329 Sufficit
1467 4276 1620 4344 quod

473 4350 688 4400 certum
725 4352 828 4431 est,
868 4364 1006 4417 opus
1043 4347 1214 4401 fuisse
1247 4351 1314 4401 ut
1337 4346 1620 4414 publicam

471 4416 640 4470 fidem
669 4418 984 4487 acciperent
1007 4418 1249 4472 tabellae
1273 4417 1434 4486 signo
1455 4417 1619 4473 Octa-

471 4488 626 4542 viani
650 4488 962 4544 Maecenati
1003 4489 1312 4544 commisso.
1350 4517 1416 4527 —
1453 4491 1619 4557 septi·

473 4574 594 4612 mus
627 4559 834 4630 octavo]
870 4560 998 4615 vide
1025 4559 1216 4614 Vitam
1241 4559 1377 4614 Hor.
1395 4576 1451 4628 p.
1473 4562 1523 4613 7.
1551 4590 1617 4599 -

1346 1908 1608 1983 Ludos
1660 1920 2141 2007 spectaverat
2188 1934 2363 2006 una,

1708 2130 2004 2187 dumtaxat
2051 2131 2128 2187 ad
2171 2131 2288 2205 hoc]
2344 2130 2499 2201 Quae
2549 2135 2861 2203 sequuntur

1710 2204 1893 2259 iocose
1928 2206 2234 2258 extenuant
2279 2221 2435 2258 suam
2482 2221 2611 2259 cum
2645 2203 2859 2259 Maece-

1708 2278 1841 2330 nate
1895 2274 2359 2330 necessitudinem
2375 2316 2391 2345 ,
2452 2276 2663 2345 quippe
2718 2293 2863 2344 quae

1709 2346 2010 2402 admodum
2048 2346 2232 2401 aliena
2282 2346 2394 2401 fuit
2427 2364 2462 2402 a
2506 2348 2657 2401 curis
2692 2364 2860 2413 nego-

1708 2419 1917 2487 tiisque
1959 2418 2325 2488 publicis.-
2368 2418 2585 2489 stram]
2636 2418 2862 2473 Gallina

1708 2507 1911 2545 nomen
1954 2496 2041 2545 est
2088 2490 2419 2561 gladiatoris
2454 2507 2655 2560 parma
2690 2488 2861 2545 Thre-

1708 2562 1889 2617 cidica
1935 2567 1993 2617 et
2040 2561 2230 2633 gladio
2272 2562 2507 2616 incurvo
2550 2561 2765 2631 induti;
2818 2562 2863 2616 is

1710 2634 2065 2702 componitur
2136 2650 2263 2689 cum
2338 2634 2451 2687 alio
2526 2633 2861 2717 gladiatore.

1710 2704 1870 2775 Syro,
1906 2704 2261 2765 mil-milwae,
2307 2704 2525 2789 gallicis
2574 2705 2745 2759 armis
2782 2705 2863 2759 in·

1708 2781 1925 2831 structo
1970 2781 2027 2831 et
2071 2776 2241 2846 piscis
2286 2769 2601 2848 (μορμύλου
2646 2794 2691 2831 s.
2728 2796 2865 2847 μορ-

1708 2842 1962 2973 mi).
1936 2866 2029 2974 ¹¹32
2100 2865 2251 3004 Ἓξ
2280 2849 2355 2975 31¹?
2364 2848 2585 2975 ait-{2⁸02
2602 2848 2867 2975 ..¹533ae

1710 2990 2097 3062 reperiuntur,
2154 2991 2273 3045 sine
2331 2990 2679 3057 discrimine,
2734 3008 2865 3045 nam

1712 3062 1862 3131 quod
1881 3063 2019 3117 olim
2038 3062 2471 3128 constituebant,
2486 3063 2571 3117 ita
2588 3066 2655 3117 ut
2674 3062 2869 3117 Thrax

1708 3139 1769 3189 et
1794 3134 2012 3189 Thaca:
2030 3134 2245 3204 populi,
2275 3132 2454 3189 Threx
2484 3134 2867 3204 gladiatorum

1712 3223 1915 3259 nomen
1962 3210 2123 3269 esset,
2166 3206 2383 3259 nullum
2426 3210 2529 3273 est,
2564 3211 2633 3259 ut
2664 3206 2865 3260 docue-

1711 3282 1848 3331 runt
1865 3275 2106 3331 Orellius
2148 3276 2221 3331 ad
2256 3276 2311 3330 h.
2348 3278 2385 3330 1.
2424 3281 2483 3331 et
2518 3276 2867 3332 Fleckeisen.

1712 3347 2011 3418 (Philolog.
2032 3346 2124 3400 IV.
2150 3364 2205 3417 p.
2226 3348 2355 3416 312)
2398 3352 2591 3403 tamen
2624 3348 2864 3419 Kriiger.

1710 3420 1954 3475 Fritsch.
2014 3418 2297 3474 Eckstein.
2363 3419 2594 3474 Holder.
2653 3420 2867 3474 Keller.

1711 3491 2103 3561 praetulerunt
2147 3490 2367 3545 Thra&
2402 3490 2474 3546 cf.
2500 3491 2683 3560 Epist.
2710 3491 2755 3557 1,
2784 3492 2867 3557 18,

1714 3564 1801 3617 36.
1838 3590 1907 3603 -
1942 3562 2312 3632 deponuntur]
2365 3562 2437 3617 cf.
2478 3562 2661 3617 Carm.
2700 3564 2743 3631 I,
2780 3564 2869 3625 27,

1716 3636 1800 3688 18.
1852 3664 1919 3673 -
1966 3633 2169 3701 ωπον]
2220 3634 2429 3689 comice
2481 3650 2589 3702 pro
2636 3650 2755 3703 eqo,
2804 3640 2869 3687 ut

1712 3706 1896 3759 Plaut.
1944 3704 2229 3774 Amphitr.
2276 3705 2321 3773 1,
2369 3705 2418 3772 1,
2454 3706 2587 3759 242:
2664 3706 2867 3773 „Merc-

1711 3776 1799 3831 Tu
1834 3794 1925 3831 me
1960 3778 2120 3830 vivus
2157 3776 2325 3831 hodie
2370 3793 2659 3845 nunquam
2698 3777 2867 3831 facies

1712 3850 1847 3917 quin
1884 3848 1989 3902 sim
2014 3847 2189 3903 Sosia.
2224 3847 2415 3903 Sosia-
2460 3848 2627 3903 Certe
2668 3848 2867 3918 edepol

1712 3924 1775 3975 tu
1810 3936 1903 3974 me
1952 3919 2225 3975 alienabis
2268 3936 2557 3988 nunquam
2595 3920 2735 3989 quin
2768 3936 2870 3974 κο·

1710 3997 1821 4046 ster
1876 3990 2047 4060 siem,
2107 3992 2225 4046 Nec
2276 3991 2438 4045 nobis
2490 3996 2725 4060 praeter
2780 4008 2871 4045 me

1713 4063 2007 4131 quisquam
2068 4066 2155 4117 est
2208 4063 2351 4117 alius
2406 4079 2603 4117 servus
2656 4062 2867 4119 socie-f

1711 4134 1786 4188 id.
1838 4134 1984 4188 Rud.
2022 4134 2119 4201 IV,
2156 4135 2207 4201 7,
2242 4135 2339 4187 20·
2401 4134 2689 4203 „minume
2724 4134 2869 4189 istuc

1710 4205 1849 4259 facit
1908 4208 2103 4259 noster
2159 4172 2505 4260 D’aemones“
2562 4206 2603 4259 i.
2659 4224 2710 4260 e.
2764 4222 2869 4275 ego

1711 4277 2040 4331 Daemones.
2114 4304 2181 4315 —
2240 4276 2605 4347 spectaverat]
2664 4277 2873 4331 omissa

1711 4348 1990 4417 particula
2011 4348 2082 4416 si,
2107 4352 2173 4401 ut
2196 4364 2367 4417 supra
2401 4366 2457 4402 v.
2488 4349 2577 4402 39.
2617 4348 2735 4403 Sat.
2754 4348 2871 4415 1‚3,

1712 4420 1798 4472 56.
1836 4418 1908 4485 11,
1928 4421 1979 4486 7,
2000 4422 2086 4473 68.
2126 4418 2357 4474 Servavi
2394 4436 2522 4473 cum
2548 4419 2867 4474 Kirchnero

1710 4489 1985 4544 Teuffelio
2024 4490 2275 4545 Mueller.
2316 4488 2547 4545 Holder.
2578 4490 2868 4547 Eckstein.

1713 4558 1951 4617 Fritsch.
1974 4562 2217 4633 Kriiger.
2250 4562 2867 4633 plusquamperfectum
