3092 5059
1269 263 1430 330 LIB.
1475 265 1586 330 IV.
1630 263 1882 330 GARM.
1926 265 2001 331 V.
2717 267 2841 332 259

762 483 814 525 ιι
852 452 1040 545 Quis
1097 451 1468 527 Parthum
1521 463 1818 550 paveat,
1874 452 2043 552 quis
2098 451 2443 552 gelidum
2483 451 2838 551 Scythen,

843 577 1034 670 Quis
1087 576 1505 676 Germania
1554 601 1744 675 quos
1803 575 2125 652 horrida
2160 576 2493 675 parturit

839 701 1070 778 Fetus
1125 701 1496 778 incolumi
1553 695 1955 781 Caesare?
1986 701 2153 800 quis
2208 702 2423 777 ferae

1041 824 1346 901 Bellum
1402 838 1617 900 curet
1667 823 2087 902 Hiberiae?

844 996 1132 1076 Condit
1185 1000 1512 1100 quisque
1569 1000 1777 1084 diem
1830 999 2156 1078 collibus
2200 1004 2289 1079 in
2340 1003 2496 1079 suis

760 1156 812 1198 m
843 1125 940 1199 Et
991 1125 1219 1200 vitem
1277 1124 1547 1201 viduas
1600 1125 1818 1201 ducit
1869 1125 1969 1201 ad
2014 1128 2362 1224 arbores3

667 1231 674 1240 ’
834 1247 1041 1324 Hinc
1094 1249 1194 1324 ad
1246 1250 1426 1324 vina
1470 1250 1676 1326 redit
1724 1250 1973 1328 laetus
2024 1266 2101 1329 et
2149 1252 2408 1328 alteris

1034 1373 1146 1450 Te
1198 1375 1482 1450 mensis
1533 1372 1855 1452 adhibet
1908 1375 2176 1473 deum;

837 1547 949 1626 Te
1000 1547 1242 1624 multa
1290 1575 1545 1647 prece,
1599 1565 1677 1627 te
1727 1552 2222 1651 prosequitur
2270 1577 2485 1628 mero

837 1673 1129 1748 Defuso
1183 1673 1468 1772 pateris
1520 1687 1597 1749 et
1646 1673 1972 1752 Laribus
2022 1689 2236 1751 tuum

759 1829 808 1872 οι
841 1797 1115 1875 Miscet
1157 1824 1444 1874 numen
1496 1798 1607 1874 uti
1661 1800 1989 1879 Graecia
2044 1800 2381 1880 Castoris

1037 1923 1138 1998 Et
1185 1923 1454 2020 magni
1503 1949 1802 2000 memor
1850 1924 2237 2002 Herculis.

835 2099 1144 2198 Longas
1199 2125 1244 2174 o
1297 2100 1615 2196 utinam,
1674 2099 1831 2176 dux
1884 2101 2108 2198 bone,
2157 2103 2395 2178 ferias

837 2224 1188 2301 Praestes
1239 2224 1713 2321 Hesperiae:
1764 2225 2091 2302 dicimus
2145 2227 2443 2326 integro

422 2468 476 2534 2,
499 2468 587 2521 32.
606 2495 676 2508 --
706 2467 934 2540 paveat]
970 2467 1339 2524 Accusativus
1370 2482 1575 2538 pavore
1676 2483 1801 2522 cum
1824 2483 1932 2536 par
1960 2466 2036 2521 sit
2051 2467 2340 2538 Augustus
2374 2465 2678 2530 beneficiis.
2714 2485 2829 2523 non

421 2539 658 2594 verbum
708 2539 1022 2594 accuratius
1073 2539 1270 2594 definit
1317 2544 1377 2594 et
1429 2538 1573 2593 indi·
1674 2538 1858 2592 minus
1895 2537 2212 2593 adhibetur.
2268 2539 2435 2610 Verg.
2476 2541 2611 2595 Aen.
2649 2539 2717 2605 V,
2758 2539 2830 2593 62

423 2615 531 2673 cat,
557 2612 708 2666 circa
743 2627 911 2680 quam
945 2627 1064 2665 rem
1095 2628 1276 2681 pavor
1299 2617 1575 2666 versetur.
1676 2613 1734 2662 et
1778 2609 1907 2664 vide
1963 2610 2143 2664 Carm.
2182 2610 2279 2679 111,
2318 2613 2372 2676 3,
2414 2612 2496 2665 12.
2568 2611 2827 2666 Ceterum

422 2682 590 2752 Epod

593 2721 606 2734 .
647 2683 732 2751 12,
768 2683 854 2737 25.
1676 2680 1747 2735 cf.
1784 2681 1949 2736 Dion.
1988 2681 2135 2736 Cass.
2174 2686 2261 2751 61,
2303 2651 2386 2751 19,
2433 2683 2531 2766 qui
2568 2683 2641 2737 de
2688 2687 2829 2738 tem·

493 2753 560 2807 V.
599 2755 685 2808 26.
737 2753 995 2824 parem-it
1039 2753 1208 2823 fetus]
1261 2752 1332 2808 of.
1390 2752 1573 2823 Epod.
1674 2768 1813 2821 pore
1862 2755 1995 2822 post
2048 2769 2297 2824 pugnam
2343 2755 2649 2810 Actiacam
2686 2754 2827 2809 haec

425 2826 510 2887 16,
550 2829 600 2881 7.
669 2825 964 2880 Parturire
997 2825 1170 2880 verbo
1207 2826 1243 2878 i.
1281 2844 1328 2880 e.
1367 2825 1572 2880 iterum
1675 2824 1923 2894 scripsit:
1971 2825 2070 2893 „bv
2103 2831 2216 2884 τοῖς
2252 2829 2567 2894 συσσιτίοις,
2603 2821 2707 2897 οὐχ
2742 2821 2826 2880 ὅτι

421 2897 738 2981 iterumque
773 2913 974 2966 parere
1011 2896 1102 2965 (ut
1127 2896 1310 2952 Carm.
1335 2897 1452 2965 1,7,
1479 2897 1571 2966 16)
1674 2901 1787 2956 τοῖς
1820 2903 2023 2956 κοινοῖς
2061 2892 2199 2950 ἀλλὰ
2236 2901 2326 2950 καὶ
2354 2903 2470 2956 τοῖς
2492 2897 2670 2963 ἰδίοις,
2695 2892 2833 2952 πάν·-

421 2969 649 3040 0srosi0
697 2967 884 3039 ⁸isuifi

887 2973 1049 3023 catur
1091 2985 1298 3038 magna
1345 2967 1574 3023 Germa-
1673 2985 1769 3026 τας
1820 2964 1965 3054 αυτῷ
2016 2968 2283 3023 σπένδειν
2334 2969 2627 3023 ἐκέλευσαν
2676 2969 2732 3028 ἔς
2776 2985 2833 3022 τε

421 3057 622 3094 norum
667 3039 950 3094 Romanos
1003 3039 1309 3094 lacessendi
1358 3039 1573 3124 cupidi·
1676 3037 1798 3097 τοὺς
1832 3035 2038 3122 ὕμνους
2072 3035 2241 3094 αυτὸν
2276 3041 2335 3099 ἐξ
2367 3045 2491 3093 ἴσου
2533 3046 2644 3098 τοῖς
2680 3045 2831 3100 θεοῖς

419 3115 528 3174 tas,
565 3128 676 3180 qua
713 3129 1000 3180 nunquam
1036 3109 1174 3166 fines
1219 3111 1441 3180 imperii
1478 3110 1571 3165 de-
1674 3103 2082 3183 ἐγγράφεσθαι.
2086 3111 2121 3140 “
2184 3110 2347 3165 Ovid.
2386 3111 2539 3166 Fast.
2584 3111 2656 3176 11,
2697 3113 2831 3167 686:

419 3188 642 3238 vastare
679 3181 978 3237 desierunt.
1021 3180 1192 3238 Fetus
1227 3187 1416 3237 autem
1440 3186 1573 3236 sunt
1676 3181 1891 3250 „Parca
1925 3188 2260 3252 precaturas
2307 3183 2509 3238 sumite
2546 3184 2680 3238 vina
2714 3201 2832 3238 ma·

421 3254 692 3309 immania
716 3253 1122 3308 Germanorum
1161 3271 1415 3323 corpora.
1451 3253 1571 3307 Ma·
1674 3271 1796 3321 nus,
1832 3253 1911 3308 Et
1950 3254 2092 3308 bene
2128 3271 2252 3322 νοις
2300 3254 2443 3310 bene
2486 3259 2562 3317 te,
2610 3255 2830 3326 patriae

419 3325 520 3380 nil.
567 3325 664 3387 IV.
707 3329 837 3380 ¹710:
896 3325 1110 3394 „Flava
1161 3343 1264 3395 per
1315 3326 1571 3396 ingentes
1672 3329 1854 3394 pater,
1892 3324 2105 3396 optime
2142 3325 2360 3394 Caesar,
2397 3326 2583 3381 Dicite
2618 3325 2828 3382 suffuso

420 3398 606 3482 surgit
631 3397 934 3452 Germania
965 3401 1216 3467 partus“
1251 3395 1571 3465 —condifl
1673 3401 1763 3450 ter
1780 3413 1937 3451 sacra
1958 3396 2130 3452 verba
2148 3413 2319 3451 mero.
2323 3398 2357 3428 “
2385 3399 2669 3468 —maym’
2690 3397 2829 3452 Her·

421 3469 600 3540 exigit
635 3469 784 3524 inter
819 3469 1086 3524 laborem.
1145 3469 1237 3523 Sic
1275 3469 1450 3523 latine
1485 3467 1569 3522 di·
1674 3468 1837 3536 culis]
1879 3467 2139 3523 Genetivi
2176 3469 2427 3538 suspensi
2464 3475 2595 3524 sunt
2620 3487 2687 3524 ex
2715 3468 2832 3525 adi.

419 3541 597 3595 cimus
633 3541 792 3608 dim,
817 3547 1048 3609 motem,
1079 3541 1310 3594 lustrum
1327 3539 1570 3595 condere.
1672 3555 1901 3609 memor-3
1955 3540 2037 3595 ita
2081 3540 2203 3609 ipse
2238 3541 2641 3596 vocabulorum
2687 3541 2827 3596 ordo

420 3611 642 3667 Deinde
679 3611 822 3668 bene
866 3611 1124 3667 additum
1160 3615 1248 3666 est
1281 3612 1419 3680 suis,
1457 3626 1571 3680 quo
1674 3611 1889 3676 suadet,
1946 3611 2015 3666 de
2072 3628 2183 3680 quo
2236 3611 2429 3667 confer
2484 3612 2587 3667 hos
2643 3615 2831 3667 locos·

421 3701 590 3754 quam
635 3689 820 3740 certae
859 3689 982 3738 tum
1026 3683 1401 3753 possessiones
1446 3682 1571 3737 fue-
1675 3653 2035 3752 Oarm.’1,l4,
2060 3683 2142 3736 12.
2180 3683 2223 3744 Ι,
2250 3685 2437 3750 17,21.
2474 3684 2519 3753 1,
2550 3686 2745 3753 18,12.
2784 3683 2829 3753 Ι,

419 3756 540 3810 rint
573 3754 936 3827 significetur.
977 3783 1043 3796 --
1083 3755 1242 3810 vitem
1276 3753 1448 3823 ducit]
1486 3754 1569 3808 vi·
1674 3755 1762 3822 24,
1806 3759 1885 3808 13.
1924 3755 1969 3822 1,
2005 3756 2094 3821 27,
2138 3757 2217 3808 10.
2260 3755 2303 3825 1,
2340 3757 2427 3823 86,
2470 3759 2552 3810 18.
2588 3756 2663 3811 11.
2696 3758 2745 3824 1,
2774 3759 2825 3811 9.

421 3827 492 3882 de
529 3828 601 3882 ad
623 3774 816 3882 Carm.
855 3826 926 3894 ΙΙ,
967 3828 1052 3895 15,
1091 3829 1141 3880 4.
1180 3824 1362 3896 Epod.
1400 3827 1452 3893 2,
1485 3827 1570 3879 10.
1672 3825 1773 3893 111,
1792 3827 1843 3886 9.
1864 3828 1915 3880 7.
1951 3825 2044 3892 IV,
2074 3827 2235 3894 6,38.
2273 3825 2367 3888 IV.
2396 3830 2475 3895 11,
2500 3829 2587 3881 81.
2624 3827 2718 3896 IV,
2744 3829 2825 3892 15,

421 3927 492 3940 -·
517 3899 596 3954 ad
629 3897 786 3968 vina]
823 3897 992 3952 Redit
1027 3898 1276 3981 agricola
1313 3897 1571 3952 confecto
1672 3898 1759 3951 26.
1832 3897 2047 3951 Deinde
2099 3913 2299 3953 memor
2341 3899 2452 3953 adi.
2500 3915 2613 3953 non
2660 3897 2827 3954 facile

421 3970 614 4025 labore
663 3970 735 4025 ad
783 3987 994 4038 cenam,
1041 3970 1189 4024 inter
1231 3987 1400 4038 quam
1451 3969 1570 4024 eius
1671 3973 1829 4024 caret
1863 3968 2099 4023 obiecto.
2173 3969 2403 4026 Herculi
2452 3971 2689 4039 aliisque
2734 3969 2828 4023 he-

421 4043 592 4097 ctiam
627 4044 746 4097 sive
779 4009 1019 4096 hominis
1067 4042 1183 4096 sive
1220 4041 1310 4096 dei
1357 4057 1571 4096 memor
1672 4041 1865 4095 roibus
1884 4041 2129 4095 maxime
2150 4040 2389 4096 debebat
2402 4040 2652 4110 Graecia,
2674 4039 2826 4109 quod

419 4118 524 4181 est,
564 4115 654 4169 cui
689 4114 796 4169 hoc
830 4114 1012 4183 ipsum
1049 4112 1198 4182 quod
1235 4129 1436 4184 agrum
1479 4129 1570 4167 co·
1672 4129 1775 4182 per
1822 4129 2013 4167 omnes
2058 4113 2313 4184 regiones
2362 4118 2632 4184 vagantes
2672 4111 2826 4182 quic·

420 4185 538 4240 lere
571 4189 632 4240 et
666 4201 860 4240 cenam
895 4184 1184 4239 honestam
1231 4200 1435 4255 parare
1469 4201 1570 4254 po·
1673 4184 1810 4254 quid
1848 4184 2192 4240 invenissent
2241 4185 2327 4239 vel
2366 4184 2615 4239 ferorum
2652 4183 2827 4238 homi·

420 4256 534 4312 tuit
557 4261 848 4326 acceptum
881 4256 1072 4311 refert.
1113 4255 1192 4312 Et
1214 4261 1366 4311 recte
1390 4273 1569 4328 prope
1672 4273 1808 4310 num
1844 4256 1937 4310 vel
1971 4256 2279 4310 bestiarum
2314 4256 2591 4310 necabant
2625 4256 2826 4310 vitam·
2888 4255 2893 4260 ’

419 4345 610 4384 omnes
631 4327 777 4383 redit
799 4345 925 4382 cum
946 4328 1192 4398 plurima
1217 4333 1380 4398 parte
1409 4327 1568 4383 codd.
1674 4343 1781 4396 que
1836 4327 2139 4412 humanam
2186 4345 2221 4381 a
2264 4327 2549 4412 periculis·
2587 4328 2827 4411 ilberam

419 4401 1157 4526 :ffisszffiffiffizz'tfss
1193 4398 1358 4526 {¹:¹03ss
1398 4417 1569 4526 2³:¹13ss
1672 4398 2373 4540 {isthmiimciffli’fiff‘
2392 4399 2823 4525 affimat

421 4546 532 4598 tur.
573 4541 840 4598 Secundis
870 4543 1076 4598 mensis
1099 4542 1278 4597 libare
1314 4542 1571 4597 solebant
1672 4547 1831 4597 verte
1889 4542 1997 4597 heo
2050 4543 2257 4597 iterum
2312 4541 2615 4597 artificium
2628 4582 2641 4604 .
2715 4558 2826 4611 quo

418 4614 718 4686 penatibus
741 4619 799 4670 et
826 4614 932 4668 diis
967 4613 1329 4683 tutelaribus3
1367 4613 1571 4684 quibus
1674 4631 1817 4684 quae
1865 4612 2015 4668 inter
2058 4630 2117 4668 se
2162 4613 2501 4684 respondent
2550 4613 2825 4670 vocabula
