3092 5059
1425 248 1502 314 15

263 436 398 502 alia
457 435 723 503 nomina
780 456 936 503 vera
989 435 1364 511 habeamus,
1425 435 1555 501 nisi
1607 454 1773 517 quae
1838 438 1901 499 et
1966 433 2247 499 locorum
2306 439 2371 499 et
2431 439 2671 518 tempo·

260 562 402 609 rum
453 550 522 610 et
573 564 784 611 rernm
852 544 1196 611 coniuncta
1253 544 1643 609 necessitate
1704 542 2027 609 fictionem
2088 541 2450 608 excludant.
2548 543 2671 608 Ac-

259 652 439 719 cedit
487 673 617 720 non
671 654 934 719 omnino
989 653 1418 737 improbanda
1470 652 1859 736 coniectura,
1920 670 2113 737 posse
2157 652 2353 717 etiam
2403 650 2522 716 sub
2572 652 2671 718 di-

257 762 470 828 versis
533 762 902 828 nominibus
963 780 1156 826 unam
1215 781 1559 846 personam
1626 762 1855 835 latere3
1922 780 2064 825 cum
2129 760 2510 844 praesertim
2576 763 2671 827 in-

257 870 604 937 veniantur
655 889 823 953 quae
876 889 919 934 a
967 869 1257 953 corporis
1316 872 1420 936 vel
1475 871 1677 935 animi
1730 868 2145 935 facultatibus
2204 878 2465 954 sumpta
2525 890 2671 937 esse

257 986 506 1064 pateat,
573 987 643 1045 ut
700 978 982 1064 Pyrrha,
1043 980 1353 1064 Glycera,
1407 979 1683 1062 Lalage,
1744 978 2016 1043 Neaera.
2120 978 2350 1043 Virilia
2407 980 2671 1046 nomina

259 1087 334 1153 in
385 1086 800 1171 carminibus,
863 1089 994 1153 nisi
1059 1108 1227 1172 quae
1277 1090 1559 1154 virorum
1616 1093 1765 1153 sunt
1812 1093 2137 1171 gestarum
2193 1106 2405 1152 rerum
2456 1088 2669 1173 splen-

260 1195 422 1263 dore
480 1198 812 1282 nobilium,
866 1216 994 1263 non
1049 1198 1256 1264 latina
1303 1217 1448 1265 esse
1503 1199 1713 1264 solent
1764 1197 1882 1263 sed
1936 1216 2191 1281 graeca.
2288 1196 2476 1275 Quod
2528 1199 2671 1283 qui-

259 1306 414 1371 dem
465 1306 710 1373 factum
764 1316 1082 1392 putamus,
1123 1313 1198 1373 ut
1239 1326 1544 1391 graecum
1584 1306 1939 1372 carminum
1980 1324 2183 1389 genus
2228 1308 2298 1372 in
2341 1288 2465 1373 hac
2508 1326 2673 1389 quo-

259 1434 390 1498 que
453 1435 524 1483 re
589 1436 770 1483 suam
823 1423 1120 1483 naturam
1182 1422 1446 1483 teneret.
1550 1414 1806 1481 Deinde
1872 1436 1915 1481 a
1978 1414 2285 1481 Romanis
2355 1415 2671 1483 iuvenilia

257 1525 556 1609 nomina,
611 1543 778 1608 quae
833 1527 1021 1610 pueri
1073 1531 1224 1591 ante
1277 1544 1472 1608 quam
1523 1530 1742 1608 togam
1794 1523 2049 1589 virilem
2102 1532 2446 1607 sumerent,
2493 1526 2671 1609 puel·

258 1634 369 1699 lae
419 1640 573 1700 ante
629 1652 823 1717 quam
877 1634 1192 1701 nuberent
1246 1634 1485 1700 habere
1540 1633 1856 1715 solebant,
1914 1632 2161 1699 diutius
2210 1633 2436 1718 etiam,
2502 1636 2673 1701 inter

259 1742 623 1809 familiares
692 1744 994 1826 maxime,
1058 1749 1316 1809 servata
1391 1762 1534 1809 esse
1606 1743 1947 1827 probabile
2006 1751 2122 1809 est.
2222 1743 2311 1809 Ut
2370 1747 2671 1829 exempla

257 1870 652 1936 proponam,
708 1853 1040 1935 Augustus
1113 1870 1274 1937 puer
1340 1850 1668 1917 Thurinus
1739 1851 1989 1918 solebat
2044 1852 2391 1935 appellari,
2458 1872 2669 1937 neque

255 1960 445 2027 aliud
497 1969 597 2027 est
647 1980 880 2028 nomen
930 1962 1338 2047 imperatoris
1385 1959 1743 2044 Oaliyulae,
1795 1968 1908 2028 aut
1962 1981 2315 2046 cognomen
2358 1960 2441 2028 Μ’
2487 1962 2670 2029 Curii

259 2067 550 2151 Dentati,
595 2070 707 2154 qui
751 2091 896 2137 cum
939 2071 1239 2138 dentibus
1293 2077 1482 2137 natus
1526 2077 1683 2138 erat.
1770 2070 2139 2138 Puellarum
2193 2072 2505 2139 iuvenilia
2557 2093 2667 2139 no·

258 2180 446 2245 mina
495 2198 698 2262 saepe
751 2180 1167 2247 sumebantur
1215 2200 1258 2245 a
1309 2181 1524 2247 colore
1576 2180 1717 2245 sive
1760 2180 1986 2265 capilli
2031 2180 2169 2247 sive
2214 2182 2555 2265 oculorum,
2600 2186 2671 2248 ut

255 2286 464 2367 Rufa,
522 2286 785 2371 Rufina,
837 2289 1076 2373 Rutila,
1127 2289 1447 2373 Caesulla,
1501 2288 1778 2355 Ravilla.
1858 2289 2017 2356 Eius
2064 2290 2239 2356 modi
2298 2289 2500 2373 igitur
2552 2311 2669 2358 no-

253 2399 468 2476 mina,
528 2418 672 2464 cum
725 2398 948 2465 nescio
1003 2397 1157 2482 quid
1211 2398 1510 2483 poeticae
1570 2405 1837 2465 naturae
1898 2400 2237 2483 haberent,
2290 2400 2359 2465 in
2411 2400 2667 2467 Horatii

259 2508 558 2573 carmina
596 2507 896 2574 videntur
937 2526 1080 2574 esse
1123 2513 1400 2591 recepta.

466 2617 651 2684 Talis
705 2618 906 2701 igitur
956 2624 1152 2703 poeta
1205 2618 1343 2696 fuit,
1399 2636 1589 2701 quem
1634 2614 2073 2697 Quintilianus
2124 2618 2334 2685 Instit.
2381 2626 2540 2687 orat.
2584 2620 2668 2703 X,

269 2728 332 2809 1,
374 2728 458 2792 96
509 2726 646 2793 fere
697 2728 908 2794 solum
955 2746 1039 2793 ex
1087 2726 1312 2811 lyricis
1367 2727 1589 2793 latinis
1652 2726 1917 2810 dignum
1972 2726 2198 2793 habuit
2251 2728 2360 2811 qui
2420 2728 2667 2812 legere·

259 2946 606 3001 Graecorum
625 2945 876 3001 carmina
895 2945 1214 3001 imitatione
1231 2946 1413 3016 expri-

260 3035 418 3072 mere
463 3021 522 3071 et
569 3018 761 3072 eadem
809 3018 1213 3072 sententiarum
1250 3017 1412 3085 serie,

261 3088 471 3143 nedum
500 3088 696 3142 iisdem
714 3089 919 3151 verbis,
941 3088 1143 3144 Latine
1165 3088 1413 3143 reddere.

258 3160 522 3215 Exordia
579 3160 908 3229 carminum,
973 3161 1121 3215 unde
1188 3159 1416 3215 initium

259 3232 488 3287 dicendi
509 3236 565 3285 et
583 3232 932 3301 propositum
956 3236 1157 3299 sumat,
1180 3236 1236 3285 et
1259 3232 1412 3301 prin-

259 3303 468 3373 cipales
505 3304 822 3372 sententias,
860 3304 919 3357 in
966 3304 1263 3373 conspicua
1299 3303 1413 3372 ple-

262 3392 503 3443 rumque
539 3375 668 3429 sede
702 3375 792 3429 vel
829 3376 889 3429 in
923 3375 1201 3446 principio
1239 3374 1330 3429 vel
1354 3376 1414 3428 in

259 3446 450 3500 media
485 3452 648 3515 parte
683 3447 779 3501 vel
814 3447 872 3500 in
899 3447 1146 3501 clausula
1183 3447 1414 3501 colloca-

263 3522 371 3585 tas,
421 3518 625 3586 quibus
673 3518 920 3573 carmina
965 3536 1068 3573 sua
1101 3518 1415 3588 distinguat

261 3594 322 3643 et
357 3588 552 3643 doctos
595 3590 801 3644 amicos
839 3595 1059 3645 moveat
1095 3590 1186 3644 vel
1233 3588 1416 3645 oblec-

263 3664 367 3728 tet,
423 3680 456 3714 a
506 3661 732 3715 Graecis
787 3662 1108 3716 auctoribus
1161 3665 1414 3730 repetere

261 3732 424 3798 solet,
445 3736 512 3786 ut
527 3731 896 3802 multiplicem
921 3732 1084 3787 illum
1109 3750 1176 3787 ac
1193 3732 1413 3787 varium

259 3803 530 3857 orationis
573 3808 845 3871 matum,
900 3804 961 3857 in
1009 3821 1119 3873 quo
1158 3805 1254 3858 vix
1302 3803 1413 3857 dici

263 3880 469 3943 potest,
525 3878 871 3943 quantopere
931 3893 962 3929 e
1018 3875 1242 3929 Graecis
1299 3875 1412 3928 suis

263 3946 676 4014 exemplaribus
693 3946 988 4016 pendeat.“
1028 3946 1164 4001 ibid.
1183 3965 1238 4016 p.
1253 3945 1412 3999 XXI:

265 4016 568 4086 „Horatius
585 4022 883 4087 postquam
909 4018 1072 4072 initio
1093 4034 1226 4073 sane
1245 4018 1412 4071 Grae·

262 4106 356 4143 eos
399 4088 574 4157 paulo
610 4089 902 4144 sollicitius
940 4090 1232 4159 expressit,
1283 4088 1414 4142 inde

263 4178 296 4215 a
355 4160 504 4214 libro
559 4162 799 4216 secundo
849 4160 1172 4216 carminum
1227 4161 1414 4215 omnia

263 4231 337 4286 ad
379 4250 544 4287 suum
587 4232 856 4287 iudicium
893 4232 1248 4287 conformare
1293 4248 1414 4286 coe-

263 4304 366 4372 pit,
405 4302 464 4357 in
502 4304 672 4358 tertio
709 4311 767 4360 et
803 4308 1007 4375 quarto
1052 4304 1264 4359 Graeca
1299 4320 1412 4357 non

263 4380 552 4429 mutuatus
627 4380 710 4430 est
777 4376 886 4431 nisi
956 4383 1022 4432 ut
1079 4376 1418 4431 Graecorum

265 4446 602 4501 suavitatem
661 4448 798 4502 locis
858 4448 1076 4517 aliquot
1135 4446 1415 4501 adderet.“

263 4516 400 4571 ibid.
456 4536 511 4589 p.
545 4518 738 4572 XXII:
792 4518 1066 4588 Quoniam
1124 4519 1230 4574 hoc
1285 4536 1418 4588 quo-

263 4606 372 4657 que
418 4589 680 4655 vidimus,
735 4608 860 4645 eam
914 4590 1290 4645 imitationem
1345 4589 1417 4644 ab

1517 2944 1709 2999 eodem
1763 2962 1867 3015 per
1920 2945 2325 3001 diversissimos
2381 2946 2533 3001 locos
2586 2944 2669 3000 di·

1517 3034 1765 3085 spersam
1810 3018 1999 3085 fuisse,
2055 3022 2120 3072 ut
2166 3035 2279 3073 non
2328 3018 2397 3072 de
2456 3018 2665 3087 scripto

1516 3087 1614 3141 sed
1675 3104 1743 3142 ex
1804 3089 2075 3143 memoria
2127 3090 2457 3157 plerumque
2516 3088 2668 3143 facta

1514 3159 1793 3228 videatur,
1855 3160 2069 3216 Graeca
2116 3160 2341 3215 Horatii
2394 3161 2667 3229 interpre-

1516 3230 1660 3285 tatio
1698 3249 1762 3285 eo
1802 3231 2129 3316 diligentior
2178 3250 2295 3287 esse
2331 3229 2514 3298 debet,
2558 3249 2667 3301 quo

1519 3303 1705 3356 verius
1768 3319 1926 3371 quasi
1990 3302 2241 3373 dispersa
2307 3303 2669 3357 disiectorum

1513 3374 1897 3428 membrorum
1945 3374 2201 3429 collectio
2238 3375 2427 3430 vocari
2463 3378 2667 3443 potest.

1516 3444 1925 3515 Saepenumero
1997 3452 2185 3501 mente
2246 3447 2433 3515 potius
2498 3462 2667 3514 quam

1516 3516 1691 3572 oculis
1743 3517 2008 3584 cernitur,
2064 3518 2341 3587 insignem
2388 3516 2669 3586 quandam

1515 3588 1713 3643 Graeci
1749 3589 2039 3658 scriptoris
2077 3589 2412 3643 sententiam
2446 3590 2517 3643 ab
2554 3588 2667 3643 Ho-

1513 3660 1661 3714 ratio
1702 3667 1986 3729 arreptam
2008 3668 2064 3713 et
2090 3666 2495 3730 pertractatam
2532 3678 2667 3729 esse,

1515 3732 1659 3785 utin
1680 3730 1867 3785 verbis
1906 3730 2133 3800 quidem
2168 3733 2326 3787 nulla
2366 3732 2668 3787 admodum

1514 3802 1823 3857 similitudo
1888 3809 2175 3873 appareat,
2234 3805 2281 3859 si
2336 3808 2527 3858 tamen
2584 3806 2667 3858 in-

1514 3875 1837 3929 ventionem
1892 3880 1949 3930 et
2012 3880 2194 3930 totam
2252 3882 2433 3931 artem
2496 3876 2666 3944 paulo

1515 3947 1828 4001 accuratius
1898 3946 2205 4017 inspexeris
2218 3988 2231 4012 ,
2302 3965 2417 4000 non
2488 3948 2667 4017 possis

1515 4018 1796 4086 dubitare,
1833 4020 1971 4086 quin
2014 4036 2137 4073 eam
2175 4018 2514 4075 Graecorum
2550 4023 2665 4073 stu·

1515 4089 1609 4144 dio
1664 4089 1918 4143 debeat-‘⁴
1990 4090 2073 4144 De
2126 4089 2323 4144 eadem
2377 4108 2440 4144 re
2503 4090 2669 4145 docta

1516 4162 1911 4215 commentatio
1966 4166 2051 4215 est
2100 4160 2367 4216 Theodori
2414 4162 2667 4231 Arnoldi,

1515 4233 1588 4286 ab
1610 4232 1920 4287 Ecksteinio
1952 4232 2111 4287 annis
2152 4232 2306 4285 1855.
2341 4233 2477 4285 1856
2506 4232 2667 4288 Halis

1517 4304 1697 4364 edita;
1736 4320 1801 4358 ac
1837 4302 1907 4358 de
1941 4303 2178 4358 Horatio
2216 4302 2507 4371 Euripidis
2542 4304 2666 4359 imi-

1517 4379 1703 4431 tatore
1736 4376 2015 4429 Antonius
2043 4374 2321 4430 Goebezim
2356 4374 2667 4446 diligentis·

1517 4445 1657 4501 sime
1694 4448 1933 4515 scripsit.
1965 4446 2121 4500 cuius
2140 4448 2667 4501 commentationem

1518 4519 1761 4643 {epierigs
1800 4519 1860 4571 in
1878 4516 2354 4655 ΜῇίΐίιεΙῖἰΙέὲὲῐιωΙ.
2372 4516 2665 4643 (Ζ289ἱὲεοὶιτ.

1545 4630 1558 4643 .
1638 4628 1649 4642 .
1736 4606 1989 4657 ymnasia
2012 4606 2079 4641 w.
2282 4629 2295 4642 .
2332 4604 2390 4657 p.
2544 4605 2667 4659 sqq.
