3092 5059
453 225 578 289 234

673 442 721 484 ιε
753 408 1042 486 Iunctis
1092 409 1278 485 visit
1314 408 1671 484 oloribus

1425 223 1885 292 CARMINUM

950 536 1286 630 Dicetur,
1339 535 1621 613 merita
1662 534 1841 612 Nox
1896 559 2209 635 quoque
2254 536 2507 612 nenia.

1289 843 1669 932 CARMEN
1732 847 2027 931 XXIX.

855 1013 1254 1110 Tyrrhena
1302 1036 1575 1110 regum
1617 1011 2051 1110 progenieS‚
2104 1013 2251 1088 tibi

853 1140 1027 1215 Non
1080 1151 1255 1215 ante
1295 1163 1521 1214 verso
1575 1137 1751 1213 lene
1795 1164 2095 1214 merum
2148 1136 2341 1214 cado

456 1355 616 1425 mine]
653 1354 903 1411 Summus
935 1372 1256 1425 quanquam
1292 1353 1609 1408 contrarius

457 1445 557 1481 sua
601 1432 807 1482 natura
854 1432 941 1481 est
988 1426 1113 1494 imo,
1158 1431 1222 1480 ut
1257 1425 1438 1495 Epist.
1472 1424 1515 1493 Ι,
1559 1426 1609 1493 1,

457 1499 544 1562 54,
591 1517 626 1553 a
673 1499 794 1554 loco
836 1503 1026 1554 tamen
1061 1467 1121 1552 id
1157 1497 1491 1552 vocabulum
1528 1499 1608 1550 et-

457 1571 571 1625 iam
610 1569 680 1625 ad
716 1575 937 1640 tempus
982 1569 1341 1636 transfertur,
1377 1572 1444 1622 ut
1481 1583 1609 1622 con-

460 1643 670 1696 trarius
711 1643 787 1696 sit
817 1643 1052 1710 primus,
1088 1647 1153 1695 ut
1188 1641 1369 1710 Epist.
1396 1638 1442 1701 Ι,
1470 1643 1520 1709 1,
1550 1638 1603 1708 1;

460 1713 654 1796 confer
689 1713 830 1768 illud
853 1711 1066 1768 Lucani
1088 1713 1160 1781 11,
1197 1715 1329 1766 211:
1371 1679 1471 1780 „fn
1506 1680 1609 1765 'flu-

455 1785 668 1911 L'ffie.
673 1785 1188 1926 ffassszztssfz}
1230 1785 1611 1923 &ww

460 1931 507 1981 1.
530 1957 597 1968 —
619 1929 877 1996 oloribus]
919 1927 1002 1983 De
1039 1945 1208 1983 curru
1229 1925 1458 1981 Veneris
1479 1927 1610 1982 vide

459 1999 622 2054 Ovid.
661 2000 797 2055 Met.
833 1999 902 2065 X,
941 2002 1063 2053 717.
1115 2029 1175 2040 -
1235 1999 1423 2068 nenia]
1481 1999 1610 2054 vide

455 2071 530 2127 ad
585 2071 764 2126 Carm.
809 2071 885 2140 11,
925 2073 972 2140 1,
1013 2071 1100 2125 38.
1176 2071 1433 2126 Ceterum
1481 2087 1607 2125 cum

461 2143 718 2198 Bentleio
765 2144 926 2198 colon
972 2144 1136 2212 posui
1175 2147 1305 2212 post
1338 2160 1392 2195 v.
1436 2143 1502 2194 12
1553 2146 1611 2197 et

457 2233 672 2270 comma
706 2221 836 2284 post
871 2215 1104 2283 dicatum
1149 2214 1292 2269 dura
1335 2213 1483 2268 enim
1523 2219 1611 2268 est

458 2287 800 2341 constructio
851 2287 1108 2353 aliorum,
1155 2287 1252 2354 qui
1300 2291 1431 2354 post
1466 2285 1607 2356 Gyn-

457 2357 608 2412 thiae
657 2362 933 2413 commate
987 2359 1172 2427 posito
1217 2357 1330 2412 dici
1379 2358 1607 2412 volunt:

459 2430 710 2497 „recines
745 2446 962 2483 summo
1001 2431 1247 2484 carmine
1271 2446 1393 2483 eam
1426 2429 1607 2499 deam,

458 2518 600 2568 quae
657 2501 872 2555 Cnidon
927 2505 1062 2556 etc.:
1128 2501 1347 2554 dicetur
1405 2501 1609 2556 merita

455 2572 612 2698 {034
639 2574 780 2628 cet.“
851 2573 904 2627 N
905 2589 977 2627 ox
1032 2572 1137 2627 dea
1185 2577 1271 2627 est
1315 2577 1381 2626 ut
1424 2573 1604 2643 Epod.

491 2685 506 2710 ‚
619 2681 632 2696 .

775 2740 1054 2795 Carmen
1091 2739 1296 2795 XXIX.

525 2853 836 2908 Externam
883 2851 1165 2908 scribendi
1205 2854 1468 2908 carminis
1515 2871 1603 2908 oo·

456 2925 734 2980 casionem
769 2925 1034 2994 praebuit
1072 2923 1364 2980 Maecenas
1401 2926 1605 2980 invita-

455 3001 565 3065 tus,
600 3000 666 3051 ut
702 3013 771 3050 ex
808 2997 947 3050 urbe
983 2997 1055 3051 ad
1095 3002 1322 3065 poetam
1371 2997 1603 3051 rustica·

455 3073 580 3122 tum
615 3068 846 3123 veniret.
923 3066 1084 3136 Quod
1119 3085 1221 3122 cur
1267 3068 1504 3124 libenter
1540 3085 1607 3124 ao

455 3140 695 3210 benigne
765 3139 950 3194 facere
1021 3139 1224 3194 debeat
1300 3139 1605 3208 Maecenas,

457 3229 653 3266 causae
711 3211 1033 3281 propositae
1086 3217 1218 3266 sunt
1271 3230 1324 3266 v.
1368 3214 1605 3281 13-243

457 3284 666 3338 etenim
709 3283 981 3338 divitibus
1017 3283 1167 3338 vices
1215 3301 1380 3353 saepe
1413 3283 1605 3338 iucun-

457 3354 562 3409 dae
621 3359 754 3408 sunt
819 3359 876 3408 et
936 3354 1234 3425 frugalitas
1296 3373 1605 3425 pauperum

458 3427 733 3495 optimum
787 3426 1022 3495 praebet
1075 3427 1384 3482 remedium
1433 3427 1608 3481 taedii

458 3503 518 3552 et
554 3514 838 3565 curarum;
875 3501 1168 3567 praeterea
1203 3499 1380 3554 instat
1415 3497 1492 3567 (v.
1519 3501 1606 3565 17)

460 3573 660 3636 aestas,
705 3586 875 3638 quam
918 3570 977 3623 in
1023 3569 1164 3624 urbe
1198 3587 1376 3639 paene
1407 3570 1606 3624 intole-

457 3641 696 3695 rabilem
743 3640 980 3695 Romani
1027 3658 1425 3711 saepenumero
1472 3641 1610 3707 ruri,

459 3713 702 3767 maxime
737 3711 798 3767 in
831 3712 1135 3782 montibus,
1173 3715 1485 3784 transigere
1521 3731 1608 3766 so·

458 3784 666 3839 lebant.
721 3783 984 3852 „Verum,
1019 3784 1222 3868 inquit,
1264 3791 1327 3840 tu
1365 3785 1609 3854 quidem,

458 3855 768 3922 Maecenas,
813 3856 900 3910 tui
944 3856 1040 3910 vix
1087 3857 1225 3911 iuris
1277 3873 1359 3924 es;
1415 3856 1609 3911 civiles

461 3945 641 3989 curae,
679 3895 905 3996 pu'blica
953 3928 1099 3981 salus
1155 3928 1401 3984 animum
1447 3932 1609 3982 tuum

459 3999 706 4068 undique
758 4003 985 4067 captum
1021 3999 1249 4068 habent,
1293 4000 1390 4055 sed
1426 4017 1609 4054 recor-

461 4069 597 4124 dare
639 4071 712 4138 (v.
757 4071 854 4140 29)
898 4070 1219 4124 futurarum
1255 4089 1442 4126 rerum
1479 4087 1608 4125 con·

459 4141 704 4197 diciones
741 4141 932 4197 divina
967 4141 1269 4211 prudentia
1291 4143 1609 4212 praeclusas

459 4231 578 4268 esse
603 4213 846 4268 humano
882 4213 1208 4275 intellectui,
1247 4215 1609 4299 hominesque

459 4285 656 4340 decere
702 4302 844 4353 quae
892 4284 1006 4338 sint
1048 4290 1246 4353 parata
1283 4287 1353 4340 iis
1391 4286 1607 4354 sapien·-

460 4362 548 4410 ter
585 4356 718 4423 frui,
755 4355 896 4410 bene
933 4356 1166 4411 scientes
1217 4357 1482 4426 quicquid
1533 4358 1610 4410 sit

462 4425 718 4480 futurum
775 4427 836 4482 id
895 4426 1189 4482 fluminum
1243 4429 1361 4482 ritu
1416 4428 1609 4495 fluere,

460 4495 628 4550 modo
681 4498 969 4565 placidum
1023 4515 1089 4553 ac
1136 4500 1388 4568 quietum
1439 4499 1607 4554 modo

1714 1351 1917 1420 quietis
1955 1352 2121 1406 rebus
2154 1352 2361 1407 nimiae
2396 1369 2561 1408 curae
2595 1353 2711 1407 sint
2742 1352 2868 1408 ina-

1712 1441 1827 1490 nes,
1856 1423 2099 1478 turbidis
2137 1425 2396 1494 impares,
2443 1441 2609 1479 nemo
2653 1425 2870 1479 rectius

1710 1495 1856 1549 vivit
1892 1513 1957 1550 eo
1994 1495 2067 1565 (v.
2093 1496 2205 1564 41),
2241 1496 2331 1550 cui
2358 1513 2593 1566 vespera
2616 1513 2745 1550 cum
2768 1513 2866 1550 ve·

1711 1567 1863 1621 nerit
1906 1567 2091 1622 dicere
2140 1568 2334 1622 liceat:
2401 1567 2492 1621 hic
2542 1584 2699 1622 meus
2753 1566 2872 1622 fuit

1712 1637 1860 1707 dies;
1923 1639 2344 1708 qualiscumque
2402 1640 2679 1694 crastinus
2734 1639 2871 1708 erit,

1713 1710 1913 1779 quibus
1970 1710 2131 1764 bonis
2178 1709 2395 1764 fructus
2441 1729 2565 1764 sum
2612 1727 2684 1764 ne
2726 1709 2871 1765 deus

1712 1781 1937 1850 quidem
1991 1798 2059 1836 ea
2112 1781 2252 1836 mihi
2310 1781 2546 1837 auferet.
2618 1781 2713 1836 Sic
2766 1783 2871 1851 qui

1712 1853 1945 1924 cogitat,
1981 1871 2178 1908 verum
2214 1853 2261 1907 is
2298 1853 2467 1908 habet
2501 1852 2700 1922 otium,
2748 1870 2871 1908 non

1712 1925 2093 1994 quaerendum
2148 1925 2289 1979 illud
2346 1925 2574 1995 quidem
2628 1925 2688 1978 in
2742 1930 2869 1979 ten-

1710 1996 1885 2051 tanda
1931 1996 2177 2066 fortuna,
2224 2014 2334 2065 qua
2382 1997 2525 2051 nihil
2560 2001 2647 2050 est
2685 1995 2870 2052 mobi—

1710 2067 1819 2121 lius
1856 2073 1957 2122 aut
1992 2069 2173 2139 magis
2209 2068 2505 2123 incertum.
2574 2067 2755 2136 Quam
2788 2067 2869 2122 ob

1710 2156 1833 2194 rem
1870 2141 1945 2208 (v.
1965 2140 2059 2208 49)
2089 2157 2233 2209 quae
2257 2140 2501 2210 benigna
2524 2139 2694 2194 offert
2716 2139 2871 2194 dona

1709 2216 1872 2282 grato
1918 2211 2103 2265 animo
2140 2211 2515 2280 accipiantur3
2572 2228 2715 2280 quae
2763 2211 2862 2265 ad-

1708 2300 1873 2338 versa
1918 2282 2103 2337 aufert
2148 2283 2392 2338 libenter
2440 2282 2754 2338 reddantur
2792 2283 2869 2338 ab

1710 2372 1776 2409 eo
1815 2355 1929 2423 qui,
1985 2372 2128 2423 quae
2161 2372 2298 2408 vera
2334 2355 2410 2409 sit
2442 2354 2692 2424 dignitas
2728 2371 2871 2409 vera

1708 2427 1890 2480 virtus
1915 2443 2081 2480 verae
2107 2444 2256 2495 opes,
2298 2426 2580 2495 sapienter
2604 2425 2714 2480 sibi
2738 2443 2869 2495 perb

1710 2499 1901 2552 suasit.
1973 2497 2108 2551 Inde
2142 2499 2219 2567 (v.
2259 2495 2353 2566 57)
2390 2497 2641 2552 nascitur
2688 2498 2869 2551 animi

1710 2570 1980 2624 securitas
2041 2569 2113 2623 ab
2173 2569 2433 2624 omnibus
2494 2569 2746 2623 externis
2808 2574 2869 2624 et

1712 2641 1860 2696 curis
1894 2645 1952 2695 et
1974 2640 2269 2710 periculis;
2306 2657 2449 2708 quae
2486 2641 2534 2694 si
2557 2640 2871 2708 minantur,

1710 2712 1854 2768 recti
1900 2713 2241 2768 conscientia
2288 2711 2633 2780 deorumque
2682 2713 2869 2767 tutela

1706 2784 1897 2839 omnia
1946 2784 2421 2838 summoventur.“
2495 2782 2633 2837 Tale
2686 2783 2869 2854 igitur

1707 2855 1971 2911 carminis
2009 2860 2094 2910 est
2132 2858 2555 2925 argumentum:
2600 2871 2713 2924 quo
2752 2860 2869 2910 tres

1707 2927 2032 2982 efficiuntur
2092 2931 2297 2996 partes.
2367 2928 2454 2982 Ac
2502 2927 2687 2996 prima
2744 2927 2867 2996 qui·

1708 2999 1835 3054 dem
1880 3017 1975 3053 sex
2012 2998 2271 3068 strophas
2320 2999 2613 3067 complexa
2658 2998 2865 3053 invita-

1706 3073 1917 3126 tionem
1954 3071 2125 3125 habet
2161 3087 2286 3124 cum
2331 3069 2687 3140 generalibus
2736 3087 2865 3125 cau-

1708 3142 2147 3268 ?{Ezu‘ff'ffissess}
2176 3141 2869 3282 {afflatam

1884 3253 1897 3281 2

1708 3285 2049 3340 Maecenatis
2102 3301 2191 3338 res
2250 3288 2309 3339 et
2364 3283 2717 3340 condiciones
2775 3285 2869 3339 de-

1710 3357 1907 3412 scribit
1960 3356 2374 3424 transitumque
2436 3356 2641 3410 seusim
2696 3361 2869 3426 parat

1710 3428 1783 3484 ad
1828 3429 2059 3483 tertiam
2108 3445 2205 3482 sex
2262 3427 2521 3497 strophas
2579 3429 2870 3482 continen-

1710 3505 1843 3567 tem,
1891 3517 2001 3569 qua
2047 3499 2183 3567 quid
2232 3499 2445 3569 cogitet
2478 3499 2754 3553 Horatius
2799 3499 2868 3553 de

1711 3572 1863 3626 vitae
1929 3571 2241 3625 rationibus
2304 3570 2633 3639 vicibusque
2686 3569 2869 3626 libere

1712 3660 1779 3698 ac
1814 3643 2022 3696 diserte
2056 3642 2371 3700 exhibetur.
2423 3642 2492 3696 In
2522 3641 2713 3696 medio
2751 3659 2869 3697 car·

1712 3715 1862 3768 mine
1912 3714 2242 3768 collocatam
2286 3713 2444 3768 vides
2499 3714 2865 3768 sententiam.

1712 3785 1856 3855 quod
1912 3785 2069 3840 adest
2110 3791 2368 3840 mmnto
2412 3799 2727 3853 componere
2782 3801 2867 3839 ae-

1712 3873 1875 3927 qua-33
1950 3873 2017 3911 ea
2078 3860 2268 3911 autem
2340 3849 2515 3911 t'otius
2574 3855 2869 3911 doctrinae

1712 3929 1989 3999 originem
2032 3932 2089 3982 et
2130 3928 2290 3996 quasi
2337 3927 2551 3982 fontem
2600 3927 2867 3982 ostendit.

1714 4000 2069 4069 Quapropter
2105 4003 2259 4054 recte
2293 3998 2615 4054 iudicarunt
2636 3999 2739 4068 qui
2764 3999 2869 4053 hoc

1712 4070 1905 4125 multis
1964 4071 2283 4125 nominibus
2339 4070 2685 4125 laudandum
2746 4088 2865 4125 car-

1710 4161 1839 4197 men
1876 4143 2027 4197 inter
2063 4143 2547 4212 praestantissima
2584 4142 2866 4197 referrent

1713 4213 1980 4269 Venusini
2042 4217 2258 4283 poetae.
2333 4213 2494 4281 Quod
2552 4230 2662 4282 quo
2720 4231 2867 4268 anno

1712 4287 1981 4355 scriptum
2042 4286 2119 4339 sit
2165 4290 2380 4340 certum
2436 4301 2553 4339 non
2606 4289 2721 4352 est;
2772 4285 2867 4340 sed

1713 4375 1837 4412 cum
1876 4357 2167 4412 Maecenas
2204 4357 2368 4412 aedes
2408 4373 2533 4411 suas
2571 4356 2631 4409 in
2668 4355 2867 4426 Esqui-

1712 4429 1803 4483 liis
1854 4428 1968 4483 iam
2014 4429 2221 4483 habeat
2271 4431 2582 4484 exstructas
2638 4427 2717 4498 (v.
2758 4429 2864 4495 10),

1712 4501 2013 4556 Horatium
2050 4501 2221 4556 etiam
2254 4501 2318 4554 in
2354 4499 2561 4554 Sabina
2595 4499 2738 4554 villa
2776 4499 2866 4554 ha·

465 4567 760 4622 turbidum
795 4585 861 4623 ao
899 4569 1224 4626 violentum.
1265 4569 1448 4639 Quare
1483 4587 1614 4626 cum
1715 4572 1901 4627 bitare
1924 4589 1993 4626 ex
2017 4571 2184 4627 initio
2204 4571 2563 4642 perspicuum
2586 4571 2684 4640 sit,
2705 4587 2865 4640 prae-
