3092 5059
1065 229 1220 295 LIB.
1267 228 1386 295 111.
1433 227 1684 295 GARM.
1732 229 1813 294 11.

2522 229 2643 293 169

744 415 903 491 Nec
954 415 1184 490 sumit
1233 426 1363 490 aut
1415 415 1633 513 ponit
1684 440 1983 492 secures

570 570 622 608 20
855 538 1202 615 Arbitrio
1257 539 1655 641 popularis
1706 565 1958 615 aurae.

649 688 907 764 Virtus
949 688 1356 764 recludens
1408 688 1815 763 immeritis
1869 689 2070 764 mori

649 810 970 889 Caelum
1016 826 1295 911 negata
1340 825 1584 889 tentat
1636 814 1781 888 iter
1832 813 1956 888 via

752 935 1190 1037 Coetusque
1234 937 1591 1035 vulgares
1644 951 1721 1013 et
1766 936 2003 1013 udam

853 1060 1164 1162 Spernit
1213 1062 1530 1138 humum
1588 1063 1935 1162 fugiente
1986 1089 2264 1161 penna.

569 1244 624 1285 π
655 1213 788 1289 Est
845 1226 918 1289 et
959 1213 1174 1290 fideli
1211 1226 1376 1288 tuta
1423 1212 1726 1289 silentio

651 1338 986 1415 Merces:
1042 1338 1317 1415 vetabo
1373 1338 1506 1438 qui
1556 1336 1859 1415 Cereris
1906 1364 2211 1414 sacrum

751 1462 1114 1560 Vulgarit
1160 1490 1486 1542 arcanae
1538 1464 1679 1539 sub
1728 1446 1975 1540 isdem

853 1586 972 1664 Sit
1021 1589 1365 1664 trabibus
1421 1590 1880 1688 fragilemve
1926 1613 2227 1665 mecum

653 1736 916 1813 Solvat
974 1738 1386 1838 phaselon3
1438 1762 1670 1838 saepe
1720 1737 2105 1837 Diespiter·

569 1892 626 1932 30
658 1860 1070 1959 Neglectus
1121 1863 1414 1940 incesto
1468 1862 1772 1939 addidit
1819 1863 2231 1960 integrum,

751 1988 951 2063 Raro
1006 1986 1590 2064 antecedentem
1634 1988 2037 2064 scelestum

847 2112 1204 2188 Deseruit
1253 2112 1454 2210 pede
1504 2113 1767 2189 Poena
1812 2111 2113 2189 claudo.

243 2336 418 2400 ritnr,
477 2331 632 2388 facta
679 2336 766 2386 est
811 2348 879 2385 ex
925 2332 1176 2387 obsoleto
1231 2332 1404 2387 verbo

243 2406 529 2460 taminare
564 2404 601 2458 i.
640 2420 687 2458 e.
721 2408 970 2489 tangere.
1005 2434 1071 2444 —
1107 2404 1405 2473 recludens]

243 2478 315 2533 cf.
365 2476 582 2530 Simon.
627 2475 724 2529 fn:
784 2470 964 2540 „omn
1017 2477 1243 2528 τεθνᾶσι
1305 2482 1404 2527 θα-

243 2543 452 2617 νόντες,
516 2547 646 2600 ἐπεί
703 2546 807 2631 σφ’
862 2542 1022 2630 ἀρετὴ
1083 2541 1405 2616 καθύπερθε

247 2617 590 2673 Κυδαίνουσ’
645 2614 838 2687 ἀνάγει
894 2611 1149 2689 δώματος
1201 2619 1258 2679 ἐξ
1303 2602 1404 2675 ’Λί-

245 2692 374 2744 δεω.
378 2692 416 2719 “
489 2690 585 2744 Sic
627 2690 830 2745 Incert.
878 2694 1024 2745 auct.
1071 2688 1235 2744 Herc.
1283 2690 1404 2745 Oet.

251 2763 421 2817 1992:
476 2762 816 2830 „Nunquam
853 2762 1062 2832 stygias
1115 2762 1298 2816 fertur
1335 2762 1407 2816 ad

247 2834 483 2889 umbras
503 2832 708 2887 Inclita
725 2834 960 2887 virtus.“
980 2863 1048 2872 —
1072 2834 1288 2903 πετραία]
1309 2834 1406 2887 ho-

244 2905 500 2959 minibus
527 2904 718 2972 quales
741 2922 856 2959 esse
883 2906 1079 2959 solent.
1119 2904 1187 2959 cf.
1219 2905 1405 2959 Senec-

247 2976 420 3031 Herc.
439 2976 551 3029 fur.
566 2978 695 3029 439:
719 2976 880 3044 „Non
901 2981 983 3031 est
1003 2976 1076 3031 ad
1098 2980 1249 3031 astra
1270 2977 1407 3031 mol-

247 3049 321 3101 lia
340 3066 372 3101 e
395 3047 566 3101 terris
583 3047 732 3101 via.“
762 3078 832 3086 —
856 3048 1024 3101 udam
1045 3048 1289 3116 humum]
1316 3066 1407 3102 ne-

247 3120 406 3173 bulis
444 3122 504 3172 et
538 3118 731 3172 umido
770 3121 897 3173 aere
933 3123 1161 3179 tectam,
1213 3125 1407 3173 contra

249 3208 426 3272 qnam
463 3189 802 3259 cogitandus
839 3195 922 3245 est
957 3195 1228 3259 perpetua
1266 3209 1408 3245 sere-

249 3262 438 3316 nitate
463 3262 651 3315 nitens
677 3262 886 3324 aether,
909 3279 1072 3330 quem
1093 3265 1157 3316 ut
1176 3261 1408 3345 dignum

247 3350 356 3387 suo
396 3333 640 3388 candore
675 3332 1020 3387 domicilium
1053 3333 1274 3401 quaerit
1298 3334 1408 3387 vir-

247 3413 362 3459 tus.
413 3432 483 3443 -
525 3403 738 3473 penna]
787 3404 1147 3459 Grammatici
1192 3409 1411 3459 veteres

245 3477 599 3539 docuerunt,
655 3492 870 3546 pennas
931 3476 1142 3541 avium,
1197 3477 1410 3546 pinnas

247 3565 550 3602 murorum
567 3564 702 3601 esse.
741 3546 951 3601 Tamen
972 3547 1248 3615 Keller-ue,
1267 3546 1410 3601 Miil-

245 3620 428 3683 lerna,
445 3618 800 3673 Ecksteinius
825 3636 953 3672 cum
979 3619 1205 3688 optimis
1232 3618 1409 3686 codd„

243 3692 432 3745 etiam
473 3690 732 3745 Blandin.
779 3690 1184 3758 antiquissimO,
1233 3690 1413 3757 pinna

245 3762 618 3829 scripserunt.
667 3790 726 3799 -
767 3761 878 3815 Est
914 3761 984 3829 et]
1023 3760 1299 3845 Compara
1327 3761 1411 3815 si-

245 3832 500 3887 monidis
549 3832 655 3886 hoc
700 3831 1082 3901 fragmentum
1119 3826 1272 3886 ’Ἐστι
1322 3837 1412 3885 καὶ

248 3904 426 3972 σιγᾶς
457 3899 749 3956 ἇκίι·δι·’ἰοι
772 3908 937 3971 γέρας
964 3904 1041 3973 (p.
1063 3906 1169 3958 398
1190 3903 1409 3959 Schnei-

245 3976 447 4041 ἅρπη)
495 3974 643 4043 quod
687 3976 1008 4045 Augustum
1059 3976 1118 4028 in
1166 3993 1262 4030 ore
1310 3976 1410 4029 ha-

247 4046 454 4101 buisse
524 4049 719 4100 narrat
779 4046 1062 4100 Plutarch.
1121 4046 1410 4117 Apophth.

247 4116 578 4185 Augusti'·
555 4138 568 4167 a
617 4120 674 4171 et
708 4116 1003 4172 Horatium
1045 4119 1284 4173 voluisse
1322 4136 1410 4171 ex·

247 4189 512 4269 primere
555 4188 891 4243 credendum
935 4194 1043 4255 est;
1095 4206 1412 4259 quanquam

247 4258 495 4316 omnino
531 4260 589 4312 in
623 4260 905 4314 levissima
950 4278 1112 4329 saepe
1153 4262 1410 4315 similitu—

247 4332 408 4387 dine
453 4331 743 4385 verborum
789 4332 1131 4387 imitationes
1183 4331 1410 4386 investi-

246 4417 414 4476 gare
457 4418 562 4455 non
605 4404 778 4473 magis
817 4403 1070 4473 iniquum
1117 4408 1202 4458 est
1245 4421 1410 4472 quam

1497 2334 1813 2388 molestum.
1860 2363 1924 2371 -
1962 2331 2169 2387 Cereris
2208 2330 2445 2401 samm]
2483 2330 2648 2386 Fides

1497 2405 1559 2459 in
1595 2404 1761 2459 rebus
1789 2404 1962 2458 sacris
1998 2404 2239 2473 probata
2267 2403 2520 2473 exemplo
2546 2405 2647 2471 est,

1499 2495 1532 2531 a
1575 2493 1686 2544 quo
1730 2476 1911 2530 facilis
1951 2481 2038 2530 est
2074 2475 2353 2529 conclusio
2401 2482 2459 2528 et
2492 2479 2647 2529 tran-

1501 2548 1640 2602 situs
1680 2548 1753 2601 ad
1776 2547 2171 2616 praestandam
2197 2548 2256 2599 in
2280 2546 2538 2600 omnibus
2563 2562 2647 2600 rc—

1498 2620 1604 2673 bus
1654 2620 2038 2688 incorruptam
2086 2618 2271 2672 fidem.
2344 2617 2514 2672 Sacra
2552 2616 2647 2672 Ce-

1499 2691 1642 2745 reris
1700 2708 1915 2745 summa
1963 2690 2237 2760 religione
2286 2689 2647 2743 contineban-

1501 2766 1621 2831 tur3
1667 2780 1809 2830 quae
1846 2762 1943 2844 qui
1984 2763 2218 2832 vulgare
2253 2762 2501 2827 auderet,
2542 2760 2647 2813 lin-

1501 2852 1645 2903 guae
1701 2840 1825 2887 erat
1874 2832 2272 2887 incontinentis
2321 2850 2388 2887 ac
2440 2832 2649 2885 nullius

1500 2904 1648 2959 fidei.
1688 2904 1851 2959 ovid.
1890 2907 2014 2958 Am.
2052 2906 2097 2971 Ι,
2124 2909 2175 2973 7,
2213 2907 2307 2957 1οε

1502 2992 1740 3031 arcanas
1774 2993 2001 3045 poscere
2046 2977 2159 3031 tela
2206 2975 2387 3029 deasfl

1499 3047 1741 3172 9172va
1774 2994 1983 3101 pCodd.
2046 3048 2428 3117 firayilcmque3
2501 3045 2651 3113 quod

1502 3124 1699 3173 mutan
1742 3138 1837 3173 um
1874 3120 1988 3172 iam
2006 3118 2292 3173 Bentleius
2320 3119 2461 3171 bene
2488 3116 2651 3184 vidit,

1503 3207 1667 3260 quem
1693 3190 1868 3245 secuti
1896 3190 2065 3243 etiam
2103 3194 2232 3243 sunt
2252 3190 2473 3243 Miiller.
2505 3188 2649 3243 Eck-

1503 3262 1664 3316 stein.
1749 3262 2121 3333 Opponuntur
2182 3262 2330 3316 enim
2387 3260 2535 3314 inter
2592 3276 2651 3313 se

1503 3338 1715 3389 tectum
1767 3340 1825 3388 et
1866 3334 2039 3387 navis.
2115 3332 2229 3387 cfr.
2276 3332 2492 3385 Gallim.
2532 3330 2650 3384 Cer.

1509 3407 1635 3493 ο117;
1674 3397 1992 3491 ,,Δᾰματερ,
2016 3402 2094 3474 μὴ
2130 3406 2287 3469 τῆνος
2322 3404 2457 3489 εἀὶνι
2474 3404 2652 3487 φίλος,

1504 3472 1565 3534 ὅς
1616 3492 1699 3529 σοι
1747 3472 2019 3546 ἀπεχθὴς,
2068 3481 2188 3543 Εἴ,η
2248 3476 2381 3545 μηδ’
2430 3468 2653 3545 ὁμότοι-

1498 3562 1625 3617 χος·
1684 3547 1811 3617 ἐμοὶ
1865 3553 2239 3615 κακογείτονες
2284 3546 2311 3599 ἓ
2356 3547 2513 3613 θροί.ι
2500 3543 2533 3574 “
2582 3574 2655 3584 -

1506 3619 1810 3689 Diespiter]
1854 3620 1982 3673 vide
2020 3620 2091 3673 ad
2129 3618 2307 3673 Carm.
2361 3616 2485 3685 ‚‚34
2509 3617 2560 3670 5.
2584 3646 2652 3656 -—

1503 3690 1782 3760 incestum]
1831 3692 2090 3759 impium3
2148 3690 2229 3743 sic
2278 3694 2463 3743 castus
2511 3689 2549 3742 i.
2599 3707 2655 3758 q.

1505 3762 1632 3831 pius
1672 3760 1728 3815 C.
1770 3761 1822 3815 S.
1860 3764 1949 3815 42.
2020 3792 2065 3799 ——
2129 3760 2543 3829 antecedentem]
2591 3778 2657 3815 ac

1506 3838 1807 3902 propterea
1864 3850 2145 3900 securum3
2208 3832 2474 3887 nimirum
2524 3849 2653 3900 poe·

1504 3921 1636 3957 nam
1700 3904 1946 3973 effugere
2012 3922 2173 3973 posse
2242 3904 2350 3957 sibi
2412 3904 2653 3957 videtur.

1507 3974 1750 4029 Poenam
1783 3980 1969 4029 autem
1998 3976 2154 4043 quasi
2178 3976 2341 4029 deam
2368 3992 2502 4041 esse,
2525 3990 2653 4042 pro·

1505 4050 1634 4115 pter
1682 4047 1945 4101 claudum
1989 4047 2185 4115 pedem
2224 4047 2321 4099 vix
2368 4051 2453 4099 est
2505 4044 2654 4113 quod

1506 4117 1704 4173 dicam.
1760 4118 1957 4187 Eurip.
1996 4118 2196 4187 fragm.
2246 4114 2312 4185 ,,ἧ
2356 4121 2549 4181 Δίκη.

1508 4194 1641 4257 σῖγα
1678 4193 1768 4241 καὶ
1806 4190 2003 4257 βοαᾶεἴ.
2023 4190 2155 4241 ποδὶ
2182 4194 2491 4270 Στείχουσα
2514 4180 2654 4255 μάρ-

1509 4272 1601 4327 ψει
1646 4258 1767 4319 τοὺς
1803 4280 2017 4321 κακους,
2056 4256 2189 4313 ὅταν
2233 4254 2400 4329 τύχη]
2495 4257 2652 4312 Com-

1505 4336 1739 4401 parctur
1761 4331 2059 4387 Homerica
2093 4332 2393 4400 descriptio
2418 4322 2567 4395 ’Λτης
2589 4328 2654 4383 11.

1507 4402 1661 4471 XIX,
1697 4406 1762 4457 91
1804 4422 1923 4474 sqq.
1960 4404 2058 4471 IX,
2097 4405 2200 4456 502
2239 4418 2355 4471 sqq.

2352 2921 2553 2973 „ausus
2590 2904 2650 2956 in

2430 3004 2493 3013 —-
2530 2975 2649 3042 fra-
