3092 5059
930 952 1106 1037 EX
1162 950 2073 1039 PRAEFATIONE

1220 1140 1669 1209 Emi-lorus
1711 1142 1795 1209 IL
2062 1104 2073 1115 ’

1417 1331 1615 1339 --—-

515 1466 1066 1566 Quaecumque
1127 1465 1418 1541 interea
1469 1465 1759 1561 scripta
1808 1477 1985 1541 sunt
2034 1465 2134 1542 de
2184 1466 2539 1563 Horatio,
2594 1492 2709 1563 ea,

313 1590 698 1691 siquidem
749 1591 854 1669 ad
905 1617 1176 1667 manue
1227 1575 1438 1668 meae
1496 1590 1921 1690 oculosque
1968 1591 2267 1689 perlata
2306 1604 2503 1687 sunt,
2550 1592 2709 1691 legi

309 1717 396 1792 in
447 1740 863 1815 meumque
903 1741 1126 1791 usum
1169 1702 1621 1794 convertere
1654 1716 1943 1810 studui3
1999 1717 2079 1792 in
2110 1742 2354 1816 eaque
2392 1742 2475 1793 re
2511 1717 2709 1791 mul-

314 1854 478 1917 tum
529 1865 656 1917 me
700 1839 984 1917 debere
1048 1840 1418 1938 profiteor
1480 1842 1813 1933 Webem,
1876 1841 2211 1919 Obbario
2230 1840 2327 1935 ²⁸²),
2394 1840 2705 1937 Orellae'O,

315 1966 762 2060 Duentzem,
826 1964 1024 2041 aliie.
1125 1965 1546 2043 Kirclmm·
1602 1978 1853 2042 autem
1912 1965 2171 2043 Nova-s
2223 1966 2711 2060 Quaestiones

313 2092 800 2168 Horatiana-9
851 2102 928 2166 et
978 2090 1316 2169 Steineri
1355 2089 1953 2167 Crucenacensis
1992 2088 2709 2169 Commentationwm

313 2212 932 2293 How-arianarum
963 2222 1340 2320 specimen
1373 2221 1779 2295 secundum
1815 2218 2028 2317 quod
2078 2243 2233 2292 non
2268 2218 2375 2291 ita
2412 2230 2707 2294 mature

316 2340 606 2437 accepi,
661 2353 748 2414 ut
783 2366 1088 2437 possem
1133 2343 1230 2417 iis
1281 2343 1414 2439 uti,
1454 2368 1931 2441 magnopere
1982 2343 2235 2418 doleo.
2287 2342 2403 2418 Ne
2446 2354 2705 2419 tamen

311 2488 530 2541 meus
597 2464 799 2541 liber
867 2466 1482 2543 doctissimorum
1553 2467 1893 2543 virorum
1970 2467 2257 2544 iudicio
2336 2479 2410 2542 et
2484 2466 2709 2567 copia

311 2589 627 2665 omnino
677 2602 956 2685 careat,
1007 2617 1246 2667 unum
1300 2590 1575 2668 saltem
1625 2592 1881 2667 locum
1946 2616 2149 2668 nunc
2198 2591 2382 2668 inde
2432 2616 2705 2691 expro-

307 2740 522 2791 mere
569 2716 808 2793 iuvat.
909 2715 1034 2793 Ac
1082 2717 1421 2813 primum
1473 2716 1885 2794 dicendum
1952 2730 2085 2815 est,
2141 2718 2373 2791 etiam
2424 2716 2705 2793 Kirch-

305 2866 572 2917 nerum
637 2840 740 2917 ad
803 2867 934 2918 eos
997 2840 1374 2917 accedere
1423 2841 1752 2938 criticos,
1816 2842 1951 2939 qui
2001 2840 2313 2915 Horatii
2364 2839 2709 2915 carmina

303 2966 455 3041 iam
501 2976 682 3040 ante
713 2964 1292 3042 scholiastarum
1338 2978 1670 3043 aetatem
1728 2966 2009 3067 passim
2042 2965 2507 3066 interpolata
2540 2988 2705 3040 esse

308 3104 798 3187 censuerunt3
852 3090 934 3166 in
953 3091 1206 3190 iisque
1235 3091 1428 3166 locis
1473 3104 1827 3168 numerat
1868 3098 1973 3192 (p.
1997 3093 2121 3177 63)
2152 3090 2365 3167 locos
2408 3088 2705 3166 dudum

273 3242 356 3295 ,a
405 3214 694 3291 criticis
744 3215 1183 3292 damnatos:
1259 3216 1516 3295 Germ.
1547 3215 1693 3313 ΙΙΙ,
1740 3220 1810 3313 4,
1857 3218 2189 3313 69—723
2257 3214 2403 3310 ΠΙ,
2444 3220 2558 3311 11,
2610 3221 2698 3289 17

306 3344 548 3438 ——203
596 3338 748 3437 ΠΙ,
789 3342 907 3436 17,
942 3343 1172 3435 2-53
1224 3340 1343 3417 IV
1347 3398 1366 3439 ,
1405 3346 1476 3439 4,
1525 3344 1849 3438 18—223
1904 3341 2043 3437 IV,
2077 3344 2147 3437 8,
2182 3344 2313 3437 173
2364 3340 2606 3438 Epist.
2634 3337 2699 3437 Ι,

312 3468 376 3563 1,
413 3470 546 3563 563
601 3479 677 3543 et
723 3465 949 3543 addit
987 3467 1090 3545 ad
1134 3467 1276 3543 hos
1313 3468 1524 3544 locos
1564 3467 1814 3569 Epod.
1858 3465 1929 3559 9,
1974 3472 2093 3544 35.
2131 3469 2248 3563 36,
2301 3490 2495 3565 quoe
2527 3490 2699 3541 ver-

307 3618 432 3669 nus
465 3617 640 3668 cum
669 3593 1206 3698 Peerlkqmpio
1243 3594 1595 3691 pluribus
1630 3593 1730 3671 de
1772 3592 2195 3670 rationibus
2230 3590 2699 3667 Horatianos

305 3742 461 3792 non
520 3742 688 3793 esee
755 3729 996 3817 putat,
1037 3718 1192 3796 Sat.
1219 3716 1324 3817 ΙΙ,
1357 3724 1424 3813 7,
1449 3722 1769 3816 63—65‚
1823 3743 2015 3818 quos
2065 3742 2328 3792 versus
2372 3741 2510 3791 cur
2552 3740 2698 3813 pro

305 3842 586 3939 spuriis
637 3854 714 3919 et
751 3844 1268 3941 suppositiciis
1312 3842 1611 3942 habeat,
1655 3870 1794 3920 suo
1835 3867 1917 3920 se
1966 3843 2144 3919 loco
2189 3842 2699 3939 probaturum

443 4130 498 4200 ¹⁸¹)
537 4129 774 4187 Publice
807 4129 1080 4185 iudicium
1112 4130 1370 4187 tulerunt.
1404 4132 1476 4189 de
1509 4150 1637 4189 meo
1672 4130 1821 4188 libro
1860 4131 2113 4189 chcrue
2145 4132 2207 4185 in
2242 4126 2698 4197 Epmeriaibuo

307 4218 646 4275 Hanniba
677 4235 726 4275 α.
769 4218 926 4275 1844.
997 4218 1140 4275 Nov.
1175 4218 1280 4276 No.
1315 4222 1422 4275 285
1445 4239 1587 4291 sqq..
1627 4219 1895 4279 obbas-ius
1938 4222 1999 4277 in
2036 4219 2230 4278 Ialmii
2262 4224 2412 4279 Anu.
2452 4226 2607 4279 1845.
2646 4227 2697 4279 7.

303 4312 500 4369 XLIV.
536 4316 591 4369 8.
627 4330 684 4384 p.
709 4316 816 4371 259
839 4334 980 4387 sqq„
1021 4316 1510 4375 Bacche-ateium
1541 4318 1604 4373 in
1638 4317 1857 4389 Mageri
1892 4318 2059 4383 libro,
2098 4319 2196 4389 qui
2230 4320 2559 4377 inscribitur
2592 4321 2699 4378 Re-

301 4424 399 4467 m
434 4410 578 4465 1846
613 4410 836 4467 Ianua.
869 4412 1168 4485 Febr-uem
1219 4414 1421 4485 quibus
1463 4403 1801 4471 doctissiinis
1844 4415 1985 4471 viris
2019 4421 2077 4473 et
2120 4416 2275 4485 quod
2318 4417 2589 4474 benevole
2624 4418 2695 4475 de

301 4523 422 4562 meo
455 4506 655 4563 labore
692 4506 1014 4565 iudicarunt
1046 4514 1106 4567 et.
1138 4511 1292 4581 quod
1327 4529 1442 4568 non
1475 4528 1656 4582 peuce
1690 4511 2016 4570 indicarunt
2052 4531 2195 4585 quae
2220 4515 2379 4584 sequi
2415 4514 2695 4585 deberem,

303 4603 574 4663 maxima·
605 4620 759 4661 nunc
792 4622 902 4679 ego
934 4607 1168 4679 gratiae.
