3092 5059
511 242 637 307 476

1457 238 1960 307 SATIRARUM

612 429 993 527 Fungitur
1044 428 1343 524 officiis,
1394 427 1940 527 praelambens
1991 452 2220 504 omne
2273 426 2484 526 quod
2533 425 2838 501 adfert.

515 587 591 625 110
612 552 758 629 Ille
808 554 1094 630 cubans
1147 553 1433 650 gaudet
1476 566 1767 629 mutata
1821 565 2030 629 sorte
2080 551 2462 651 bonisque

611 678 869 753 Rebus
922 678 1087 777 agit
1132 677 1425 753 laetum
1478 678 1910 773 convivam,
1962 703 2136 753 cum
2189 677 2438 753 subito
2487 676 2774 771 ingens

615 802 1039 880 Valvarum
1086 804 1443 901 strepitus
1492 801 1706 879 lectis
1757 803 2081 879 excussit
2130 814 2565 901 utrumque.

616 925 947 1004 Currere
990 953 1133 1025 per
1183 940 1425 1003 totum
1478 926 1748 1026 pavidi
1799 925 2184 1024 conclave,
2237 926 2640 1025 magisque

614 1052 1021 1129 Exanimes
1074 1052 1487 1151 trepidare,
1541 1053 1772 1129 simul
1816 1053 2090 1129 domus
2135 1052 2290 1127 alta
2341 1052 2706 1128 Molossis

518 1208 593 1251 ns
615 1176 1022 1253 Personuit
1064 1178 1401 1254 canibus.

612 1304 747 1378 Est
797 1328 989 1403 opus
1040 1299 1259 1399 hac,“

1505 1177 1704 1253 Tum
1755 1178 2110 1254 rusticus}
2179 1178 2466 1275 „Haud
2511 1176 2712 1253 mihi
2761 1179 2938 1253 vita

1310 1304 1417 1379 ait
1468 1316 1546 1380 et
1601 1302 1948 1400 „valeast
1996 1330 2120 1379 me
2171 1304 2366 1381 silva
2417 1328 2814 1403 cavusque

516 1440 523 1448 “
618 1428 855 1507 Tutus
906 1428 1005 1505 ab
1056 1428 1352 1505 insidiis
1404 1429 1618 1505 tenui
1659 1428 2035 1506 solabitur
2085 1426 2344 1505 erVO.“

1434 1816 1763 1904 SATJRA
1826 1816 1997 1903 VII.

624 1997 1135 2096 „Iamdudum
1188 1998 1525 2105 ausculto
1581 2013 1656 2076 et
1705 2000 2017 2099 cupiens
2073 2000 2216 2076 tibi
2262 2000 2522 2077 dicere
2573 2029 2846 2079 servus

620 2125 873 2199 Pauca
921 2121 1426 2200 reformid0.“

1518 2127 1926 2202 Davusne?
2020 2128 2210 2224 „Ita,
2261 2128 2540 2223 Davus,
2589 2129 2926 2204 amicum

620 2248 1092 2349 Mancipium
1124 2248 1492 2326 domino“
1519 2252 1618 2327 Et
1641 2253 1900 2351 frugi?
1931 2253 2209 2350 „Quod
2241 2253 2340 2328 sit
2368 2253 2572 2351 satis,
2610 2254 2764 2329 hoc
2793 2269 2926 2349 est,

521 2539 647 2577 eum
702 2522 877 2575 secuti
928 2525 1060 2574 sunt
1100 2521 1473 2592 imperatores
1525 2522 1676 2577 hunc

522 2610 733 2647 morem
772 2596 1125 2662 acceperunt.
1161 2592 1429 2647 Horatius
1454 2594 1562 2648 hoc
1597 2599 1676 2649 te-

520 2664 717 2732 tigisse
752 2681 867 2718 non
901 2664 1142 2718 videtur.
1176 2695 1239 2703 -
1276 2665 1674 2737 praelambens]

523 2735 782 2791 Urbanus
819 2754 942 2789 mus
976 2736 1057 2789 sic
1094 2754 1313 2805 quoque
1336 2754 1552 2791 morem
1580 2738 1674 2791 ho-

521 2807 737 2860 minum
800 2808 1142 2862 urbanorum
1202 2808 1459 2863 imitatur
1520 2809 1678 2863 cibos

520 2880 1023 2960 praegustantium,
1079 2880 1116 2932 i.
1162 2896 1209 2933 e.
1260 2883 1429 2950 gustu
1486 2880 1674 2950 explo-

522 2950 786 3013 rantium,
836 2968 973 3004 num
1004 2950 1147 3005 bene
1181 2952 1367 3020 parati
1413 2950 1529 3005 sint
1565 2952 1675 3007 cibi

524 3022 1677 3163 83332‘222353351232322325522232

522 3163 621 3218 sed
674 3163 933 3235 fungitur
980 3166 1061 3219 ita
1105 3170 1172 3219 ut
1219 3166 1385 3219 simul
1437 3168 1676 3236 speciem

523 3234 822 3305 praeberet
858 3253 1175 3303 vernarum,
1214 3238 1326 3305 qui,
1365 3238 1497 3291 dum
1524 3238 1677 3292 cibos

524 3306 917 3377 apportabant,
962 3309 1107 3363 clam
1156 3277 1286 3363 inde
1341 3310 1677 3379 particulam

523 3378 903 3505 stgsspigbant
936 3381 1025 3504 vgl
1050 3384 1201 3520 cethe
1234 3382 1541 3507 lapibentes
1578 3398 1677 3449 811·-

524 3466 549 3503 s
684 3467 1377 3506 n—cuansinsra
1480 3469 1656 3507 aur

523 3537 714 3590 purea.
755 3550 828 3561 —
862 3521 1146 3593 strepitus]
1197 3470 1455 3578 factusg:
1484 3470 1678 3591 κενὴ,

526 3592 623 3661 qui
672 3593 855 3662 primo
898 3594 1147 3649 diluculo
1192 3595 1455 3650 conclave
1496 3596 1678 3665 scopis

525 3665 883 3748 spongiisque
942 3668 1241 3737 purgaturi
1304 3671 1465 3733 sunt3
1528 3667 1678 3722 idem

524 3735 793 3806 strepitus
831 3738 1041 3792 excitat
1075 3754 1255 3805 canes,
1292 3706 1552 3793 custodes
1583 3738 1682 3793 do·

525 3826 664 3861 mus.
718 3809 788 3863 cf.
826 3810 1005 3891 Εροᾱς
1046 3810 1099 3876 6,
1136 3810 1187 3862 5.
1235 3839 1301 3848 -
1354 3810 1501 3863 harad
1544 3810 1683 3863 mihi

524 3878 662 3948 vita]
721 3880 947 3949 „Etiam
985 3881 1047 3933 in
1092 3880 1163 3933 iis
1208 3882 1497 3937 sententiis
1543 3883 1682 3937 haec

526 3951 1681 4091 ffiffazhzlifflffktss‘etnt‚231232'5532{321

528 4094 897 4149 monstranda
932 4097 1031 4147 aut
1068 4094 1191 4163 ipsa
1230 4112 1319 4149 res
1351 4096 1681 4151 conflrman-

527 4166 601 4219 da
635 4170 759 4219 erat
804 4164 863 4234 (9
864 4182 933 4219 m·
968 4165 1136 4233 nicht,
1173 4166 1420 4223 wirklieh
1454 4170 1680 4237 nicht).“

528 4236 711 4291 Hand.
751 4236 910 4291 Turs.
947 4237 1011 4290 T.
1048 4206 1148 4291 111’.
1184 4256 1239 4309 p.
1260 4240 1347 4291 29.
1379 4271 1446 4280 —
1486 4240 1683 4295 solabi-

526 4307 646 4377 tur]
684 4307 815 4363 vide
851 4309 922 4363 ad
966 4308 1143 4363 Carm.
1170 4310 1242 4375 11,
1268 4314 1322 4377 5,
1344 4314 1391 4365 7.
1432 4342 1497 4351 -
1535 4312 1680 4381 ervo]

528 4396 641 4433 non
680 4386 766 4434 est
802 4380 975 4434 ablat.
1010 4382 1286 4449 instrum„
1324 4382 1421 4435 sed
1457 4383 1565 4437 hoc
1601 4382 1681 4436 di-

530 4451 701 4506 citur.
742 4468 1059 4521 quanquam
1098 4452 1217 4507 illic
1248 4453 1519 4507 vilissimo
1559 4454 1682 4509 cibo

530 4522 567 4576 i.
612 4540 657 4577 e.
694 4525 853 4577 tenui
898 4540 1031 4579 ervo
1068 4524 1403 4578 vescendum
1450 4530 1553 4593 est,
1599 4530 1683 4580 ta·

530 4610 659 4647 men
694 4598 853 4649 tutus
893 4594 973 4648 ibi
1010 4610 1131 4647 sum
1170 4594 1241 4649 ab
1278 4596 1511 4650 insidiis.

2149 2540 2382 2595 Satira
2417 2539 2540 2594 VII.

1839 2662 2137 2733 Superiore
2190 2666 2452 2732 poemate
2505 2662 2786 2716 Horatius
2843 2680 2926 2715 ve-

1767 2752 1889 2789 ram
1925 2752 2081 2789 suam
2119 2734 2454 2789 sententiam
2492 2734 2562 2787 de
2599 2734 2716 2786 suis
2763 2733 2927 2787 rebus

1767 2825 1977 2877 suaque
2037 2824 2166 2862 cum
2211 2806 2532 2861 Maecenate
2593 2806 2928 2875 magnisque

1768 2879 1826 2931 in
1873 2878 2104 2932 civitate
2137 2878 2275 2931 viris
2323 2876 2734 2931 necessitudine
2783 2896 2928 2930 ama·

1767 2949 1871 3004 bili
1915 2950 2134 3004 ratione
2179 2948 2576 3018 descripserat.
2633 2948 2770 3003 inde
2829 2950 2926 3017 igi-

1769 3025 1864 3075 tur
1919 3021 2159 3089 petenda
2212 3027 2296 3075 est
2347 3038 2480 3074 vera
2531 3036 2754 3073 morum
2815 3021 2928 3074 ani

1768 3093 1958 3161 mique
1993 3092 2217 3147 Horatii
2255 3092 2519 3162 cognitio.
2597 3092 2926 3145 Adversarii

1771 3170 1974 3231 autem,
2031 3180 2169 3233 quos
2218 3164 2426 3217 multos
2474 3180 2602 3217 311111
2667 3162 2927 3217 habuisse

1770 3240 1829 3290 et
1887 3205 2090 3290 na’tura
2150 3252 2338 3290 rerum
2407 3235 2814 3302 hominumque
2873 3240 2923 3288 et

1769 3312 2028 3377 poemata
2065 3308 2284 3374 docent,
2327 3306 2498 3361 aliter
2541 3304 2614 3359 de
2667 3323 2734 3359 eo
2788 3306 2924 3359 iudi-

1769 3379 1991 3445 cabant,
2027 3380 2236 3449 quippe
2274 3378 2370 3447 qui
2418 3378 2476 3431 in
2525 3376 2756 3431 homine
2793 3378 2924 3431 olim

1769 3468 2014 3521 paupere
2031 3490 2046 3519 ,
2106 3450 2480 3521 paupertatis,
2549 3448 2926 3519 frugalitatis,

1769 3522 2077 3590 libertatis,
2139 3521 2542 3590 temperantiae
2603 3519 2925 3580 laudatore.

1771 3599 1908 3647 tunc
1953 3596 2090 3648 satis
2132 3594 2334 3659 ditato,
2377 3598 2444 3646 ut
2491 3591 2664 3646 etiam
2701 3592 2924 3646 umbra.

1771 3681 2100 3734 scurrasque
2161 3665 2334 3719 aleret
2402 3664 2625 3731 (11.36),
2683 3662 2920 3717 divitum

1771 3736 2250 3806 dolica-torumque
2302 3735 2591 3790 hominum
2649 3738 2922 3789 sectatore

1771 3816 1830 3863 et
1876 3808 2184 3877 adulatore,
2232 3808 2551 3861 luxuriosae
2587 3806 2740 3861 vitae
2779 3824 2920 3860 ama·

1771 3885 1896 3935 tore
1942 3898 2008 3934 ea
2051 3880 2240 3934 omnia
2283 3879 2426 3933 vitia
2469 3894 2808 3947 omnemque
2851 3878 2920 3931 in·

1775 3952 2151 4007 constantiam
2212 3956 2270 4005 et
2326 3950 2752 4005 dissolutionem
2809 3951 2920 4003 iure

1773 4024 1882 4078 sibi
1929 4024 2180 4077 invenire
2215 4027 2274 4077 et
2309 4022 2631 4105 vituperare
2671 4020 2919 4075 videren-

1775 4101 1888 4163 tur,
1950 4112 2094 4163 quae
2143 4094 2466 4164 saepissime
2520 4092 2579 4145 in
2631 4092 2762 4146 aliis
2817 4110 2918 4146 non

1773 4166 2057 4237 peioribus
2093 4164 2410 4220 hominibus
2447 4164 2715 4247 maligne,
2737 4168 2802 4217 ut
2825 4180 2912 4233 pn·

1773 4238 1990 4305 tabant,
2027 4238 2425 4305 descripsisset.
2469 4235 2572 4289 His
2610 4236 2792 4305 igitur
2825 4235 2916 4288 cri·

1773 4310 2175 4363 minationibus
2193 4313 2540 4390 postremum
2553 4306 2780 4361 obviam
2800 4324 2916 4359 eun·

1777 4382 1835 4434 di
1897 4381 2182 4463 egregiam
2241 4384 2412 4449 poeta
2475 4378 2696 4433 invenit
2765 4380 2914 4431 viam.

1775 4452 2017 4506 Tantum
2063 4452 2210 4506 enim
2259 4451 2420 4506 abest
2467 4454 2531 4503 ut
2565 4450 2636 4504 iis
2683 4466 2744 4504 se
2779 4450 2915 4502 vitiis

1777 4525 2033 4579 laborare
2071 4523 2382 4607 negaverit,
2425 4525 2492 4576 ut
2535 4522 2812 4576 acriorem
2847 4522 2914 4573 in-

1778 4595 2177 4664 festioremque
2205 4595 2290 4648 sni
2317 4592 2492 4663 ipsius
2523 4592 2914 4649 incusationem
