<?xml version="1.0" encoding="UTF-8"?>
<!DOCTYPE html PUBLIC "-//W3C//DTD XHTML 1.0 Transitional//EN"
    "http://www.w3.org/TR/xhtml1/DTD/xhtml1-transitional.dtd">
<html xmlns="http://www.w3.org/1999/xhtml" xml:lang="en" lang="en">
 <head>
  <title>
</title>
<meta http-equiv="Content-Type" content="text/html;charset=utf-8" />
  <meta name='ocr-system' content='tesseract 3.04.00' />
  <meta name='ocr-capabilities' content='ocr_page ocr_carea ocr_par ocr_line ocrx_word'/>
</head>
<body>
  <div class='ocr_page' id='page_1' title='image "./qhoratiiflaccio05unkngoog_0071.png"; bbox 0 0 3092 5059; ppageno 0'>
   <div class='ocr_carea' id='block_1_1' title="bbox 1121 239 2663 315">
    <p class='ocr_par' dir='ltr' id='par_1_1' title="bbox 1121 239 2663 315">
     <span class='ocr_line' id='line_1_1' title="bbox 1121 239 2663 315; baseline -0.008 0"><span class='ocrx_word' id='word_1_1' title='bbox 1121 249 1280 315; x_wconf 89' lang='lat' dir='ltr'><strong>LIB.</strong></span> <span class='ocrx_word' id='word_1_2' title='bbox 1325 246 1374 315; x_wconf 92' lang='lat'><strong>1.</strong></span> <span class='ocrx_word' id='word_1_3' title='bbox 1420 246 1677 315; x_wconf 76' lang='lat' dir='ltr'>CARM.</span> <span class='ocrx_word' id='word_1_4' title='bbox 1715 248 1799 311; x_wconf 90' lang='grc' dir='ltr'><strong>Π.</strong></span> <span class='ocrx_word' id='word_1_5' title='bbox 2584 239 2663 303; x_wconf 88' lang='grc'><strong>41</strong></span> 
     </span>
    </p>
   </div>
   <div class='ocr_carea' id='block_1_2' title="bbox 467 436 2129 888">
    <p class='ocr_par' dir='ltr' id='par_1_2' title="bbox 556 436 2129 787">
     <span class='ocr_line' id='line_1_2' title="bbox 556 436 1896 537; baseline -0.001 -25"><span class='ocrx_word' id='word_1_6' title='bbox 556 437 732 513; x_wconf 92' lang='lat' dir='ltr'><strong>Heu</strong></span> <span class='ocrx_word' id='word_1_7' title='bbox 785 439 1012 513; x_wconf 91' lang='lat' dir='ltr'><strong>nimis</strong></span> <span class='ocrx_word' id='word_1_8' title='bbox 1064 438 1305 537; x_wconf 88' lang='lat' dir='ltr'><strong>longo</strong></span> <span class='ocrx_word' id='word_1_9' title='bbox 1359 438 1631 514; x_wconf 83' lang='lat' dir='ltr'><strong>satiate</strong></span> <span class='ocrx_word' id='word_1_10' title='bbox 1682 436 1896 534; x_wconf 86' lang='lat' dir='ltr'><strong>ludo,</strong></span> 
     </span>
     <span class='ocr_line' id='line_1_3' title="bbox 559 561 2129 661; baseline -0.002 -24"><span class='ocrx_word' id='word_1_11' title='bbox 559 562 805 654; x_wconf 85' lang='lat' dir='ltr'><strong>Quem</strong></span> <span class='ocrx_word' id='word_1_12' title='bbox 856 562 1066 638; x_wconf 82' lang='lat' dir='ltr'><strong>iuvat</strong></span> <span class='ocrx_word' id='word_1_13' title='bbox 1118 562 1410 637; x_wconf 89' lang='lat' dir='ltr'><strong>clamor</strong></span> <span class='ocrx_word' id='word_1_14' title='bbox 1462 561 1889 661; x_wconf 79' lang='lat' dir='ltr'><strong>galeaeque</strong></span> <span class='ocrx_word' id='word_1_15' title='bbox 1922 561 2129 636; x_wconf 83' lang='lat' dir='ltr'><strong>leves</strong></span> 
     </span>
     <span class='ocr_line' id='line_1_4' title="bbox 559 686 1988 787; baseline -0.001 -25"><span class='ocrx_word' id='word_1_16' title='bbox 559 686 768 765; x_wconf 89' lang='lat' dir='ltr'><strong>Acer</strong></span> <span class='ocrx_word' id='word_1_17' title='bbox 820 700 896 763; x_wconf 85' lang='lat' dir='ltr'><strong>et</strong></span> <span class='ocrx_word' id='word_1_18' title='bbox 947 687 1203 763; x_wconf 83' lang='lat' dir='ltr'>Mauri</span> <span class='ocrx_word' id='word_1_19' title='bbox 1255 688 1537 787; x_wconf 86' lang='lat' dir='ltr'><strong>peditis</strong></span> <span class='ocrx_word' id='word_1_20' title='bbox 1591 700 1988 763; x_wconf 86' lang='lat' dir='ltr'><strong>cruentum</strong></span> 
     </span>
    </p>

    <p class='ocr_par' dir='ltr' id='par_1_3' title="bbox 467 812 1553 888">
     <span class='ocr_line' id='line_1_5' title="bbox 467 812 1553 888; baseline 0 -1"><span class='ocrx_word' id='word_1_21' title='bbox 467 846 524 887; x_wconf 68' lang='grc' dir='ltr'>ιο</span> <span class='ocrx_word' id='word_1_22' title='bbox 758 812 1039 888; x_wconf 85' lang='lat' dir='ltr'><strong>Vultus</strong></span> <span class='ocrx_word' id='word_1_23' title='bbox 1091 814 1173 888; x_wconf 92' lang='lat' dir='ltr'><strong>in</strong></span> <span class='ocrx_word' id='word_1_24' title='bbox 1227 812 1553 887; x_wconf 85' lang='lat' dir='ltr'><strong>hostem.</strong></span> 
     </span>
    </p>
   </div>
   <div class='ocr_carea' id='block_1_3' title="bbox 556 961 1835 1311">
    <p class='ocr_par' dir='ltr' id='par_1_4' title="bbox 556 961 1835 1311">
     <span class='ocr_line' id='line_1_6' title="bbox 561 961 1799 1060; baseline -0.004 -17"><span class='ocrx_word' id='word_1_25' title='bbox 561 966 739 1043; x_wconf 83' lang='lat' dir='ltr'><strong>Sive</strong></span> <span class='ocrx_word' id='word_1_26' title='bbox 791 977 1082 1041; x_wconf 84' lang='lat' dir='ltr'><strong>mutata</strong></span> <span class='ocrx_word' id='word_1_27' title='bbox 1139 966 1494 1039; x_wconf 90' lang='lat' dir='ltr'><strong>iuvenem</strong></span> <span class='ocrx_word' id='word_1_28' title='bbox 1545 961 1799 1060; x_wconf 86' lang='lat' dir='ltr'><strong>figura</strong></span> 
     </span>
     <span class='ocr_line' id='line_1_7' title="bbox 561 1086 1835 1165; baseline -0.001 -1"><span class='ocrx_word' id='word_1_29' title='bbox 561 1088 748 1165; x_wconf 89' lang='lat' dir='ltr'><strong>Ales</strong></span> <span class='ocrx_word' id='word_1_30' title='bbox 801 1091 882 1164; x_wconf 90' lang='lat' dir='ltr'><strong>in</strong></span> <span class='ocrx_word' id='word_1_31' title='bbox 928 1090 1153 1165; x_wconf 84' lang='lat' dir='ltr'><strong>terris</strong></span> <span class='ocrx_word' id='word_1_32' title='bbox 1203 1087 1529 1165; x_wconf 84' lang='lat' dir='ltr'><strong>imitaris</strong></span> <span class='ocrx_word' id='word_1_33' title='bbox 1584 1086 1835 1164; x_wconf 82' lang='lat' dir='ltr'><strong>almae</strong></span> 
     </span>
     <span class='ocr_line' id='line_1_8' title="bbox 556 1213 1756 1311; baseline -0.002 -22"><span class='ocrx_word' id='word_1_34' title='bbox 556 1214 794 1290; x_wconf 85' lang='lat' dir='ltr'><strong>Filius</strong></span> <span class='ocrx_word' id='word_1_35' title='bbox 848 1213 1098 1289; x_wconf 87' lang='lat' dir='ltr'><strong>Maiae</strong></span> <span class='ocrx_word' id='word_1_36' title='bbox 1141 1214 1440 1311; x_wconf 88' lang='lat' dir='ltr'><strong>patiens</strong></span> <span class='ocrx_word' id='word_1_37' title='bbox 1495 1213 1756 1289; x_wconf 87' lang='lat' dir='ltr'><strong>vocari</strong></span> 
     </span>
    </p>
   </div>
   <div class='ocr_carea' id='block_1_4' title="bbox 761 1337 1393 1435">
    <p class='ocr_par' dir='ltr' id='par_1_5' title="bbox 761 1337 1393 1435">
     <span class='ocr_line' id='line_1_9' title="bbox 761 1337 1393 1435; baseline -0.003 -20"><span class='ocrx_word' id='word_1_38' title='bbox 761 1337 1112 1416; x_wconf 80' lang='lat' dir='ltr'><strong>Caesaris</strong></span> <span class='ocrx_word' id='word_1_39' title='bbox 1167 1337 1393 1435; x_wconf 88' lang='lat' dir='ltr'><strong>ultor,</strong></span> 
     </span>
    </p>
   </div>
   <div class='ocr_carea' id='block_1_5' title="bbox 467 1462 1935 1815">
    <p class='ocr_par' dir='ltr' id='par_1_6' title="bbox 467 1462 1935 1815">
     <span class='ocr_line' id='line_1_10' title="bbox 467 1462 1935 1562; baseline 0.001 -24"><span class='ocrx_word' id='word_1_40' title='bbox 467 1498 520 1538; x_wconf 64' lang='grc' dir='ltr'><strong><em>ω</em></strong></span> <span class='ocrx_word' id='word_1_41' title='bbox 559 1464 786 1543; x_wconf 85' lang='lat' dir='ltr'><strong>Serus</strong></span> <span class='ocrx_word' id='word_1_42' title='bbox 833 1465 916 1540; x_wconf 90' lang='lat' dir='ltr'><strong>in</strong></span> <span class='ocrx_word' id='word_1_43' title='bbox 969 1462 1266 1540; x_wconf 90' lang='lat' dir='ltr'><strong>caelum</strong></span> <span class='ocrx_word' id='word_1_44' title='bbox 1318 1463 1591 1540; x_wconf 83' lang='lat' dir='ltr'><strong>redeas</strong></span> <span class='ocrx_word' id='word_1_45' title='bbox 1645 1463 1935 1562; x_wconf 88' lang='lat' dir='ltr'><strong>diuque</strong></span> 
     </span>
     <span class='ocr_line' id='line_1_11' title="bbox 563 1587 1915 1691; baseline -0.001 -27"><span class='ocrx_word' id='word_1_46' title='bbox 563 1590 834 1665; x_wconf 84' lang='lat' dir='ltr'><strong>Laetus</strong></span> <span class='ocrx_word' id='word_1_47' title='bbox 883 1588 1187 1665; x_wconf 84' lang='lat' dir='ltr'><strong>intersis</strong></span> <span class='ocrx_word' id='word_1_48' title='bbox 1239 1588 1530 1691; x_wconf 89' lang='lat' dir='ltr'><strong>populo</strong></span> <span class='ocrx_word' id='word_1_49' title='bbox 1586 1587 1915 1686; x_wconf 85' lang='lat' dir='ltr'><strong>Quirini,</strong></span> 
     </span>
     <span class='ocr_line' id='line_1_12' title="bbox 557 1714 1879 1815; baseline 0.001 -25"><span class='ocrx_word' id='word_1_50' title='bbox 557 1715 770 1791; x_wconf 84' lang='lat' dir='ltr'><strong>Neve</strong></span> <span class='ocrx_word' id='word_1_51' title='bbox 819 1728 896 1791; x_wconf 88' lang='lat' dir='ltr'><strong>te</strong></span> <span class='ocrx_word' id='word_1_52' title='bbox 945 1714 1224 1790; x_wconf 84' lang='lat' dir='ltr'><strong>nostris</strong></span> <span class='ocrx_word' id='word_1_53' title='bbox 1275 1716 1477 1791; x_wconf 82' lang='lat' dir='ltr'><strong>vitiis</strong></span> <span class='ocrx_word' id='word_1_54' title='bbox 1530 1715 1879 1815; x_wconf 89' lang='lat' dir='ltr'><strong>iniquum</strong></span> 
     </span>
    </p>
   </div>
   <div class='ocr_carea' id='block_1_6' title="bbox 760 1840 1228 1917">
    <p class='ocr_par' dir='ltr' id='par_1_7' title="bbox 760 1840 1228 1917">
     <span class='ocr_line' id='line_1_13' title="bbox 760 1840 1228 1917; baseline -0.002 0"><span class='ocrx_word' id='word_1_55' title='bbox 760 1840 997 1917; x_wconf 82' lang='lat' dir='ltr'><strong>Ocior</strong></span> <span class='ocrx_word' id='word_1_56' title='bbox 1040 1866 1228 1917; x_wconf 85' lang='lat' dir='ltr'><strong>aura</strong></span> 
     </span>
    </p>
   </div>
   <div class='ocr_carea' id='block_1_7' title="bbox 235 2030 1414 4677">
    <p class='ocr_par' dir='ltr' id='par_1_8' title="bbox 235 2030 1414 4677">
     <span class='ocr_line' id='line_1_14' title="bbox 235 2030 1411 2102; baseline 0 -15"><span class='ocrx_word' id='word_1_57' title='bbox 235 2050 497 2102; x_wconf 85' lang='lat' dir='ltr'><strong>quorum</strong></span> <span class='ocrx_word' id='word_1_58' title='bbox 524 2031 769 2086; x_wconf 80' lang='lat' dir='ltr'><strong>alterum</strong></span> <span class='ocrx_word' id='word_1_59' title='bbox 793 2030 1030 2087; x_wconf 81' lang='lat' dir='ltr'><strong>Horatio</strong></span> <span class='ocrx_word' id='word_1_60' title='bbox 1068 2038 1298 2087; x_wconf 86' lang='lat' dir='ltr'><strong>auctore</strong></span> <span class='ocrx_word' id='word_1_61' title='bbox 1323 2033 1411 2087; x_wconf 91' lang='lat' dir='ltr'><strong>Io-</strong></span> 
     </span>
     <span class='ocr_line' id='line_1_15' title="bbox 235 2104 1412 2173; baseline 0.001 -14"><span class='ocrx_word' id='word_1_62' title='bbox 235 2122 370 2159; x_wconf 87' lang='lat' dir='ltr'><strong>cum</strong></span> <span class='ocrx_word' id='word_1_63' title='bbox 437 2104 685 2158; x_wconf 83' lang='lat' dir='ltr'><strong>alterum</strong></span> <span class='ocrx_word' id='word_1_64' title='bbox 734 2104 1066 2173; x_wconf 85' lang='lat' dir='ltr'><strong>Cupidinem</strong></span> <span class='ocrx_word' id='word_1_65' title='bbox 1121 2106 1412 2160; x_wconf 84' lang='lat' dir='ltr'><strong>nominare</strong></span> 
     </span>
     <span class='ocr_line' id='line_1_16' title="bbox 235 2176 1407 2247; baseline 0 -16"><span class='ocrx_word' id='word_1_66' title='bbox 235 2176 436 2232; x_wconf 75' lang='lat' dir='ltr'><strong>lieet.“</strong></span> <span class='ocrx_word' id='word_1_67' title='bbox 475 2204 552 2216; x_wconf 89' lang='lat'><strong>—-</strong></span> <span class='ocrx_word' id='word_1_68' title='bbox 599 2176 830 2245; x_wconf 72' lang='lat' dir='ltr'><strong>respicis</strong></span> <span class='ocrx_word' id='word_1_69' title='bbox 913 2176 1144 2230; x_wconf 84' lang='lat' dir='ltr'><strong>iuvandi</strong></span> <span class='ocrx_word' id='word_1_70' title='bbox 1205 2176 1407 2247; x_wconf 83' lang='lat' dir='ltr'><strong>gratia.</strong></span> 
     </span>
     <span class='ocr_line' id='line_1_17' title="bbox 237 2247 1412 2317; baseline 0 -14"><span class='ocrx_word' id='word_1_71' title='bbox 237 2248 468 2303; x_wconf 76' lang='lat' dir='ltr'><strong>Romae</strong></span> <span class='ocrx_word' id='word_1_72' title='bbox 505 2247 796 2303; x_wconf 84' lang='lat' dir='ltr'><strong>colebatur</strong></span> <span class='ocrx_word' id='word_1_73' title='bbox 853 2254 1080 2303; x_wconf 74' lang='lat' dir='ltr'><strong>‘ortana</strong></span> <span class='ocrx_word' id='word_1_74' title='bbox 1113 2248 1412 2317; x_wconf 72' lang='lat' dir='ltr'><strong>respiciens</strong></span> 
     </span>
     <span class='ocr_line' id='line_1_18' title="bbox 235 2318 1409 2389; baseline -0.001 -14"><span class='ocrx_word' id='word_1_75' title='bbox 235 2320 314 2375; x_wconf 79' lang='lat' dir='ltr'><strong>ad</strong></span> <span class='ocrx_word' id='word_1_76' title='bbox 349 2336 527 2389; x_wconf 83' lang='lat' dir='ltr'><strong>opem</strong></span> <span class='ocrx_word' id='word_1_77' title='bbox 566 2318 872 2381; x_wconf 84' lang='lat' dir='ltr'><strong>ferendam,</strong></span> <span class='ocrx_word' id='word_1_78' title='bbox 927 2324 994 2373; x_wconf 84' lang='lat' dir='ltr'><strong>ut</strong></span> <span class='ocrx_word' id='word_1_79' title='bbox 1037 2320 1178 2374; x_wconf 86' lang='lat' dir='ltr'><strong>dicit</strong></span> <span class='ocrx_word' id='word_1_80' title='bbox 1217 2319 1409 2375; x_wconf 86' lang='lat' dir='ltr'><strong>Cicero</strong></span> 
     </span>
     <span class='ocr_line' id='line_1_19' title="bbox 239 2390 1410 2462; baseline 0.002 -17"><span class='ocrx_word' id='word_1_81' title='bbox 239 2392 312 2445; x_wconf 89' lang='lat' dir='ltr'><strong>de</strong></span> <span class='ocrx_word' id='word_1_82' title='bbox 337 2390 521 2462; x_wconf 77' lang='lat' dir='ltr'><strong>legib.</strong></span> <span class='ocrx_word' id='word_1_83' title='bbox 543 2390 614 2459; x_wconf 94' lang='lat'><strong>11,</strong></span> <span class='ocrx_word' id='word_1_84' title='bbox 639 2393 721 2445; x_wconf 87' lang='lat'><strong>11.</strong></span> <span class='ocrx_word' id='word_1_85' title='bbox 747 2420 816 2430; x_wconf 96' lang='lat'><strong>—</strong></span> <span class='ocrx_word' id='word_1_86' title='bbox 841 2390 988 2461; x_wconf 79' lang='lat' dir='ltr'><strong>ludo]</strong></span> <span class='ocrx_word' id='word_1_87' title='bbox 1013 2391 1232 2446; x_wconf 90' lang='lat' dir='ltr'><strong>bellico.</strong></span> <span class='ocrx_word' id='word_1_88' title='bbox 1253 2391 1410 2447; x_wconf 85' lang='lat' dir='ltr'><strong>Com·</strong></span> 
     </span>
     <span class='ocr_line' id='line_1_20' title="bbox 236 2461 1410 2533; baseline 0.001 -16"><span class='ocrx_word' id='word_1_89' title='bbox 236 2480 386 2533; x_wconf 76' lang='lat' dir='ltr'><strong>para</strong></span> <span class='ocrx_word' id='word_1_90' title='bbox 451 2461 550 2517; x_wconf 83' lang='lat' dir='ltr'><strong>Sil.</strong></span> <span class='ocrx_word' id='word_1_91' title='bbox 607 2462 732 2516; x_wconf 86' lang='lat' dir='ltr'><strong>Ital.</strong></span> <span class='ocrx_word' id='word_1_92' title='bbox 787 2462 885 2527; x_wconf 89' lang='lat' dir='ltr'><strong>IX,</strong></span> <span class='ocrx_word' id='word_1_93' title='bbox 934 2464 1074 2517; x_wconf 80' lang='lat'>555:</span> <span class='ocrx_word' id='word_1_94' title='bbox 1135 2463 1410 2533; x_wconf 84' lang='lat' dir='ltr'><strong>„Martem</strong></span> 
     </span>
     <span class='ocr_line' id='line_1_21' title="bbox 239 2533 1412 2604; baseline 0.002 -15"><span class='ocrx_word' id='word_1_95' title='bbox 239 2535 498 2603; x_wconf 83' lang='lat' dir='ltr'><strong>lituique</strong></span> <span class='ocrx_word' id='word_1_96' title='bbox 572 2534 852 2603; x_wconf 82' lang='lat' dir='ltr'><strong>tubaeque</strong></span> <span class='ocrx_word' id='word_1_97' title='bbox 918 2533 1274 2604; x_wconf 82' lang='lat' dir='ltr'><strong>Vulneraque</strong></span> <span class='ocrx_word' id='word_1_98' title='bbox 1353 2540 1412 2591; x_wconf 83' lang='lat' dir='ltr'><strong>et</strong></span> 
     </span>
     <span class='ocr_line' id='line_1_22' title="bbox 241 2606 1408 2734; baseline 0.004 -75"><span class='ocrx_word' id='word_1_99' title='bbox 241 2607 485 2734; x_wconf 43' lang='lat' dir='ltr'><strong>gangra-{⁸</strong></span> <span class='ocrx_word' id='word_1_100' title='bbox 509 2610 568 2660; x_wconf 85' lang='lat' dir='ltr'><strong>et</strong></span> <span class='ocrx_word' id='word_1_101' title='bbox 586 2606 807 2731; x_wconf 43' lang='lat' dir='ltr'><strong>‘elff‘g</strong></span> <span class='ocrx_word' id='word_1_102' title='bbox 831 2609 1074 2731; x_wconf 53' lang='lat' dir='ltr'><strong>ehaggg</strong></span> <span class='ocrx_word' id='word_1_103' title='bbox 1101 2607 1408 2733; x_wconf 42' lang='lat' dir='ltr'><strong>ingerent!</strong></span> 
     </span>
     <span class='ocr_line' id='line_1_23' title="bbox 345 2694 1412 2748; baseline 0.003 -16"><span class='ocrx_word' id='word_1_104' title='bbox 345 2696 387 2732; x_wconf 91' lang='lat' dir='ltr'><strong>u</strong></span> <span class='ocrx_word' id='word_1_105' title='bbox 431 2694 550 2732; x_wconf 77' lang='lat' dir='ltr'><strong>ian.</strong></span> <span class='ocrx_word' id='word_1_106' title='bbox 581 2694 642 2731; x_wconf 86' lang='lat' dir='ltr'><strong>m</strong></span> <span class='ocrx_word' id='word_1_107' title='bbox 711 2694 748 2730; x_wconf 87' lang='lat' dir='ltr'><strong>u</strong></span> <span class='ocrx_word' id='word_1_108' title='bbox 789 2694 844 2731; x_wconf 92' lang='lat' dir='ltr'><strong>n.</strong></span> <span class='ocrx_word' id='word_1_109' title='bbox 923 2720 936 2741; x_wconf 92' lang='lat'><strong>,</strong></span> <span class='ocrx_word' id='word_1_110' title='bbox 1078 2698 1090 2731; x_wconf 74' lang='grc' dir='ltr'><em>ε</em></span> <span class='ocrx_word' id='word_1_111' title='bbox 1136 2720 1160 2748; x_wconf 89' lang='grc'><strong>,,</strong></span> <span class='ocrx_word' id='word_1_112' title='bbox 1220 2698 1412 2735; x_wconf 85' lang='lat' dir='ltr'><strong>umma</strong></span> 
     </span>
     <span class='ocr_line' id='line_1_24' title="bbox 239 2748 1407 2807; baseline 0 -3"><span class='ocrx_word' id='word_1_113' title='bbox 239 2749 524 2805; x_wconf 79' lang='lat' dir='ltr'><strong>Romanis</strong></span> <span class='ocrx_word' id='word_1_114' title='bbox 587 2748 837 2803; x_wconf 91' lang='lat' dir='ltr'><strong>nondum</strong></span> <span class='ocrx_word' id='word_1_115' title='bbox 898 2750 1103 2804; x_wconf 82' lang='lat' dir='ltr'><strong>satiata</strong></span> <span class='ocrx_word' id='word_1_116' title='bbox 1173 2752 1407 2807; x_wconf 86' lang='lat' dir='ltr'><strong>ruinis.“</strong></span> 
     </span>
     <span class='ocr_line' id='line_1_25' title="bbox 241 2820 1410 2891; baseline 0.002 -16"><span class='ocrx_word' id='word_1_117' title='bbox 241 2822 424 2891; x_wconf 73' lang='lat' dir='ltr'><strong>Mars,</strong></span> <span class='ocrx_word' id='word_1_118' title='bbox 465 2821 652 2891; x_wconf 83' lang='lat' dir='ltr'><strong>gentis</strong></span> <span class='ocrx_word' id='word_1_119' title='bbox 690 2820 974 2875; x_wconf 82' lang='lat' dir='ltr'><strong>Romanae</strong></span> <span class='ocrx_word' id='word_1_120' title='bbox 1010 2825 1195 2891; x_wconf 81' lang='lat' dir='ltr'><strong>pater,</strong></span> <span class='ocrx_word' id='word_1_121' title='bbox 1245 2823 1410 2878; x_wconf 83' lang='lat' dir='ltr'><strong>citius</strong></span> 
     </span>
     <span class='ocr_line' id='line_1_26' title="bbox 241 2891 1409 2963; baseline -0.001 -15"><span class='ocrx_word' id='word_1_122' title='bbox 241 2894 500 2948; x_wconf 79' lang='lat' dir='ltr'><strong>debebat</strong></span> <span class='ocrx_word' id='word_1_123' title='bbox 555 2892 752 2946; x_wconf 84' lang='lat' dir='ltr'><strong>satiari</strong></span> <span class='ocrx_word' id='word_1_124' title='bbox 797 2891 950 2945; x_wconf 83' lang='lat' dir='ltr'><strong>civili</strong></span> <span class='ocrx_word' id='word_1_125' title='bbox 999 2894 1288 2963; x_wconf 80' lang='lat' dir='ltr'><strong>sanguine.</strong></span> <span class='ocrx_word' id='word_1_126' title='bbox 1343 2924 1409 2936; x_wconf 89' lang='lat'><strong>--</strong></span> 
     </span>
     <span class='ocr_line' id='line_1_27' title="bbox 244 2961 1410 3033; baseline -0.001 -14"><span class='ocrx_word' id='word_1_127' title='bbox 244 2965 460 3019; x_wconf 72' lang='lat' dir='ltr'><strong>Mauri</strong></span> <span class='ocrx_word' id='word_1_128' title='bbox 490 2964 728 3033; x_wconf 74' lang='lat' dir='ltr'><strong>peditis]</strong></span> <span class='ocrx_word' id='word_1_129' title='bbox 779 2961 966 3018; x_wconf 83' lang='lat' dir='ltr'><strong>Mauri</strong></span> <span class='ocrx_word' id='word_1_130' title='bbox 1004 2981 1146 3032; x_wconf 89' lang='lat' dir='ltr'><strong>equo</strong></span> <span class='ocrx_word' id='word_1_131' title='bbox 1188 2965 1410 3021; x_wconf 86' lang='lat' dir='ltr'><strong>deiecti.</strong></span> 
     </span>
     <span class='ocr_line' id='line_1_28' title="bbox 244 3034 1413 3105; baseline 0.001 -14"><span class='ocrx_word' id='word_1_132' title='bbox 244 3036 495 3105; x_wconf 77' lang='lat' dir='ltr'><strong>Equites</strong></span> <span class='ocrx_word' id='word_1_133' title='bbox 527 3035 676 3089; x_wconf 88' lang='lat' dir='ltr'><strong>enim</strong></span> <span class='ocrx_word' id='word_1_134' title='bbox 713 3034 810 3103; x_wconf 87' lang='lat' dir='ltr'><strong>qui</strong></span> <span class='ocrx_word' id='word_1_135' title='bbox 847 3052 1020 3104; x_wconf 87' lang='lat' dir='ltr'><strong>equos</strong></span> <span class='ocrx_word' id='word_1_136' title='bbox 1056 3037 1413 3105; x_wconf 83' lang='lat' dir='ltr'><strong>reliquerunt</strong></span> 
     </span>
     <span class='ocr_line' id='line_1_29' title="bbox 239 3107 1412 3231; baseline 0.002 -69"><span class='ocrx_word' id='word_1_137' title='bbox 239 3107 464 3231; x_wconf 48' lang='lat' dir='ltr'><strong>gedites</strong></span> <span class='ocrx_word' id='word_1_138' title='bbox 485 3124 886 3175; x_wconf 86' lang='lat' dir='ltr'><strong>nonnunquam</strong></span> <span class='ocrx_word' id='word_1_139' title='bbox 905 3107 1412 3177; x_wconf 83' lang='lat' dir='ltr'><strong>appellantur.Liv.</strong></span> 
     </span>
     <span class='ocr_line' id='line_1_30' title="bbox 293 3177 1411 3247; baseline 0.003 -14"><span class='ocrx_word' id='word_1_140' title='bbox 293 3178 370 3247; x_wconf 90' lang='lat'><strong>11,</strong></span> <span class='ocrx_word' id='word_1_141' title='bbox 412 3181 470 3232; x_wconf 89' lang='grc'><strong>8.</strong></span> <span class='ocrx_word' id='word_1_142' title='bbox 510 3177 672 3232; x_wconf 81' lang='lat' dir='ltr'><strong>Ovid.</strong></span> <span class='ocrx_word' id='word_1_143' title='bbox 710 3178 845 3233; x_wconf 86' lang='lat' dir='ltr'><strong>Met.</strong></span> <span class='ocrx_word' id='word_1_144' title='bbox 886 3178 1034 3247; x_wconf 85' lang='lat' dir='ltr'><strong>XIV,</strong></span> <span class='ocrx_word' id='word_1_145' title='bbox 1072 3180 1193 3234; x_wconf 80' lang='lat'><strong>363.</strong></span> <span class='ocrx_word' id='word_1_146' title='bbox 1249 3180 1411 3236; x_wconf 84' lang='lat' dir='ltr'><strong>Simi-</strong></span> 
     </span>
     <span class='ocr_line' id='line_1_31' title="bbox 247 3249 1410 3321; baseline 0.002 -18"><span class='ocrx_word' id='word_1_147' title='bbox 247 3251 362 3305; x_wconf 85' lang='lat' dir='ltr'><strong>lem</strong></span> <span class='ocrx_word' id='word_1_148' title='bbox 404 3250 568 3319; x_wconf 83' lang='lat' dir='ltr'><strong>quasi</strong></span> <span class='ocrx_word' id='word_1_149' title='bbox 605 3249 861 3305; x_wconf 84' lang='lat' dir='ltr'><strong>tabulam</strong></span> <span class='ocrx_word' id='word_1_150' title='bbox 897 3250 1164 3305; x_wconf 86' lang='lat' dir='ltr'><strong>habemus</strong></span> <span class='ocrx_word' id='word_1_151' title='bbox 1196 3252 1311 3307; x_wconf 87' lang='lat' dir='ltr'><strong>Sat.</strong></span> <span class='ocrx_word' id='word_1_152' title='bbox 1338 3253 1410 3321; x_wconf 80' lang='grc' dir='ltr'><strong>ΙΙ,</strong></span> 
     </span>
     <span class='ocr_line' id='line_1_32' title="bbox 248 3320 1412 3391; baseline 0.004 -16"><span class='ocrx_word' id='word_1_153' title='bbox 248 3323 301 3390; x_wconf 91' lang='grc'><strong>1,</strong></span> <span class='ocrx_word' id='word_1_154' title='bbox 342 3325 451 3391; x_wconf 79' lang='grc'><strong>15;</strong></span> <span class='ocrx_word' id='word_1_155' title='bbox 493 3338 622 3375; x_wconf 81' lang='lat' dir='ltr'><strong>nam</strong></span> <span class='ocrx_word' id='word_1_156' title='bbox 643 3320 843 3375; x_wconf 86' lang='lat' dir='ltr'><strong>Parthi</strong></span> <span class='ocrx_word' id='word_1_157' title='bbox 882 3338 1101 3391; x_wconf 83' lang='lat' dir='ltr'><strong>quoque</strong></span> <span class='ocrx_word' id='word_1_158' title='bbox 1139 3328 1204 3377; x_wconf 82' lang='grc' dir='ltr'><strong>ιιι</strong></span> <span class='ocrx_word' id='word_1_159' title='bbox 1223 3324 1412 3387; x_wconf 77' lang='lat' dir='ltr'><strong>Mauri</strong></span> 
     </span>
     <span class='ocr_line' id='line_1_33' title="bbox 249 3392 1412 3463; baseline 0.004 -16"><span class='ocrx_word' id='word_1_160' title='bbox 249 3394 310 3449; x_wconf 89' lang='lat' dir='ltr'><strong>in</strong></span> <span class='ocrx_word' id='word_1_161' title='bbox 345 3394 511 3463; x_wconf 84' lang='lat' dir='ltr'><strong>equis</strong></span> <span class='ocrx_word' id='word_1_162' title='bbox 547 3410 724 3462; x_wconf 88' lang='lat' dir='ltr'><strong>prope</strong></span> <span class='ocrx_word' id='word_1_163' title='bbox 765 3392 1048 3449; x_wconf 72' lang='lat' dir='ltr'><strong>vivebant.</strong></span> <span class='ocrx_word' id='word_1_164' title='bbox 1108 3394 1292 3462; x_wconf 82' lang='lat' dir='ltr'><strong>Quare</strong></span> <span class='ocrx_word' id='word_1_165' title='bbox 1327 3414 1412 3452; x_wconf 89' lang='lat' dir='ltr'><strong>re-</strong></span> 
     </span>
     <span class='ocr_line' id='line_1_34' title="bbox 248 3464 1412 3537; baseline 0.004 -19"><span class='ocrx_word' id='word_1_166' title='bbox 248 3464 552 3535; x_wconf 83' lang='lat' dir='ltr'><strong>probanda</strong></span> <span class='ocrx_word' id='word_1_167' title='bbox 587 3470 674 3519; x_wconf 87' lang='lat' dir='ltr'><strong>est</strong></span> <span class='ocrx_word' id='word_1_168' title='bbox 712 3465 1033 3521; x_wconf 79' lang='lat' dir='ltr'><strong>coniectura</strong></span> <span class='ocrx_word' id='word_1_169' title='bbox 1076 3468 1280 3537; x_wconf 71' lang='lat' dir='ltr'><strong>Marsi,</strong></span> <span class='ocrx_word' id='word_1_170' title='bbox 1327 3488 1412 3523; x_wconf 86' lang='lat' dir='ltr'><strong>re-</strong></span> 
     </span>
     <span class='ocr_line' id='line_1_35' title="bbox 253 3536 1412 3669; baseline 0.004 -6"><span class='ocrx_word' id='word_1_171' title='bbox 253 3536 1048 3664; x_wconf 52' lang='lat' dir='ltr'><strong>ffiffitssussdffihsstssignfflffss</strong></span> <span class='ocrx_word' id='word_1_172' title='bbox 1075 3540 1412 3669; x_wconf 56' lang='lat' dir='ltr'><strong>ssssffi‘ffifsss</strong></span> 
     </span>
     <span class='ocr_line' id='line_1_36' title="bbox 251 3678 1328 3751; baseline 0.005 -18"><span class='ocrx_word' id='word_1_173' title='bbox 251 3678 585 3735; x_wconf 82' lang='lat' dir='ltr'><strong>Maurorum</strong></span> <span class='ocrx_word' id='word_1_174' title='bbox 622 3680 692 3734; x_wconf 87' lang='lat' dir='ltr'><strong>cf.</strong></span> <span class='ocrx_word' id='word_1_175' title='bbox 733 3678 896 3750; x_wconf 81' lang='lat' dir='ltr'><strong>Verg.</strong></span> <span class='ocrx_word' id='word_1_176' title='bbox 934 3684 1074 3736; x_wconf 88' lang='lat' dir='ltr'><strong>Aen.</strong></span> <span class='ocrx_word' id='word_1_177' title='bbox 1110 3682 1204 3751; x_wconf 89' lang='lat' dir='ltr'><strong>IV,</strong></span> <span class='ocrx_word' id='word_1_178' title='bbox 1241 3686 1328 3738; x_wconf 84' lang='lat'><strong>40.</strong></span> 
     </span>
     <span class='ocr_line' id='line_1_37' title="bbox 323 3750 1409 3813; baseline 0.006 -8"><span class='ocrx_word' id='word_1_179' title='bbox 323 3750 388 3805; x_wconf 90' lang='lat' dir='ltr'><strong>V.</strong></span> <span class='ocrx_word' id='word_1_180' title='bbox 432 3753 522 3805; x_wconf 82' lang='grc'><strong>41.</strong></span> <span class='ocrx_word' id='word_1_181' title='bbox 579 3751 769 3807; x_wconf 83' lang='lat' dir='ltr'><strong>Verba</strong></span> <span class='ocrx_word' id='word_1_182' title='bbox 807 3753 888 3807; x_wconf 79' lang='lat' dir='ltr'><strong>ita</strong></span> <span class='ocrx_word' id='word_1_183' title='bbox 929 3753 1080 3808; x_wconf 82' lang='lat' dir='ltr'><strong>inter</strong></span> <span class='ocrx_word' id='word_1_184' title='bbox 1117 3773 1176 3809; x_wconf 86' lang='lat' dir='ltr'><strong>se</strong></span> <span class='ocrx_word' id='word_1_185' title='bbox 1215 3756 1409 3813; x_wconf 77' lang='lat' dir='ltr'><strong>cohae-</strong></span> 
     </span>
     <span class='ocr_line' id='line_1_38' title="bbox 253 3824 1410 3898; baseline 0.006 -22"><span class='ocrx_word' id='word_1_186' title='bbox 253 3827 402 3891; x_wconf 85' lang='lat' dir='ltr'><strong>rent,</strong></span> <span class='ocrx_word' id='word_1_187' title='bbox 459 3828 526 3876; x_wconf 88' lang='lat' dir='ltr'><strong>ut</strong></span> <span class='ocrx_word' id='word_1_188' title='bbox 575 3841 611 3877; x_wconf 84' lang='lat' dir='ltr'><strong>a</strong></span> <span class='ocrx_word' id='word_1_189' title='bbox 645 3840 699 3877; x_wconf 85' lang='lat' dir='ltr'><strong>v.</strong></span> <span class='ocrx_word' id='word_1_190' title='bbox 739 3824 806 3876; x_wconf 84' lang='lat'><strong>41</strong></span> <span class='ocrx_word' id='word_1_191' title='bbox 859 3826 1100 3893; x_wconf 75' lang='lat' dir='ltr'><strong>protasis</strong></span> <span class='ocrx_word' id='word_1_192' title='bbox 1157 3827 1410 3898; x_wconf 76' lang='lat' dir='ltr'><strong>incipiat,</strong></span> 
     </span>
     <span class='ocr_line' id='line_1_39' title="bbox 255 3894 1412 3964; baseline 0.004 -16"><span class='ocrx_word' id='word_1_193' title='bbox 255 3912 426 3963; x_wconf 84' lang='lat' dir='ltr'><strong>quam</strong></span> <span class='ocrx_word' id='word_1_194' title='bbox 452 3894 714 3962; x_wconf 84' lang='lat' dir='ltr'><strong>apodosis</strong></span> <span class='ocrx_word' id='word_1_195' title='bbox 739 3902 1007 3964; x_wconf 84' lang='lat' dir='ltr'><strong>sequatur</strong></span> <span class='ocrx_word' id='word_1_196' title='bbox 1032 3914 1084 3949; x_wconf 82' lang='lat' dir='ltr'><strong>v.</strong></span> <span class='ocrx_word' id='word_1_197' title='bbox 1113 3900 1199 3952; x_wconf 79' lang='lat'><strong>45.</strong></span> <span class='ocrx_word' id='word_1_198' title='bbox 1229 3930 1294 3939; x_wconf 92' lang='lat'><em>-</em></span> <span class='ocrx_word' id='word_1_199' title='bbox 1323 3902 1412 3953; x_wconf 77' lang='lat' dir='ltr'><strong>iu·</strong></span> 
     </span>
     <span class='ocr_line' id='line_1_40' title="bbox 253 3965 1410 4040; baseline 0.005 -21"><span class='ocrx_word' id='word_1_200' title='bbox 253 3966 458 4036; x_wconf 70' lang='lat' dir='ltr'><strong>veum]</strong></span> <span class='ocrx_word' id='word_1_201' title='bbox 518 3966 809 4021; x_wconf 83' lang='lat' dir='ltr'><strong>Gaesarem</strong></span> <span class='ocrx_word' id='word_1_202' title='bbox 861 3965 1256 4038; x_wconf 83' lang='lat' dir='ltr'><strong>Octavianum,</strong></span> <span class='ocrx_word' id='word_1_203' title='bbox 1313 3972 1410 4040; x_wconf 89' lang='lat' dir='ltr'><strong>qui</strong></span> 
     </span>
     <span class='ocr_line' id='line_1_41' title="bbox 254 4036 1411 4096; baseline 0.005 -6"><span class='ocrx_word' id='word_1_204' title='bbox 254 4042 423 4091; x_wconf 81' lang='lat' dir='ltr'><strong>natus</strong></span> <span class='ocrx_word' id='word_1_205' title='bbox 462 4042 548 4092; x_wconf 84' lang='lat' dir='ltr'><strong>est</strong></span> <span class='ocrx_word' id='word_1_206' title='bbox 583 4036 660 4091; x_wconf 78' lang='lat' dir='ltr'><strong>M.</strong></span> <span class='ocrx_word' id='word_1_207' title='bbox 687 4036 874 4092; x_wconf 86' lang='lat' dir='ltr'><strong>Tullio</strong></span> <span class='ocrx_word' id='word_1_208' title='bbox 914 4039 1178 4095; x_wconf 76' lang='lat' dir='ltr'><strong>Cicerone</strong></span> <span class='ocrx_word' id='word_1_209' title='bbox 1219 4042 1276 4095; x_wconf 83' lang='lat' dir='ltr'><strong>C.</strong></span> <span class='ocrx_word' id='word_1_210' title='bbox 1299 4046 1411 4096; x_wconf 81' lang='lat' dir='ltr'><strong>An-</strong></span> 
     </span>
     <span class='ocr_line' id='line_1_42' title="bbox 255 4108 1412 4169; baseline 0.005 -6"><span class='ocrx_word' id='word_1_211' title='bbox 255 4110 414 4163; x_wconf 77' lang='lat' dir='ltr'><strong>tonio</strong></span> <span class='ocrx_word' id='word_1_212' title='bbox 463 4109 613 4163; x_wconf 85' lang='lat' dir='ltr'><strong>Coss.</strong></span> <span class='ocrx_word' id='word_1_213' title='bbox 659 4126 712 4163; x_wconf 86' lang='lat' dir='ltr'><strong>a.</strong></span> <span class='ocrx_word' id='word_1_214' title='bbox 759 4108 814 4163; x_wconf 88' lang='lat' dir='ltr'><strong>d.</strong></span> <span class='ocrx_word' id='word_1_215' title='bbox 863 4110 960 4163; x_wconf 85' lang='lat' dir='ltr'><strong>lx.</strong></span> <span class='ocrx_word' id='word_1_216' title='bbox 1009 4112 1135 4165; x_wconf 84' lang='lat' dir='ltr'><strong>Kal.</strong></span> <span class='ocrx_word' id='word_1_217' title='bbox 1184 4113 1412 4169; x_wconf 83' lang='lat' dir='ltr'><strong>Octobr.</strong></span> 
     </span>
     <span class='ocr_line' id='line_1_43' title="bbox 256 4180 1412 4251; baseline 0.005 -17"><span class='ocrx_word' id='word_1_218' title='bbox 256 4180 588 4249; x_wconf 78' lang='lat' dir='ltr'><strong>Mercurius,</strong></span> <span class='ocrx_word' id='word_1_219' title='bbox 651 4183 882 4236; x_wconf 80' lang='lat' dir='ltr'><strong>nuntius</strong></span> <span class='ocrx_word' id='word_1_220' title='bbox 919 4181 1170 4251; x_wconf 87' lang='lat' dir='ltr'><strong>deorum,</strong></span> <span class='ocrx_word' id='word_1_221' title='bbox 1237 4186 1412 4240; x_wconf 86' lang='lat' dir='ltr'><strong>latere</strong></span> 
     </span>
     <span class='ocr_line' id='line_1_44' title="bbox 256 4250 1414 4323; baseline 0.006 -19"><span class='ocrx_word' id='word_1_222' title='bbox 256 4250 466 4307; x_wconf 82' lang='lat' dir='ltr'><strong>dicitur</strong></span> <span class='ocrx_word' id='word_1_223' title='bbox 522 4252 626 4306; x_wconf 84' lang='lat' dir='ltr'><strong>sub</strong></span> <span class='ocrx_word' id='word_1_224' title='bbox 681 4270 920 4321; x_wconf 84' lang='lat' dir='ltr'><strong>persona</strong></span> <span class='ocrx_word' id='word_1_225' title='bbox 975 4254 1290 4323; x_wconf 82' lang='lat' dir='ltr'><strong>Octaviani,</strong></span> <span class='ocrx_word' id='word_1_226' title='bbox 1349 4262 1414 4311; x_wconf 88' lang='lat' dir='ltr'><strong>ut</strong></span> 
     </span>
     <span class='ocr_line' id='line_1_45' title="bbox 259 4322 1412 4393; baseline 0.006 -17"><span class='ocrx_word' id='word_1_227' title='bbox 259 4322 350 4377; x_wconf 88' lang='lat' dir='ltr'><strong>hic</strong></span> <span class='ocrx_word' id='word_1_228' title='bbox 375 4340 600 4393; x_wconf 90' lang='lat' dir='ltr'><strong>quoque</strong></span> <span class='ocrx_word' id='word_1_229' title='bbox 637 4340 672 4377; x_wconf 88' lang='lat' dir='ltr'><strong>a</strong></span> <span class='ocrx_word' id='word_1_230' title='bbox 697 4324 807 4378; x_wconf 86' lang='lat' dir='ltr'><strong>diis</strong></span> <span class='ocrx_word' id='word_1_231' title='bbox 831 4326 1032 4380; x_wconf 85' lang='lat' dir='ltr'><strong>missus</strong></span> <span class='ocrx_word' id='word_1_232' title='bbox 1071 4344 1188 4382; x_wconf 88' lang='lat' dir='ltr'><strong>esse</strong></span> <span class='ocrx_word' id='word_1_233' title='bbox 1223 4328 1412 4383; x_wconf 83' lang='lat' dir='ltr'><strong>videa-</strong></span> 
     </span>
     <span class='ocr_line' id='line_1_46' title="bbox 261 4392 1409 4468; baseline 0.005 -21"><span class='ocrx_word' id='word_1_234' title='bbox 261 4398 372 4447; x_wconf 85' lang='lat' dir='ltr'><strong>tur.</strong></span> <span class='ocrx_word' id='word_1_235' title='bbox 411 4392 742 4463; x_wconf 79' lang='lat' dir='ltr'><strong>Mercurius,</strong></span> <span class='ocrx_word' id='word_1_236' title='bbox 808 4412 918 4465; x_wconf 88' lang='lat' dir='ltr'><strong>quo</strong></span> <span class='ocrx_word' id='word_1_237' title='bbox 956 4397 1132 4468; x_wconf 82' lang='lat' dir='ltr'><strong>legati</strong></span> <span class='ocrx_word' id='word_1_238' title='bbox 1167 4401 1409 4455; x_wconf 86' lang='lat' dir='ltr'><strong>muneri-</strong></span> 
     </span>
     <span class='ocr_line' id='line_1_47' title="bbox 259 4465 1409 4538; baseline 0.008 -21"><span class='ocrx_word' id='word_1_239' title='bbox 259 4465 365 4519; x_wconf 86' lang='lat' dir='ltr'><strong>bus</strong></span> <span class='ocrx_word' id='word_1_240' title='bbox 391 4470 450 4520; x_wconf 86' lang='lat' dir='ltr'><strong>et</strong></span> <span class='ocrx_word' id='word_1_241' title='bbox 486 4466 708 4521; x_wconf 76' lang='lat' dir='ltr'><strong>facilius</strong></span> <span class='ocrx_word' id='word_1_242' title='bbox 743 4471 800 4520; x_wconf 88' lang='lat' dir='ltr'><strong>et</strong></span> <span class='ocrx_word' id='word_1_243' title='bbox 824 4469 1024 4523; x_wconf 86' lang='lat' dir='ltr'><strong>melius</strong></span> <span class='ocrx_word' id='word_1_244' title='bbox 1049 4470 1212 4538; x_wconf 85' lang='lat' dir='ltr'><strong>perfu</strong></span> <span class='ocrx_word' id='word_1_245' title='bbox 1293 4488 1409 4526; x_wconf 84' lang='lat' dir='ltr'><strong>ere·</strong></span> 
     </span>
     <span class='ocr_line' id='line_1_48' title="bbox 263 4536 1410 4606; baseline 0.008 -17"><span class='ocrx_word' id='word_1_246' title='bbox 263 4540 374 4599; x_wconf 81' lang='lat' dir='ltr'><strong>tur,</strong></span> <span class='ocrx_word' id='word_1_247' title='bbox 414 4536 635 4593; x_wconf 87' lang='lat' dir='ltr'><strong>dicendi</strong></span> <span class='ocrx_word' id='word_1_248' title='bbox 661 4542 718 4591; x_wconf 84' lang='lat' dir='ltr'><strong>et</strong></span> <span class='ocrx_word' id='word_1_249' title='bbox 741 4539 1115 4606; x_wconf 82' lang='lat' dir='ltr'><strong>persuadendi</strong></span> <span class='ocrx_word' id='word_1_250' title='bbox 1139 4542 1266 4597; x_wconf 81' lang='lat' dir='ltr'><strong>facu</strong></span> <span class='ocrx_word' id='word_1_251' title='bbox 1291 4546 1410 4597; x_wconf 76' lang='lat' dir='ltr'><strong>tate</strong></span> 
     </span>
     <span class='ocr_line' id='line_1_49' title="bbox 261 4608 1408 4677; baseline 0.006 -16"><span class='ocrx_word' id='word_1_252' title='bbox 261 4608 566 4663; x_wconf 70' lang='lat' dir='ltr'><strong>instructus</strong></span> <span class='ocrx_word' id='word_1_253' title='bbox 604 4614 751 4677; x_wconf 56' lang='lat' dir='ltr'><strong>eran</strong></span> <span class='ocrx_word' id='word_1_254' title='bbox 807 4626 953 4677; x_wconf 86' lang='lat' dir='ltr'><strong>quae</strong></span> <span class='ocrx_word' id='word_1_255' title='bbox 989 4612 1227 4667; x_wconf 83' lang='lat' dir='ltr'><strong>virtutes</strong></span> <span class='ocrx_word' id='word_1_256' title='bbox 1283 4632 1408 4668; x_wconf 88' lang='lat' dir='ltr'><strong>cum</strong></span> 
     </span>
    </p>
   </div>
   <div class='ocr_carea' id='block_1_8' title="bbox 1509 2031 2671 4679">
    <p class='ocr_par' dir='ltr' id='par_1_9' title="bbox 1513 2031 2671 2389">
     <span class='ocr_line' id='line_1_50' title="bbox 1515 2031 2671 2099; baseline -0.004 -12"><span class='ocrx_word' id='word_1_257' title='bbox 1515 2034 1623 2088; x_wconf 85' lang='lat' dir='ltr'><strong>hac</strong></span> <span class='ocrx_word' id='word_1_258' title='bbox 1660 2034 1883 2088; x_wconf 86' lang='lat' dir='ltr'><strong>ratione</strong></span> <span class='ocrx_word' id='word_1_259' title='bbox 1919 2033 1993 2088; x_wconf 84' lang='lat' dir='ltr'><strong>ad</strong></span> <span class='ocrx_word' id='word_1_260' title='bbox 2032 2031 2406 2087; x_wconf 81' lang='lat' dir='ltr'><strong>Octavianum</strong></span> <span class='ocrx_word' id='word_1_261' title='bbox 2444 2046 2671 2099; x_wconf 84' lang='lat' dir='ltr'><strong>quoque</strong></span> 
     </span>
     <span class='ocr_line' id='line_1_51' title="bbox 1515 2100 2668 2173; baseline -0.003 -14"><span class='ocrx_word' id='word_1_262' title='bbox 1515 2105 1947 2173; x_wconf 82' lang='lat' dir='ltr'><strong>transferantur,</strong></span> <span class='ocrx_word' id='word_1_263' title='bbox 2000 2104 2151 2158; x_wconf 90' lang='lat' dir='ltr'><strong>hunc</strong></span> <span class='ocrx_word' id='word_1_264' title='bbox 2184 2120 2297 2156; x_wconf 89' lang='lat' dir='ltr'><strong>nou</strong></span> <span class='ocrx_word' id='word_1_265' title='bbox 2335 2100 2668 2157; x_wconf 79' lang='lat' dir='ltr'><strong>crudelitate</strong></span> 
     </span>
     <span class='ocr_line' id='line_1_52' title="bbox 1516 2173 2669 2235; baseline -0.005 -4"><span class='ocrx_word' id='word_1_266' title='bbox 1516 2178 1615 2232; x_wconf 88' lang='lat' dir='ltr'><strong>sed</strong></span> <span class='ocrx_word' id='word_1_267' title='bbox 1654 2177 1953 2235; x_wconf 79' lang='lat' dir='ltr'><strong>clementia</strong></span> <span class='ocrx_word' id='word_1_268' title='bbox 1987 2175 2239 2230; x_wconf 85' lang='lat' dir='ltr'><strong>homines</strong></span> <span class='ocrx_word' id='word_1_269' title='bbox 2275 2173 2669 2227; x_wconf 84' lang='lat' dir='ltr'><strong>reconciliatu-</strong></span> 
     </span>
     <span class='ocr_line' id='line_1_53' title="bbox 1513 2244 2667 2320; baseline -0.006 -16"><span class='ocrx_word' id='word_1_270' title='bbox 1513 2267 1659 2320; x_wconf 85' lang='lat' dir='ltr'><strong>rum,</strong></span> <span class='ocrx_word' id='word_1_271' title='bbox 1715 2249 1849 2303; x_wconf 84' lang='lat' dir='ltr'><strong>deos</strong></span> <span class='ocrx_word' id='word_1_272' title='bbox 1885 2249 2243 2318; x_wconf 86' lang='lat' dir='ltr'><strong>placaturum</strong></span> <span class='ocrx_word' id='word_1_273' title='bbox 2284 2262 2399 2299; x_wconf 86' lang='lat' dir='ltr'><strong>esse</strong></span> <span class='ocrx_word' id='word_1_274' title='bbox 2456 2244 2667 2298; x_wconf 78' lang='lat' dir='ltr'><strong>indica-</strong></span> 
     </span>
     <span class='ocr_line' id='line_1_54' title="bbox 1514 2315 2663 2389; baseline -0.007 -13"><span class='ocrx_word' id='word_1_275' title='bbox 1514 2326 1626 2376; x_wconf 82' lang='lat' dir='ltr'><strong>tur.</strong></span> <span class='ocrx_word' id='word_1_276' title='bbox 1665 2348 1732 2361; x_wconf 89' lang='lat'><strong>--</strong></span> <span class='ocrx_word' id='word_1_277' title='bbox 1771 2320 1901 2389; x_wconf 72' lang='lat' dir='ltr'><strong>ales]</strong></span> <span class='ocrx_word' id='word_1_278' title='bbox 1953 2319 2021 2374; x_wconf 88' lang='lat' dir='ltr'><strong>de</strong></span> <span class='ocrx_word' id='word_1_279' title='bbox 2058 2318 2333 2373; x_wconf 80' lang='lat' dir='ltr'><strong>talaribus</strong></span> <span class='ocrx_word' id='word_1_280' title='bbox 2370 2320 2429 2370; x_wconf 82' lang='lat' dir='ltr'><strong>et</strong></span> <span class='ocrx_word' id='word_1_281' title='bbox 2462 2316 2565 2370; x_wconf 79' lang='lat' dir='ltr'><strong>alis</strong></span> <span class='ocrx_word' id='word_1_282' title='bbox 2602 2315 2663 2368; x_wconf 92' lang='lat' dir='ltr'><strong>in</strong></span> 
     </span>
    </p>

    <p class='ocr_par' dir='ltr' id='par_1_10' title="bbox 1509 2386 2671 4679">
     <span class='ocr_line' id='line_1_55' title="bbox 1556 2386 2667 2455; baseline -0.005 -8"><span class='ocrx_word' id='word_1_283' title='bbox 1556 2398 1707 2447; x_wconf 83' lang='lat' dir='ltr'><strong>etaso</strong></span> <span class='ocrx_word' id='word_1_284' title='bbox 1764 2391 2050 2446; x_wconf 80' lang='lat' dir='ltr'><strong>Mercurii.</strong></span> <span class='ocrx_word' id='word_1_285' title='bbox 2088 2418 2156 2429; x_wconf 89' lang='lat'><strong>—</strong></span> <span class='ocrx_word' id='word_1_286' title='bbox 2212 2386 2465 2443; x_wconf 69' lang='lat' dir='ltr'><strong>caesarie</strong></span> <span class='ocrx_word' id='word_1_287' title='bbox 2500 2386 2667 2455; x_wconf 74' lang='lat' dir='ltr'><strong>ultor]</strong></span> 
     </span>
     <span class='ocr_line' id='line_1_56' title="bbox 1513 2411 2666 2533; baseline -0.008 -13"><span class='ocrx_word' id='word_1_288' title='bbox 1513 2411 1693 2533; x_wconf 46' lang='lat' dir='ltr'><strong>&amp;uam</strong></span> <span class='ocrx_word' id='word_1_289' title='bbox 1730 2465 1873 2518; x_wconf 87' lang='lat' dir='ltr'><strong>bene</strong></span> <span class='ocrx_word' id='word_1_290' title='bbox 1908 2464 2047 2517; x_wconf 85' lang='lat' dir='ltr'><strong>haec</strong></span> <span class='ocrx_word' id='word_1_291' title='bbox 2085 2460 2379 2517; x_wconf 81' lang='lat' dir='ltr'><strong>Octaviani</strong></span> <span class='ocrx_word' id='word_1_292' title='bbox 2416 2460 2666 2513; x_wconf 86' lang='lat' dir='ltr'><strong>animum</strong></span> 
     </span>
     <span class='ocr_line' id='line_1_57' title="bbox 1514 2530 2667 2607; baseline -0.006 -15"><span class='ocrx_word' id='word_1_293' title='bbox 1514 2536 1854 2607; x_wconf 82' lang='lat' dir='ltr'><strong>exprimant,</strong></span> <span class='ocrx_word' id='word_1_294' title='bbox 1892 2536 2065 2605; x_wconf 84' lang='lat' dir='ltr'><strong>ipsius</strong></span> <span class='ocrx_word' id='word_1_295' title='bbox 2103 2532 2347 2587; x_wconf 73' lang='lat' dir='ltr'><strong>ostendit</strong></span> <span class='ocrx_word' id='word_1_296' title='bbox 2387 2531 2571 2585; x_wconf 83' lang='lat' dir='ltr'><strong>oratio</strong></span> <span class='ocrx_word' id='word_1_297' title='bbox 2605 2530 2667 2585; x_wconf 86' lang='lat' dir='ltr'><strong>in</strong></span> 
     </span>
     <span class='ocr_line' id='line_1_58' title="bbox 1513 2602 2665 2685; baseline -0.006 -21"><span class='ocrx_word' id='word_1_298' title='bbox 1513 2613 1711 2663; x_wconf 83' lang='lat' dir='ltr'><strong>senatu</strong></span> <span class='ocrx_word' id='word_1_299' title='bbox 1748 2608 1946 2662; x_wconf 84' lang='lat' dir='ltr'><strong>habita</strong></span> <span class='ocrx_word' id='word_1_300' title='bbox 1982 2606 2056 2677; x_wconf 83' lang='lat' dir='ltr'><strong>(a.</strong></span> <span class='ocrx_word' id='word_1_301' title='bbox 2093 2624 2149 2660; x_wconf 90' lang='lat' dir='ltr'><strong>u.</strong></span> <span class='ocrx_word' id='word_1_302' title='bbox 2186 2604 2334 2673; x_wconf 86' lang='grc'><strong>726),</strong></span> <span class='ocrx_word' id='word_1_303' title='bbox 2372 2621 2459 2673; x_wconf 84' lang='lat' dir='ltr'><strong>ap.</strong></span> <span class='ocrx_word' id='word_1_304' title='bbox 2502 2602 2665 2685; x_wconf 66' lang='lat' dir='ltr'><strong>pion.</strong></span> 
     </span>
     <span class='ocr_line' id='line_1_59' title="bbox 1516 2673 2667 2749; baseline -0.007 -14"><span class='ocrx_word' id='word_1_305' title='bbox 1516 2681 1663 2735; x_wconf 68' lang='lat' dir='ltr'><strong>Casu.</strong></span> <span class='ocrx_word' id='word_1_306' title='bbox 1710 2680 1862 2749; x_wconf 89' lang='lat' dir='ltr'><strong>LIII,</strong></span> <span class='ocrx_word' id='word_1_307' title='bbox 1912 2682 1971 2733; x_wconf 87' lang='lat'><strong>4:</strong></span> <span class='ocrx_word' id='word_1_308' title='bbox 2028 2673 2147 2733; x_wconf 70' lang='lat' dir='ltr'><strong>“Ira</strong></span> <span class='ocrx_word' id='word_1_309' title='bbox 2198 2706 2265 2715; x_wconf 90' lang='lat'><strong>—-</strong></span> <span class='ocrx_word' id='word_1_310' title='bbox 2315 2679 2667 2745; x_wconf 74' lang='grc' dir='ltr'><strong><em>καταμαθητε</em></strong></span> 
     </span>
     <span class='ocr_line' id='line_1_60' title="bbox 1513 2744 2671 2850; baseline -0.007 -45"><span class='ocrx_word' id='word_1_311' title='bbox 1513 2752 1667 2805; x_wconf 73' lang='grc' dir='ltr'><strong><em>τοῦθ’</em></strong></span> <span class='ocrx_word' id='word_1_312' title='bbox 1709 2747 1788 2806; x_wconf 79' lang='grc' dir='ltr'>ὅτι</span> <span class='ocrx_word' id='word_1_313' title='bbox 1842 2746 1956 2803; x_wconf 77' lang='grc' dir='ltr'><strong>οὐδ’</strong></span> <span class='ocrx_word' id='word_1_314' title='bbox 2000 2745 2099 2803; x_wconf 74' lang='grc' dir='ltr'><strong>ἀπ’</strong></span> <span class='ocrx_word' id='word_1_315' title='bbox 2140 2744 2313 2850; x_wconf 55' lang='grc' dir='ltr'><em>ἆρξςῆξ</em></span> <span class='ocrx_word' id='word_1_316' title='bbox 2348 2747 2671 2807; x_wconf 70' lang='grc' dir='ltr'><strong><em>δυναστείας</em></strong></span> 
     </span>
     <span class='ocr_line' id='line_1_61' title="bbox 1512 2817 2669 2894; baseline -0.006 -17"><span class='ocrx_word' id='word_1_317' title='bbox 1512 2820 1663 2883; x_wconf 76' lang='grc' dir='ltr'>τινὸς</span> <span class='ocrx_word' id='word_1_318' title='bbox 1711 2817 2061 2894; x_wconf 73' lang='grc' dir='ltr'><strong>ἐπεθύμησα,</strong></span> <span class='ocrx_word' id='word_1_319' title='bbox 2110 2818 2209 2873; x_wconf 79' lang='grc' dir='ltr'><strong>ἀλλ</strong></span> <span class='ocrx_word' id='word_1_320' title='bbox 2277 2836 2475 2873; x_wconf 78' lang='grc' dir='ltr'><em>οντω</em></span> <span class='ocrx_word' id='word_1_321' title='bbox 2497 2836 2523 2877; x_wconf 82' lang='grc' dir='ltr'><em>ς</em></span> <span class='ocrx_word' id='word_1_322' title='bbox 2569 2819 2669 2888; x_wconf 71' lang='grc' dir='ltr'><strong>τῷ·</strong></span> 
     </span>
     <span class='ocr_line' id='line_1_62' title="bbox 1513 2892 2669 2965; baseline -0.005 -17"><span class='ocrx_word' id='word_1_323' title='bbox 1513 2912 1583 2948; x_wconf 82' lang='grc' dir='ltr'><strong>τε</strong></span> <span class='ocrx_word' id='word_1_324' title='bbox 1640 2899 1877 2965; x_wconf 79' lang='grc' dir='ltr'><em>πατρὶ</em></span> <span class='ocrx_word' id='word_1_325' title='bbox 1931 2894 2217 2951; x_wconf 74' lang='grc' dir='ltr'>δεινῶς</span> <span class='ocrx_word' id='word_1_326' title='bbox 2268 2892 2669 2959; x_wconf 75' lang='grc' dir='ltr'>σφαγέντι</span> 
     </span>
     <span class='ocr_line' id='line_1_63' title="bbox 1513 2957 2671 3038; baseline -0.004 -19"><span class='ocrx_word' id='word_1_327' title='bbox 1513 2968 1923 3038; x_wconf 80' lang='grc' dir='ltr'>τιμωρῆσαι</span> <span class='ocrx_word' id='word_1_328' title='bbox 1975 2969 2084 3018; x_wconf 76' lang='grc' dir='ltr'><strong>καὶ</strong></span> <span class='ocrx_word' id='word_1_329' title='bbox 2128 2965 2255 3032; x_wconf 81' lang='grc' dir='ltr'><strong>τὴν</strong></span> <span class='ocrx_word' id='word_1_330' title='bbox 2298 2957 2534 3016; x_wconf 81' lang='grc' dir='ltr'>πόλιν</span> <span class='ocrx_word' id='word_1_331' title='bbox 2588 2963 2671 3015; x_wconf 73' lang='grc' dir='ltr'><strong>ἐκ</strong></span> 
     </span>
     <span class='ocr_line' id='line_1_64' title="bbox 1513 3029 2667 3109; baseline -0.005 -18"><span class='ocrx_word' id='word_1_332' title='bbox 1513 3033 1881 3109; x_wconf 74' lang='grc' dir='ltr'><strong><em>μεγάλων</em></strong></span> <span class='ocrx_word' id='word_1_333' title='bbox 1914 3041 2042 3089; x_wconf 81' lang='grc' dir='ltr'><strong>καὶ</strong></span> <span class='ocrx_word' id='word_1_334' title='bbox 2080 3029 2529 3101; x_wconf 67' lang='grc' dir='ltr'><strong><em>ἐπαλλήλων</em></strong></span> <span class='ocrx_word' id='word_1_335' title='bbox 2562 3053 2667 3087; x_wconf 81' lang='grc' dir='ltr'><strong>κα-</strong></span> 
     </span>
     <span class='ocr_line' id='line_1_65' title="bbox 1515 3104 2666 3174; baseline -0.003 -12"><span class='ocrx_word' id='word_1_336' title='bbox 1515 3110 1669 3163; x_wconf 80' lang='grc' dir='ltr'><strong>κῶν</strong></span> <span class='ocrx_word' id='word_1_337' title='bbox 1720 3111 2151 3169; x_wconf 70' lang='grc' dir='ltr'><strong>ἐξελέσθαι</strong></span> <span class='ocrx_word' id='word_1_338' title='bbox 2190 3104 2556 3174; x_wconf 74' lang='grc' dir='ltr'><strong>ἠθέλησα.</strong></span> <span class='ocrx_word' id='word_1_339' title='bbox 2598 3134 2666 3144; x_wconf 90' lang='lat'><strong>—-</strong></span> 
     </span>
     <span class='ocr_line' id='line_1_66' title="bbox 1512 3176 2669 3252; baseline -0.005 -16"><span class='ocrx_word' id='word_1_340' title='bbox 1512 3182 1685 3252; x_wconf 65' lang='lat' dir='ltr'><strong>filius]</strong></span> <span class='ocrx_word' id='word_1_341' title='bbox 1721 3180 2112 3235; x_wconf 80' lang='lat' dir='ltr'><strong>Nominativus</strong></span> <span class='ocrx_word' id='word_1_342' title='bbox 2136 3196 2241 3249; x_wconf 88' lang='lat' dir='ltr'><strong>pro</strong></span> <span class='ocrx_word' id='word_1_343' title='bbox 2266 3176 2525 3232; x_wconf 80' lang='lat' dir='ltr'><strong>vocativo</strong></span> <span class='ocrx_word' id='word_1_344' title='bbox 2551 3192 2669 3230; x_wconf 87' lang='lat' dir='ltr'><strong>sae-</strong></span> 
     </span>
     <span class='ocr_line' id='line_1_67' title="bbox 1515 3248 2669 3323; baseline -0.006 -16"><span class='ocrx_word' id='word_1_345' title='bbox 1515 3254 1644 3323; x_wconf 89' lang='lat' dir='ltr'><strong>pius</strong></span> <span class='ocrx_word' id='word_1_346' title='bbox 1682 3252 1830 3322; x_wconf 84' lang='lat' dir='ltr'><strong>apud</strong></span> <span class='ocrx_word' id='word_1_347' title='bbox 1866 3255 2080 3321; x_wconf 85' lang='lat' dir='ltr'><strong>poetas,</strong></span> <span class='ocrx_word' id='word_1_348' title='bbox 2142 3252 2203 3304; x_wconf 89' lang='lat' dir='ltr'><strong>in</strong></span> <span class='ocrx_word' id='word_1_349' title='bbox 2239 3250 2512 3316; x_wconf 87' lang='lat' dir='ltr'><strong>oratione,</strong></span> <span class='ocrx_word' id='word_1_350' title='bbox 2568 3248 2669 3301; x_wconf 87' lang='lat' dir='ltr'><strong>ubi</strong></span> 
     </span>
     <span class='ocr_line' id='line_1_68' title="bbox 1515 3322 2669 3393; baseline -0.004 -16"><span class='ocrx_word' id='word_1_351' title='bbox 1515 3324 1797 3393; x_wconf 83' lang='lat' dir='ltr'><strong>loquentis</strong></span> <span class='ocrx_word' id='word_1_352' title='bbox 1858 3324 2078 3377; x_wconf 86' lang='lat' dir='ltr'><strong>animus</strong></span> <span class='ocrx_word' id='word_1_353' title='bbox 2139 3322 2369 3393; x_wconf 79' lang='lat' dir='ltr'><strong>gravius</strong></span> <span class='ocrx_word' id='word_1_354' title='bbox 2429 3334 2669 3373; x_wconf 89' lang='lat' dir='ltr'><strong>commo-</strong></span> 
     </span>
     <span class='ocr_line' id='line_1_69' title="bbox 1517 3390 2665 3495; baseline -0.004 -46"><span class='ocrx_word' id='word_1_355' title='bbox 1517 3401 1697 3463; x_wconf 80' lang='lat' dir='ltr'><strong>vetur,</strong></span> <span class='ocrx_word' id='word_1_356' title='bbox 1735 3400 1801 3449; x_wconf 86' lang='lat' dir='ltr'><strong>ut</strong></span> <span class='ocrx_word' id='word_1_357' title='bbox 1834 3396 1985 3464; x_wconf 88' lang='lat' dir='ltr'><strong>apud</strong></span> <span class='ocrx_word' id='word_1_358' title='bbox 2022 3395 2146 3495; x_wconf 54' lang='lat' dir='ltr'><strong>Lix‘r‘.</strong></span> <span class='ocrx_word' id='word_1_359' title='bbox 2183 3394 2228 3459; x_wconf 87' lang='lat'><strong>1,</strong></span> <span class='ocrx_word' id='word_1_360' title='bbox 2268 3395 2339 3446; x_wconf 79' lang='lat'><strong>24</strong></span> <span class='ocrx_word' id='word_1_361' title='bbox 2380 3390 2544 3460; x_wconf 85' lang='lat' dir='ltr'><strong>„audi</strong></span> <span class='ocrx_word' id='word_1_362' title='bbox 2582 3394 2665 3459; x_wconf 83' lang='lat' dir='ltr'><strong>tu,</strong></span> 
     </span>
     <span class='ocr_line' id='line_1_70' title="bbox 1509 3464 2663 3610; baseline -0.005 -15"><span class='ocrx_word' id='word_1_363' title='bbox 1509 3464 2663 3610; x_wconf 45' lang='lat' dir='ltr'><strong>{fflmfffflffisszimxnss&#39;ogfiffAffi-</strong></span> 
     </span>
     <span class='ocr_line' id='line_1_71' title="bbox 1513 3607 2667 3677; baseline -0.004 -11"><span class='ocrx_word' id='word_1_364' title='bbox 1513 3612 1685 3675; x_wconf 82' lang='lat' dir='ltr'><strong>mani,</strong></span> <span class='ocrx_word' id='word_1_365' title='bbox 1782 3611 1901 3666; x_wconf 82' lang='lat' dir='ltr'><strong>raei</strong></span> <span class='ocrx_word' id='word_1_366' title='bbox 1938 3611 2161 3665; x_wconf 79' lang='lat' dir='ltr'><strong>verba.“</strong></span> <span class='ocrx_word' id='word_1_367' title='bbox 2237 3610 2316 3664; x_wconf 88' lang='lat' dir='ltr'><strong>Et</strong></span> <span class='ocrx_word' id='word_1_368' title='bbox 2351 3610 2411 3663; x_wconf 90' lang='lat' dir='ltr'><strong>in</strong></span> <span class='ocrx_word' id='word_1_369' title='bbox 2448 3607 2667 3677; x_wconf 83' lang='lat' dir='ltr'><strong>apposi-</strong></span> 
     </span>
     <span class='ocr_line' id='line_1_72' title="bbox 1514 3678 2667 3753; baseline -0.004 -14"><span class='ocrx_word' id='word_1_370' title='bbox 1514 3684 1687 3753; x_wconf 86' lang='lat' dir='ltr'><strong>tione,</strong></span> <span class='ocrx_word' id='word_1_371' title='bbox 1748 3700 1908 3738; x_wconf 87' lang='lat' dir='ltr'><strong>uven.</strong></span> <span class='ocrx_word' id='word_1_372' title='bbox 1936 3684 1988 3750; x_wconf 88' lang='lat'><strong>4,</strong></span> <span class='ocrx_word' id='word_1_373' title='bbox 2014 3684 2113 3735; x_wconf 81' lang='lat'><strong>24:</strong></span> <span class='ocrx_word' id='word_1_374' title='bbox 2155 3682 2309 3751; x_wconf 88' lang='lat' dir='ltr'><strong>„Hoc</strong></span> <span class='ocrx_word' id='word_1_375' title='bbox 2331 3685 2413 3747; x_wconf 83' lang='lat' dir='ltr'><strong>tu,</strong></span> <span class='ocrx_word' id='word_1_376' title='bbox 2447 3678 2667 3735; x_wconf 61' lang='lat' dir='ltr'><strong>&amp;occin-</strong></span> 
     </span>
     <span class='ocr_line' id='line_1_73' title="bbox 1513 3752 2667 3826; baseline -0.006 -14"><span class='ocrx_word' id='word_1_377' title='bbox 1513 3762 1637 3812; x_wconf 73' lang='lat' dir='ltr'><strong>etus</strong></span> <span class='ocrx_word' id='word_1_378' title='bbox 1654 3756 1839 3826; x_wconf 86' lang='lat' dir='ltr'><strong>patria</strong></span> <span class='ocrx_word' id='word_1_379' title='bbox 1859 3754 2159 3825; x_wconf 85' lang='lat' dir='ltr'><strong>quondam,</strong></span> <span class='ocrx_word' id='word_1_380' title='bbox 2178 3752 2435 3823; x_wconf 71' lang='lat' dir='ltr'><strong>crispine</strong></span> <span class='ocrx_word' id='word_1_381' title='bbox 2452 3767 2667 3821; x_wconf 79' lang='lat' dir='ltr'><strong>papyro</strong></span> 
     </span>
     <span class='ocr_line' id='line_1_74' title="bbox 1515 3823 2667 3899; baseline -0.004 -17"><span class='ocrx_word' id='word_1_382' title='bbox 1515 3828 1731 3899; x_wconf 85' lang='lat' dir='ltr'><strong>(audes)</strong></span> <span class='ocrx_word' id='word_1_383' title='bbox 1742 3828 1805 3881; x_wconf 80' lang='lat'><strong>⁴?“</strong></span> <span class='ocrx_word' id='word_1_384' title='bbox 1828 3854 1891 3865; x_wconf 87' lang='lat'>-</span> <span class='ocrx_word' id='word_1_385' title='bbox 1912 3826 2090 3893; x_wconf 76' lang='lat' dir='ltr'><strong>serus]</strong></span> <span class='ocrx_word' id='word_1_386' title='bbox 2102 3824 2439 3879; x_wconf 81' lang='lat' dir='ltr'><strong>adiectivum</strong></span> <span class='ocrx_word' id='word_1_387' title='bbox 2452 3839 2557 3892; x_wconf 83' lang='lat' dir='ltr'><strong>pro</strong></span> <span class='ocrx_word' id='word_1_388' title='bbox 2570 3823 2667 3877; x_wconf 84' lang='lat' dir='ltr'><strong>ad-</strong></span> 
     </span>
     <span class='ocr_line' id='line_1_75' title="bbox 1515 3894 2668 3968; baseline -0.003 -17"><span class='ocrx_word' id='word_1_389' title='bbox 1515 3900 1727 3968; x_wconf 80' lang='lat' dir='ltr'><strong>verbi0,</strong></span> <span class='ocrx_word' id='word_1_390' title='bbox 1762 3903 1828 3952; x_wconf 84' lang='lat' dir='ltr'><strong>ut</strong></span> <span class='ocrx_word' id='word_1_391' title='bbox 1854 3896 2035 3952; x_wconf 86' lang='lat' dir='ltr'><strong>Carm.</strong></span> <span class='ocrx_word' id='word_1_392' title='bbox 2060 3896 2106 3962; x_wconf 93' lang='lat' dir='ltr'><strong>I,</strong></span> <span class='ocrx_word' id='word_1_393' title='bbox 2132 3898 2183 3965; x_wconf 98' lang='grc'><strong>7,</strong></span> <span class='ocrx_word' id='word_1_394' title='bbox 2213 3896 2296 3948; x_wconf 88' lang='grc'><strong>17.</strong></span> <span class='ocrx_word' id='word_1_395' title='bbox 2338 3896 2382 3962; x_wconf 94' lang='lat'><strong>1,</strong></span> <span class='ocrx_word' id='word_1_396' title='bbox 2426 3894 2509 3961; x_wconf 91' lang='grc'><strong>10,</strong></span> <span class='ocrx_word' id='word_1_397' title='bbox 2536 3896 2585 3948; x_wconf 86' lang='grc'><strong>3.</strong></span> <span class='ocrx_word' id='word_1_398' title='bbox 2622 3894 2668 3961; x_wconf 89' lang='grc' dir='ltr'><strong>Ι,</strong></span> 
     </span>
     <span class='ocr_line' id='line_1_76' title="bbox 1521 3965 2667 4039; baseline -0.006 -15"><span class='ocrx_word' id='word_1_399' title='bbox 1521 3972 1608 4038; x_wconf 87' lang='lat'><strong>12,</strong></span> <span class='ocrx_word' id='word_1_400' title='bbox 1626 3972 1713 4024; x_wconf 82' lang='lat'><strong>57.</strong></span> <span class='ocrx_word' id='word_1_401' title='bbox 1754 3969 1931 4039; x_wconf 83' lang='lat' dir='ltr'><strong>Epod.</strong></span> <span class='ocrx_word' id='word_1_402' title='bbox 1958 3969 2044 4036; x_wconf 84' lang='lat'><strong>16,</strong></span> <span class='ocrx_word' id='word_1_403' title='bbox 2070 3970 2155 4021; x_wconf 80' lang='lat'><strong>51.</strong></span> <span class='ocrx_word' id='word_1_404' title='bbox 2194 3966 2310 4021; x_wconf 87' lang='lat' dir='ltr'><strong>Sat.</strong></span> <span class='ocrx_word' id='word_1_405' title='bbox 2331 3968 2374 4024; x_wconf 87' lang='lat' dir='ltr'><strong>I.</strong></span> <span class='ocrx_word' id='word_1_406' title='bbox 2400 3968 2451 4034; x_wconf 85' lang='lat'><strong>3,</strong></span> <span class='ocrx_word' id='word_1_407' title='bbox 2477 3966 2595 4019; x_wconf 92' lang='grc'><strong>117.</strong></span> <span class='ocrx_word' id='word_1_408' title='bbox 2622 3965 2667 4034; x_wconf 90' lang='grc' dir='ltr'><strong>Ι,</strong></span> 
     </span>
     <span class='ocr_line' id='line_1_77' title="bbox 1515 4036 2665 4110; baseline -0.003 -15"><span class='ocrx_word' id='word_1_409' title='bbox 1515 4045 1568 4110; x_wconf 89' lang='grc'><strong>7,</strong></span> <span class='ocrx_word' id='word_1_410' title='bbox 1594 4044 1680 4095; x_wconf 82' lang='grc'><strong>27.</strong></span> <span class='ocrx_word' id='word_1_411' title='bbox 1713 4041 1784 4110; x_wconf 94' lang='lat'><strong>11,</strong></span> <span class='ocrx_word' id='word_1_412' title='bbox 1810 4044 1862 4108; x_wconf 82' lang='grc'><strong>6,</strong></span> <span class='ocrx_word' id='word_1_413' title='bbox 1893 4041 2011 4092; x_wconf 91' lang='grc'><strong>100.</strong></span> <span class='ocrx_word' id='word_1_414' title='bbox 2047 4040 2229 4109; x_wconf 84' lang='lat' dir='ltr'><strong>Epist.</strong></span> <span class='ocrx_word' id='word_1_415' title='bbox 2253 4038 2294 4105; x_wconf 82' lang='lat'><strong>1,</strong></span> <span class='ocrx_word' id='word_1_416' title='bbox 2320 4040 2372 4105; x_wconf 79' lang='lat'><strong>6,</strong></span> <span class='ocrx_word' id='word_1_417' title='bbox 2399 4039 2486 4093; x_wconf 78' lang='grc'><strong>20.</strong></span> <span class='ocrx_word' id='word_1_418' title='bbox 2510 4039 2579 4090; x_wconf 79' lang='lat' dir='ltr'><strong>A.</strong></span> <span class='ocrx_word' id='word_1_419' title='bbox 2603 4036 2665 4091; x_wconf 90' lang='lat' dir='ltr'><strong>P.</strong></span> 
     </span>
     <span class='ocr_line' id='line_1_78' title="bbox 1515 4108 2665 4180; baseline -0.004 -14"><span class='ocrx_word' id='word_1_420' title='bbox 1515 4114 1639 4166; x_wconf 80' lang='lat'>269.</span> <span class='ocrx_word' id='word_1_421' title='bbox 1734 4111 2063 4180; x_wconf 73' lang='lat' dir='ltr'><strong>Saepissime</strong></span> <span class='ocrx_word' id='word_1_422' title='bbox 2117 4110 2263 4165; x_wconf 82' lang='lat' dir='ltr'><strong>illud</strong></span> <span class='ocrx_word' id='word_1_423' title='bbox 2327 4110 2455 4164; x_wconf 89' lang='lat' dir='ltr'><strong>fieri</strong></span> <span class='ocrx_word' id='word_1_424' title='bbox 2504 4108 2665 4175; x_wconf 84' lang='lat' dir='ltr'><strong>solet,</strong></span> 
     </span>
     <span class='ocr_line' id='line_1_79' title="bbox 1516 4178 2666 4252; baseline -0.006 -13"><span class='ocrx_word' id='word_1_425' title='bbox 1516 4202 1641 4239; x_wconf 85' lang='lat' dir='ltr'><strong>cum</strong></span> <span class='ocrx_word' id='word_1_426' title='bbox 1683 4200 1793 4252; x_wconf 92' lang='lat' dir='ltr'><strong>quo</strong></span> <span class='ocrx_word' id='word_1_427' title='bbox 1830 4188 2085 4252; x_wconf 87' lang='lat' dir='ltr'><strong>tempore</strong></span> <span class='ocrx_word' id='word_1_428' title='bbox 2121 4183 2211 4236; x_wconf 86' lang='lat' dir='ltr'><strong>vel</strong></span> <span class='ocrx_word' id='word_1_429' title='bbox 2249 4181 2507 4251; x_wconf 88' lang='lat' dir='ltr'><strong>quotiens</strong></span> <span class='ocrx_word' id='word_1_430' title='bbox 2530 4178 2666 4247; x_wconf 87' lang='lat' dir='ltr'><strong>quid</strong></span> 
     </span>
     <span class='ocr_line' id='line_1_80' title="bbox 1514 4248 2665 4323; baseline -0.004 -13"><span class='ocrx_word' id='word_1_431' title='bbox 1514 4256 1734 4310; x_wconf 82' lang='lat' dir='ltr'><strong>accidat</strong></span> <span class='ocrx_word' id='word_1_432' title='bbox 1768 4254 2072 4309; x_wconf 84' lang='lat' dir='ltr'><strong>indicatur.</strong></span> <span class='ocrx_word' id='word_1_433' title='bbox 2115 4283 2178 4292; x_wconf 92' lang='lat'>—</span> <span class='ocrx_word' id='word_1_434' title='bbox 2218 4252 2470 4323; x_wconf 73' lang='lat' dir='ltr'><strong>Quirini]</strong></span> <span class='ocrx_word' id='word_1_435' title='bbox 2507 4248 2665 4305; x_wconf 84' lang='lat' dir='ltr'><strong>Ovid.</strong></span> 
     </span>
     <span class='ocr_line' id='line_1_81' title="bbox 1513 4322 2665 4393; baseline -0.002 -14"><span class='ocrx_word' id='word_1_436' title='bbox 1513 4326 1664 4380; x_wconf 77' lang='lat' dir='ltr'><strong>Fast.</strong></span> <span class='ocrx_word' id='word_1_437' title='bbox 1688 4326 1731 4387; x_wconf 86' lang='grc' dir='ltr'><strong>Ι,</strong></span> <span class='ocrx_word' id='word_1_438' title='bbox 1760 4327 1829 4379; x_wconf 88' lang='grc'><strong>69</strong></span> <span class='ocrx_word' id='word_1_439' title='bbox 1871 4326 2117 4393; x_wconf 82' lang='lat' dir='ltr'><strong>„Dexter</strong></span> <span class='ocrx_word' id='word_1_440' title='bbox 2142 4323 2273 4377; x_wconf 84' lang='lat' dir='ltr'><strong>ades</strong></span> <span class='ocrx_word' id='word_1_441' title='bbox 2338 4322 2665 4391; x_wconf 84' lang='lat' dir='ltr'><strong>atribusque</strong></span> 
     </span>
     <span class='ocr_line' id='line_1_82' title="bbox 1511 4392 2667 4467; baseline -0.003 -16"><span class='ocrx_word' id='word_1_442' title='bbox 1511 4398 1625 4451; x_wconf 81' lang='lat' dir='ltr'><strong>tuis</strong></span> <span class='ocrx_word' id='word_1_443' title='bbox 1642 4397 1966 4467; x_wconf 86' lang='lat' dir='ltr'><strong>populoque</strong></span> <span class='ocrx_word' id='word_1_444' title='bbox 1986 4394 2257 4463; x_wconf 82' lang='lat' dir='ltr'><strong>Quirini.“</strong></span> <span class='ocrx_word' id='word_1_445' title='bbox 2360 4398 2525 4449; x_wconf 80' lang='lat' dir='ltr'><strong>etam.</strong></span> <span class='ocrx_word' id='word_1_446' title='bbox 2545 4392 2667 4461; x_wconf 80' lang='lat' dir='ltr'><strong>XV,</strong></span> 
     </span>
     <span class='ocr_line' id='line_1_83' title="bbox 1513 4464 2665 4537; baseline -0.004 -14"><span class='ocrx_word' id='word_1_447' title='bbox 1513 4470 1619 4523; x_wconf 80' lang='lat'><strong>572</strong></span> <span class='ocrx_word' id='word_1_448' title='bbox 1642 4469 1899 4537; x_wconf 79' lang='lat' dir='ltr'><strong>„patriae</strong></span> <span class='ocrx_word' id='word_1_449' title='bbox 1920 4468 2127 4521; x_wconf 86' lang='lat' dir='ltr'><strong>laetum</strong></span> <span class='ocrx_word' id='word_1_450' title='bbox 2144 4466 2465 4534; x_wconf 85' lang='lat' dir='ltr'><strong>populoque</strong></span> <span class='ocrx_word' id='word_1_451' title='bbox 2482 4464 2665 4533; x_wconf 80' lang='lat' dir='ltr'><strong>Quiri·</strong></span> 
     </span>
     <span class='ocr_line' id='line_1_84' title="bbox 1509 4536 2666 4605; baseline -0.003 -11"><span class='ocrx_word' id='word_1_452' title='bbox 1509 4540 1623 4594; x_wconf 88' lang='lat' dir='ltr'><strong>ni.“</strong></span> <span class='ocrx_word' id='word_1_453' title='bbox 1662 4539 1799 4594; x_wconf 87' lang='lat' dir='ltr'><strong>ibid.</strong></span> <span class='ocrx_word' id='word_1_454' title='bbox 1840 4540 1946 4591; x_wconf 77' lang='grc'><strong>756</strong></span> <span class='ocrx_word' id='word_1_455' title='bbox 1984 4536 2261 4605; x_wconf 79' lang='lat' dir='ltr'><strong>„Pontum</strong></span> <span class='ocrx_word' id='word_1_456' title='bbox 2280 4537 2489 4605; x_wconf 89' lang='lat' dir='ltr'><strong>populo</strong></span> <span class='ocrx_word' id='word_1_457' title='bbox 2516 4536 2666 4591; x_wconf 81' lang='lat' dir='ltr'><strong>adie-</strong></span> 
     </span>
     <span class='ocr_line' id='line_1_85' title="bbox 1510 4606 2667 4679; baseline -0.003 -12"><span class='ocrx_word' id='word_1_458' title='bbox 1510 4612 1649 4667; x_wconf 80' lang='lat' dir='ltr'><strong>cisse</strong></span> <span class='ocrx_word' id='word_1_459' title='bbox 1691 4610 1969 4678; x_wconf 79' lang='lat' dir='ltr'><strong>Quirini.⁴‘</strong></span> <span class='ocrx_word' id='word_1_460' title='bbox 2011 4640 2074 4651; x_wconf 85' lang='lat'><em>-</em></span> <span class='ocrx_word' id='word_1_461' title='bbox 2132 4606 2464 4679; x_wconf 70' lang='lat' dir='ltr'><strong>triumphos]</strong></span> <span class='ocrx_word' id='word_1_462' title='bbox 2504 4610 2667 4665; x_wconf 74' lang='lat' dir='ltr'><strong>Auno</strong></span> 
     </span>
    </p>
   </div>
  </div>
 </body>
</html>
