3092 5059
479 220 599 288 160

1435 221 1895 291 CARMINUM

975 407 1324 487 caudam
1376 424 1454 487 et
1494 410 1923 487 recedentis
1977 409 2322 507 trilingui

1075 534 1232 612 Ore
1280 535 1516 635 pedes
1571 536 1978 635 tetigitque
2029 560 2269 611 crura.

1580 730 1773 738 ———-

1354 849 1735 937 OARMEN
1810 852 1991 935 XX.

873 1014 1049 1091 Non
1103 1017 1379 1093 usitata
1430 1043 1573 1093 nec
1608 1018 1821 1092 tenui
1873 1017 2082 1092 ferar

875 1138 1138 1215 Penna
1183 1140 1536 1245 biformis
1581 1167 1722 1240 per
1770 1141 2156 1241 liquidum
2208 1141 2523 1219 aethera

979 1266 1215 1341 Vates
1265 1291 1519 1364 neque
1569 1267 1651 1340 in
1701 1265 1926 1341 terris
1980 1266 2343 1342 morabor

1083 1389 1426 1487 Longius
1477 1390 2224 1498 invidiaqu00maio‘r

479 1563 688 1617 Athen.
753 1561 828 1629 II,
887 1566 949 1615 7:
1010 1566 1157 1630 „Kal
1211 1557 1389 1633 ταύρῳ
1446 1580 1632 1631 παρει-

479 1628 550 1686 καί
557 1637 700 1697 ζουσι
762 1630 862 1687 τὸν
920 1628 1198 1688 Διόνυσον
1257 1640 1348 1687 καὶ
1418 1628 1629 1703 παρδά-

479 1707 558 1758 λει
598 1701 690 1758 διὰ
725 1701 788 1757 τὸ
826 1701 966 1773 πρὸς
1013 1710 1141 1771 βίαν
1163 1710 1470 1775 τρέπεσθαι
1508 1702 1633 1763 τοὺς

479 1777 921 1836 ἔξοινωθέντας.“
1009 1777 1089 1831 Et
1141 1776 1394 1832 conferas
1447 1778 1627 1832 Germ.

479 1848 580 1908 111.
617 1848 708 1915 21,
756 1849 839 1901 18.
917 1846 1063 1903 Hinc
1100 1848 1350 1903 Bacchus
1403 1850 1629 1904 Graecis

481 1924 566 1974 est
631 1923 1006 1990 χρυσοκέρως,
1067 1925 1424 1991 ταυροκέρως,
1490 1920 1630 1974 Ταῦ-

480 2010 586 2059 ρος.
659 1988 870 2045 Tibull.
908 1990 979 2058 11,
1018 1991 1065 2059 1,
1104 1994 1136 2045 3
1177 1991 1447 2061 ,‚Bacche,
1481 1993 1630 2060 veni,

480 2062 772 2131 dulcisque
809 2062 926 2116 tuis·
960 2079 991 2116 e
1037 2064 1297 2118 cornibus
1343 2080 1454 2117 uva
1487 2063 1629 2117 Pen-

480 2134 665 2189 deat.“
737 2132 899 2187 ovid.
935 2132 1070 2188 Met.
1109 2133 1204 2203 IV,
1248 2137 1328 2189 19.
1368 2134 1627 2204 Propert.

480 2205 564 2260 111
583 2204 729 2275 (IV),
751 2206 834 2269 17,
860 2206 927 2258 19
965 2204 1161 2274 „Quod
1185 2212 1441 2277 superest
1475 2208 1629 2261 vitae

479 2294 582 2347 per
619 2282 676 2331 te
713 2281 771 2331 et
805 2281 906 2331 tua
940 2292 1166 2345 cornua,
1200 2278 1410 2347 vivam,
1436 2278 1627 2332 Virtu-

478 2350 663 2418 tisque
708 2353 858 2416 tuae,
919 2347 1152 2417 Bacche,
1206 2354 1372 2418 poeta
1422 2348 1628 2405 ferar.“

479 2423 666 2474 Aurea
722 2424 855 2473 sunt
909 2436 1132 2487 cornua,
1190 2421 1324 2489 quia
1370 2422 1627 2491 pulcher·

479 2492 641 2546 rima.
671 2522 737 2531 ·—
765 2491 959 2546 leniter
994 2496 1098 2546 att.
1126 2492 1309 2563 caud]
1349 2492 1462 2546 leni
1499 2510 1632 2547 cau·

481 2564 586 2617 dae
655 2567 815 2617 motu
890 2562 1139 2617 adulans.
1211 2594 1277 2603 —-
1349 2564 1629 2634 trz'linyui]

480 2633 769 2689 Audacter
815 2633 920 2689 hoc
970 2634 1183 2689 dictum
1218 2651 1308 2689 ore
1343 2636 1631 2705 trilingui,

481 2723 607 2759 cum
661 2711 852 2759 tamen
908 2706 1154 2775 antiquie
1207 2706 1478 2761 Cerberus
1531 2710 1630 2760 aut

482 2779 685 2845 triceps
723 2781 869 2831 esset
907 2782 1004 2831 aut
1028 2778 1315 2848 centiceps.
1351 2777 1423 2831 cf.
1448 2778 1629 2845 11‚13,

480 2850 567 2902 34.
595 2848 693 2913 111,
726 2849 808 2914 11,
849 2850 934 2902 20.
975 2848 1246 2916 Fuerunt,
1285 2850 1382 2918 qui
1420 2851 1479 2903 in
1517 2867 1628 2903 uno

483 2938 580 2974 ore
605 2920 697 2974 hic
722 2924 837 2974 tres
857 2920 1075 2989 linguas
1097 2922 1436 2989 reperirent;
1468 2938 1629 2990 prae-

479 2996 594 3046 stat
611 2996 801 3046 tamen
822 2991 1124 3047 consistere
1143 2992 1200 3045 in
1223 2992 1476 3061 tricipite
1502 2993 1627 3046 Cer-

478 3063 634 3125 bero,
675 3067 740 3116 ut
767 3064 880 3117 tria
918 3081 1018 3117 ora
1051 3069 1109 3118 et
1145 3068 1260 3118 tres
1298 3064 1518 3135 linguas
1558 3064 1625 3118 si-

478 3135 597 3189 mul
648 3134 896 3189 indicata
941 3134 1262 3189 habeamus,
1302 3135 1378 3189 cf.
1416 3134 1625 3189 Tibull.

479 3206 582 3275 111,
619 3209 671 3274 4,
711 3208 780 3259 88
793 3227 805 3258 ε
847 3208 1034 3274 „canis
1075 3245 1087 3258 .
1130 3247 1142 3259 .
1183 3206 1284 3260 (mi
1329 3210 1442 3260 tres
1494 3211 1625 3261 sunt

479 3278 706 3349 linguae
722 3278 1209 3347 tergeminumque
1229 3278 1453 3347 caput.“
1482 3276 1622 3333 Stat.

483 3348 717 3409 Silv.11,
762 3351 809 3402 1.
850 3366 986 3417 „nec
1021 3354 1184 3403 terno
1223 3349 1458 3403 latrabit
1497 3350 1625 3405 Cer·

479 3421 647 3476 berus
685 3420 836 3475 ore.“
875 3420 1044 3490 Verg.
1079 3423 1217 3475 Aen.
1258 3420 1354 3488 VI,
1397 3422 1515 3473 417.
1558 3452 1624 3462 —

480 3490 784 3563 tetiqitque]
823 3491 950 3546 vide
986 3510 1157 3562 supra
1192 3492 1264 3547 ad
1303 3510 1356 3546 v.
1395 3494 1480 3546 28.

829 3604 1104 3661 Carmen
1144 3606 1266 3660 XX.

554 3701 755 3755 Poetas
804 3719 918 3754 non
975 3702 1120 3755 mori
1171 3702 1266 3757 sed
1321 3702 1379 3755 in
1427 3718 1626 3770 cycnos

483 3776 729 3828 mutatos
753 3772 824 3825 ad
842 3772 1053 3827 caelum
1083 3774 1304 3828 evolare
1333 3774 1625 3844 vulgatum

483 3845 596 3899 iam
640 3861 744 3913 per
793 3843 1031 3899 Graecos
1085 3844 1196 3898 fuit
1233 3850 1625 3899 commentum.

481 3918 672 3985 Atque
710 3933 774 3969 eo
813 3916 871 3968 in
908 3915 1014 3970 hoc
1040 3916 1284 3971 carmine
1325 3916 1394 3970 de
1431 3934 1488 3971 se
1516 3916 1625 3971 Ho-

483 3988 662 4042 ratius
707 4004 838 4041 usus
889 3987 1113 4041 laudem
1149 4006 1308 4043 suam
1343 3989 1625 4057 poeticam

481 4063 816 4129 perpetuam
853 4057 971 4113 sore
1007 4059 1066 4111 in
1099 4060 1456 4128 omniumque
1491 4076 1625 4130 gen·

481 4132 628 4186 tium
677 4129 944 4184 notitiam
991 4136 1390 4199 perventuram
1429 4130 1625 4185 vatici-

481 4208 674 4257 natur.
697 4201 850 4269 Quae
868 4202 1092 4270 quidem
1109 4202 1435 4257 vaticinatio
1457 4220 1625 4271 quam

484 4291 612 4328 eum
637 4291 751 4327 non
788 4273 1014 4327 fefellit!
1059 4274 1268 4327 Similis
1307 4273 1627 4344 argumenti

485 4350 569 4399 est
615 4362 838 4399 carmen
875 4344 974 4413 111,
1012 4346 1096 4397 30.
1169 4344 1237 4397 In
1281 4346 1390 4399 hoc
1435 4350 1626 4400 tamen

483 4422 550 4470 ut
597 4416 656 4469 in
705 4416 946 4470 carmine
990 4414 1035 4483 I,
1091 4418 1114 4467 1
1167 4432 1232 4469 ea
1279 4416 1521 4470 maxime
1566 4434 1628 4471 re

486 4486 765 4557 gloriatur
832 4503 1104 4554 auumque
1160 4486 1448 4556 ingenium
1501 4486 1627 4542 ideo

487 4558 810 4626 praedicare
847 4576 960 4611 non
1015 4556 1253 4627 dubitat,
1294 4558 1442 4626 quod
1478 4558 1627 4613 Mae·

1736 1561 1933 1627 cenati,
1972 1578 2106 1617 vero
2144 1562 2283 1615 artis
2329 1561 2501 1617 iudici
2550 1566 2610 1616 et
2644 1562 2879 1631 fautori,

1734 1649 1877 1700 quae
1922 1632 2123 1687 fecerit
2174 1634 2423 1687 carmina
2468 1638 2632 1704 grata
2676 1638 2739 1688 et
2785 1652 2877 1689 ac-

1736 1708 1896 1773 cepta
1942 1704 2166 1759 viderit.
2213 1734 2282 1744 —
2330 1704 2396 1758 In
2432 1706 2679 1760 carmine
2729 1705 2877 1759 nihil

1722 1776 1881 1829 inest
1916 1776 2064 1831 unde
2110 1792 2314 1830 annum
2369 1792 2478 1845 quo
2519 1776 2877 1847 potissimum

1734 1848 2005 1916 scriptum
2044 1848 2118 1901 sit
2156 1846 2381 1901 efficias.
2442 1847 2639 1902 Oratio
2685 1854 2875 1903 autem

1734 1924 1792 1971 et
1816 1919 2129 1973 sententiae
2152 1937 2254 1988 per
2278 1924 2463 1973 totum
2494 1936 2721 1974 carmen
2744 1936 2874 1989 poe-

1731 1990 1847 2044 tica
1885 1990 2127 2058 quadam
2171 1990 2403 2045 audacia
2448 1992 2650 2059 plenae
2684 1992 2875 2061 singu-

1733 2061 1907 2115 larem
1931 2062 2104 2115 animi
2128 2065 2327 2130 poetae
2358 2061 2719 2117 altitudinem
2744 2078 2872 2131 pro·

1731 2132 1909 2202 dunt3
1947 2132 2096 2187 haud
2135 2134 2300 2203 longe
2335 2133 2605 2189 recedunt
2648 2151 2678 2187 a
2716 2152 2780 2189 su
2824 2152 2877 2187 e-

1731 2204 1898 2258 rioris
1935 2204 2199 2260 carminis
2237 2205 2471 2259 elatiore
2495 2222 2714 2276 genere.
2803 2223 2877 2260 on

1731 2280 1886 2330 recte
1936 2276 2062 2330 aliis
2115 2276 2173 2329 in
2222 2276 2325 2331 hoc
2369 2278 2615 2332 carmine
2657 2278 2876 2332 urbana

1734 2348 2005 2416 quaedam
2058 2348 2261 2402 iocatio
2311 2352 2369 2402 et
2414 2348 2682 2403 sermonis
2722 2348 2878 2405 festi·

1732 2419 1878 2473 vitas
1915 2419 2091 2473 inesse
2129 2419 2249 2473 visa
2282 2425 2385 2488 est,
2421 2438 2552 2475 nam
2592 2422 2875 2488 „carmine

1734 2490 1918 2544 iocoso
1955 2490 2104 2545 hunc
2139 2490 2349 2545 librum
2387 2492 2717 2547 concludere
2764 2510 2877 2546 non

1732 2566 1975 2631 poterat,
2021 2562 2129 2615 nisi
2174 2562 2221 2615 si
2268 2562 2489 2632 ineptus
2536 2563 2660 2617 iure
2692 2564 2875 2619 videri

1733 2634 2018 2702 voluisset,
2072 2650 2251 2702 neque
2302 2651 2437 2689 vero
2486 2639 2733 2689 metrum
2780 2636 2877 2689 Al-

1734 2704 1947 2759 caicum
1994 2705 2267 2759 eiusmodi
2314 2706 2437 2761 ioco
2485 2707 2625 2760 satis
2674 2723 2873 2761 conve-

1732 2777 1870 2830 nit.“
1913 2776 2169 2829 Orellius.
2207 2776 2322 2831 Ioci
2369 2777 2513 2831 nihil
2550 2777 2729 2841 vidae,
2781 2778 2877 2833 sed

1733 2846 2034 2901 iuvenilem
2055 2849 2333 2915 quandam
2354 2849 2795 2918 superlationem
2814 2866 2878 2903 ac

1732 2936 1909 2988 paene
1970 2918 2332 2974 iactationem
2394 2920 2576 2989 video,
2630 2921 2877 2975 multum

1733 2991 2011 3045 diversam
2051 3007 2084 3044 a
2121 2990 2300 3045 Carm.
2337 2990 2439 3060 111,
2471 2994 2557 3045 30.
2588 3020 2656 3030 -—
2694 2992 2879 3062 Caput

1734 3060 1997 3116 carminis
2044 3062 2293 3116 cernitur
2336 3063 2397 3116 in
2444 3080 2659 3117 summa
2696 3066 2879 3133 poeti-

1734 3150 1831 3187 cae
1870 3133 2008 3187 artis
2046 3133 2212 3188 laude
2247 3152 2310 3188 ac
2344 3135 2709 3203 praestantia,
2750 3152 2881 3191 nam

1736 3205 1922 3273 „caelo
1943 3204 2101 3258 Musa
2136 3203 2303 3260 beat“
2344 3205 2549 3272 (Carm.
2576 3204 2670 3269 1v,
2690 3208 2745 3275 8,
2770 3206 2881 3277 28).

1804 3274 1869 3329 V.
1914 3279 1959 3329 1.
2015 3276 2249 3346 usitata]
2288 3276 2563 3347 Bergkius
2608 3295 2678 3331 ex
2736 3279 2882 3333 coni.

1732 3346 1977 3412 visitata,
2016 3364 2182 3416 quem
2219 3352 2438 3403 secutus
2476 3354 2560 3404 est
2588 3348 2881 3405 Eckstein.

1734 3418 1835 3473 cfr.
1883 3418 2093 3473 Gellius
2138 3418 2257 3487 XV,
2306 3423 2360 3488 3,
2397 3423 2453 3473 4:
2514 3424 2883 3489 „portentum

1731 3489 2139 3544 invisitatum“.
2192 3490 2300 3545 Sed
2340 3491 2487 3546 nihil
2526 3492 2883 3547 mutandum.

1731 3559 1965 3628 Quintil.
2004 3561 2181 3615 instit.
2222 3562 2371 3631 VIII,
2396 3565 2452 3631 3,
2484 3562 2554 3618 20
2592 3563 2887 3631 „clausula

1732 3650 1845 3686 non
1881 3633 2123 3687 usitata“
2163 3633 2275 3688 Cic.
2306 3632 2426 3688 Mil.
2450 3633 2495 3703 1,
2522 3638 2546 3687 1
2588 3652 2745 3703 „non
2771 3638 2885 3691 usi-

1731 3708 1853 3758 tata
1889 3704 2259 3773 frequentia“.
2300 3734 2365 3745 -
2406 3706 2671 3776 biformis]
2712 3708 2885 3762 simul

1732 3792 1933 3843 cycnus
1970 3780 2027 3831 et
2064 3781 2248 3845 poeta.
2324 3777 2392 3831 cf.
2432 3776 2633 3847 Eurip.
2670 3777 2885 3850 fragm.

1732 3840 2009 3916 „Xgnicretu
2054 3843 2121 3913 δή
2170 3868 2269 3919 μοι
2310 3853 2573 3919 πτέρυγες
2608 3854 2739 3919 περὶ
2774 3846 2883 3905 νώ·

1730 3937 1804 3985 τῳ
1842 3923 1952 3972 Καὶ
1989 3916 2053 3971 τὰ
2090 3913 2372 3990 Σειρήνων
2409 3915 2633 3989 ἐρόεντα
2671 3923 2883 3975 πέδιλα

1729 3984 2067 4060 Ἁρμόζεται·
2105 3985 2366 4062 Βᾶσομαι
2398 3992 2444 4044 τ’
2474 3992 2530 4051 ἐς
2553 3996 2755 4061 αἰθέρα
2780 4014 2886 4047 πο-

1731 4058 1828 4114 λὺν
1848 4056 2099 4130 ᾍερθείς,
2138 4067 2277 4127 Ζηνὶ
2312 4064 2679 4134 προςμίξων.“
2732 4064 2887 4119 Plat.

1730 4132 1868 4201 Rep.
1908 4132 1976 4186 X.
2016 4150 2072 4201 p.
2108 4134 2231 4187 620.
2269 4136 2347 4188 A:
2410 4135 2588 4202 „tdeae'v
2622 4133 2739 4206 μὲν
2772 4134 2887 4207 γὰρ

1733 4201 1922 4275 ψυχὴν
1959 4206 2068 4290 ἔφη
2106 4199 2201 4271 τήν
2238 4222 2371 4259 ποτε
2404 4204 2693 4276 Ὀρφέως
2728 4226 2885 4277 γενο-

1729 4279 1965 4415 ἴὲἕἼέἴ
1979 4280 2887 4419 *aweit*32052152⁹332233

1730 4434 1831 4483 νην
1878 4419 2016 4472 ἰδεῖν
2060 4420 2121 4472 δὲ
2169 4424 2259 4473 καὶ
2310 4416 2558 4475 κύκνον
2604 4416 2884 4490 percepta·

1732 4491 1893 4543 λοντα
1925 4492 2001 4549 εἰς
2024 4486 2379 4560 ἀνθρωπίνου
2406 4497 2529 4559 βίου
2550 4496 2767 4561 αἵρεσιν
2790 4498 2885 4547 καὶ

1732 4554 1873 4613 ἄλλα
1920 4561 2028 4623 ζῶα
2070 4560 2312 4633 μουσικὰ
2359 4559 2662 4624 ὠςαῦῐως.“
2704 4592 2771 4604 ·--
2811 4566 2881 4621 li-
