3092 5059
1033 239 1196 310 LIB.
1238 240 1322 309 11.
1365 238 1552 309 SAT.
1595 242 1736 311 VII.

2466 242 2588 309 477

292 426 399 505 Ut
450 428 689 507 vitale
734 428 1030 531 putes.“
1133 430 1327 529 Age,
1380 432 1734 509 libertate
1784 432 2217 530 Decembri,

227 586 252 627 ⁵
296 553 626 647 Quando
680 556 789 632 ita
840 558 1169 633 maiores
1220 556 1650 655 voluerunt,
1703 568 1954 655 utere;
2004 583 2258 633 narra.

294 678 531 776 „Pars
575 681 975 759 hominum
1024 682 1229 758 vitiis
1284 681 1572 779 gaudet
1613 695 2072 781 constanter,
2125 694 2202 759 et
2251 695 2478 780 urget

292 805 819 905 Propositum3
875 832 1054 906 pars
1090 807 1332 882 multa
1365 819 1600 903 natat,
1635 807 1870 883 modo
1911 820 2126 884 recta
2168 814 2590 904 capessens,

190 1011 301 1067 hoc
362 1015 620 1081 poemate
663 1011 968 1082 scripserit,
1028 1029 1197 1082 quam
1248 1029 1345 1065 ιιιι-

193 1100 363 1151 quam
409 1082 498 1137 vel
538 1084 843 1137 acerrimus
893 1082 1245 1139 adversarius
1288 1084 1347 1137 in

190 1172 253 1209 se
286 1172 491 1224 parare
528 1154 779 1211 auderet.
848 1155 1077 1211 Etenim
1125 1173 1191 1211 ea
1235 1172 1347 1209 non

190 1225 395 1280 debilis
456 1226 601 1280 ratio
653 1231 738 1281 est
796 1244 914 1281 sese
973 1226 1045 1281 ab
1106 1227 1348 1310 aliorum

191 1297 679 1353 criminationibus
717 1298 1071 1366 defendendi,
1098 1316 1223 1353 cum
1258 1298 1343 1353 ni·

194 1370 277 1423 hil
314 1386 507 1423 eorum
554 1386 696 1453 quae
733 1368 1055 1439 vituperata
1090 1374 1221 1424 sunt
1256 1388 1347 1424 ex-

191 1446 477 1509 tenuatur,
512 1441 702 1496 omnia
727 1442 917 1510 potius
948 1441 1192 1497 ridicula
1216 1458 1345 1510 qua·

191 1513 324 1567 dam
350 1512 727 1582 superlatione
752 1513 833 1567 ita
856 1517 1151 1583 augentur.
1184 1521 1251 1568 ut
1275 1512 1347 1566 ri-

192 1585 326 1639 dere
361 1584 604 1639 debeant
637 1584 973 1654 quicumque
1004 1584 1238 1639 audiant
1272 1584 1348 1639 le-

191 1661 402 1726 gantve
461 1655 907 1725 adversariisque
965 1654 1133 1711 fidem
1190 1657 1349 1711 abro-

191 1734 344 1797 gent.
440 1726 709 1781 Putidum
770 1731 958 1782 autem
1023 1727 1221 1782 fuisset
1293 1732 1352 1783 et

194 1815 369 1869 prope
405 1799 678 1869 cynicum,
717 1800 766 1854 si
802 1798 921 1870 ipse
958 1816 1057 1853 suo
1095 1816 1193 1855 ors
1234 1816 1351 1855 sese

193 1871 463 1924 voluisset
526 1871 763 1925 maculis
824 1870 1167 1955 flagitiisque
1222 1888 1349 1926 con·

193 1959 483 2012 spergere3
539 1959 713 2010 quare
763 1942 983 2012 sapiens
1040 1960 1162 1997 eam
1218 1960 1349 2012 poe·

194 2014 361 2068 matis
398 2013 639 2067 formam
687 2013 875 2097 elegit,
920 2031 1033 2084 qua
1082 2013 1351 2097 quicquid

193 2091 339 2139 esset
386 2085 685 2141 dicendum
728 2084 949 2140 abiecto
996 2085 1215 2154 pudore
1266 2086 1349 2141 in-

192 2157 471 2225 solitaque
495 2156 727 2211 licentia
750 2163 938 2226 posset
961 2156 1347 2227 pronuntiare.

193 2228 519 2283 Saturnalia
542 2226 693 2297 (vide
712 2228 786 2283 ad
804 2228 920 2283 Sat.
940 2228 1013 2297 H,
1032 2229 1091 2295 3)
1114 2246 1149 2283 a
1167 2229 1351 2283 Numa

192 2318 326 2371 rege
362 2299 644 2367 instituta,
684 2316 829 2369 quae
854 2299 1085 2355 Saturni
1122 2317 1349 2355 auream

194 2376 438 2426 aetatem
486 2371 821 2440 sublatoque
866 2372 1017 2426 inter
1068 2388 1193 2426 eros
1236 2388 1349 2426 ser-

196 2460 405 2511 vosque
429 2442 751 2497 discrimine
774 2443 1071 2513 pristinam
1096 2444 1347 2498 omnium

194 2515 483 2569 hominum
552 2515 953 2583 aequalitatem
1013 2515 1072 2569 in
1142 2532 1349 2585 paucos

194 2587 313 2641 dies
384 2584 726 2653 referebant,
790 2604 1052 2657 magnam
1126 2586 1346 2641 dicendi

194 2656 507 2728 agendique
541 2658 923 2728 praebuerunt
969 2658 1145 2713 servis
1180 2658 1346 2713 liber-

193 2735 385 2784 tatem.
459 2729 657 2799 Fingit
702 2729 881 2800 igitur
932 2730 1215 2795 Horatius,
1252 2730 1347 2784 Sa-

193 2801 511 2856 turnalibus
544 2801 763 2855 Davum
796 2818 955 2855 suum
989 2818 1211 2855 servum
1246 2802 1347 2855 im-

193 2874 451 2942 punitate
504 2890 571 2927 ac
631 2873 859 2928 licentia
911 2872 1132 2927 dicendi
1190 2873 1349 2928 abuti

192 2944 633 3014 gravissimeque
691 2944 979 2999 dominum
1032 2944 1347 2999 inconstan-

194 3017 323 3083 tiae,
361 3015 639 3070 stultitiae
683 3016 793 3069 insi
834 3016 1032 3085 nisque
1066 3017 1347 3071 temerita-

195 3088 269 3141 tis
303 3104 577 3141 accusare.
640 3086 804 3141 Consi
785 3088 945 3142 ιιιιιιι
980 3092 1181 3156 poetae
1216 3104 1347 3142 sane

194 3158 574 3213 felicissimum
600 3165 703 3212 est.
742 3158 903 3213 Servi
940 3159 1107 3228 enim,
1146 3160 1347 3227 quibus

192 3248 263 3284 ne
320 3230 456 3299 quid
514 3230 755 3284 dominis
812 3230 1099 3300 ingratum
1158 3230 1351 3285 dicant

191 3319 295 3371 per
338 3305 523 3355 totum
571 3318 779 3355 annum
825 3303 989 3371 gravi
1037 3319 1223 3371 poena
1259 3320 1351 3357 ve·

193 3374 363 3427 titum
401 3378 502 3440 est,
546 3372 645 3426 ubi
683 3372 906 3427 dicendi
954 3374 1223 3442 quicquid
1255 3392 1347 3429 ve·

191 3445 303 3498 lint
358 3444 582 3497 veniam
642 3444 951 3513 accipiunt,
1022 3450 1349 3516 arrogantes

193 3520 251 3570 et
300 3516 653 3585 impudentes
688 3534 807 3571 sese
840 3522 1147 3585 praestant,
1188 3534 1351 3585 prae-

190 3588 387 3641 sertim
433 3587 529 3657 qui
586 3588 952 3657 sapientiores
998 3589 1087 3641 vel
1136 3588 1349 3643 doctio-

193 3677 283 3713 res
332 3659 439 3712 sibi
486 3674 605 3713 esse
649 3658 950 3714 videantur
986 3676 1155 3728 quam
1206 3661 1351 3715 solet

192 3748 311 3785 esse
334 3731 579 3799 plurima
614 3748 749 3800 pars
786 3748 995 3786 eorum.
1032 3730 1215 3799 Quare
1242 3732 1349 3787 hoc

192 3803 419 3873 egregie
462 3802 679 3856 invenit
715 3803 999 3866 Horatius,
1052 3803 1203 3873 quod
1238 3802 1345 3857 Da-

192 3892 348 3928 vum·
366 3892 399 3927 a
440 3873 682 3943 Crispini
726 3874 1001 3945 aretalogi
1038 3874 1179 3943 (Sat.
1214 3874 1258 3941 1,
1301 3878 1347 3943 1,

196 3945 463 4013 120.1‚3,
491 3946 616 4017 139)
652 3946 894 4000 ianitore
929 3893 1181 4001 ridiculis
1202 3946 1347 4001 Stoi-

194 4034 389 4073 corum
425 4016 805 4072 Romanorum
854 4018 1123 4073 doctrinis
1170 4018 1347 4072 imbu-

192 4095 317 4143 tum
354 4106 471 4144 esse
504 4088 673 4142 finxit
709 4086 785 4155 (v.
820 4091 932 4161 45).
979 4091 1167 4144 Aliter
1197 4090 1346 4144 enim

190 4161 342 4216 unde
386 4160 576 4215 Davus
624 4160 873 4214 animum
917 4162 1241 4231 sumpsisset
1288 4166 1347 4217 et

190 4232 523 4288 facultatem
558 4232 642 4285 ita
684 4232 1048 4301 disputandi?
1083 4232 1163 4286 Et
1197 4232 1344 4301 vide,

190 4305 267 4360 ab
322 4304 562 4357 ianitore
616 4302 879 4372 Crispini,
931 4320 1046 4358 non
1100 4304 1172 4357 ab
1223 4305 1345 4374 ipso

193 4376 455 4445 Crispino
492 4392 651 4428 suam
694 4374 1028 4443 sapientiam
1064 4375 1163 4429 ille
1194 4392 1346 4431 acce·

188 4450 298 4519 pit,
344 4446 453 4500 hoc
498 4450 585 4500 est
630 4464 665 4500 a
718 4445 994 4501 vilissimo
1048 4447 1343 4517 mancipi0,

190 4519 344 4575 unde
394 4534 511 4571 non
556 4516 791 4602 minima
844 4516 1098 4587 profecto
1158 4518 1349 4573 vilitas

189 4597 251 4649 et
288 4589 543 4661 nequitia
578 4589 639 4644 in
672 4590 851 4661 ipsam
887 4606 1111 4660 quoque
1133 4590 1349 4659 sapien·

1442 1012 1580 1067 tiam
1637 1012 1992 1067 redundavit.
2085 1011 2268 1079 Quare
2325 1012 2595 1067 Horatius

1442 1084 1680 1139 alteram
1753 1084 1924 1141 simul
1993 1084 2339 1139 occasionem
2395 1088 2593 1139 nactus

1442 1160 1543 1225 est,
1581 1156 1642 1211 in
1687 1156 1957 1209 insulsum
2005 1154 2148 1209 illud
2192 1173 2368 1225 genus
2411 1162 2592 1211 areta·

1441 1228 1700 1298 logorum
1813 1226 2168 1281 acerbissime
2264 1226 2592 1297 invehendi,

1443 1300 1596 1381 quod
1651 1298 1932 1367 quomodo
1991 1298 2300 1353 ludibrium
2359 1269 2594 1355 reddere

1442 1388 1644 1497 {3²22
1667 1370 2070 1497 Ρὲἑῗιὲιὲἓωέι
2101 1370 2594 1525 ssssffssssss’oessuiff

1444 1514 1660 1569 ctrinae
1697 1531 1890 1569 eorum
1915 1531 2064 1569 nunc
2099 1512 2355 1567 insanum
2391 1518 2450 1569 et
2469 1530 2596 1583 per·

1444 1584 1626 1639 ditum
1665 1590 2034 1640 mercatorem
2069 1582 2210 1649 (Sat.
2247 1583 2321 1652 Il,
2356 1584 2412 1653 3)
2447 1602 2597 1641 nunc

1446 1657 1851 1727 nequissimum
1906 1674 2126 1713 servum
2183 1660 2242 1711 et
2295 1656 2592 1713 ianitorem

1442 1728 1718 1799 poneret?
1756 1758 1823 1768 —
1862 1726 1948 1783 De
1983 1732 2234 1798 tempore
2269 1728 2476 1782 satirae
2513 1728 2596 1782 ni·

1442 1800 1526 1855 hil
1587 1804 1806 1857 certum
1853 1803 1939 1855 est
1981 1800 2138 1855 aliud
2179 1798 2292 1853 nisi
2335 1798 2598 1855 habuisse

1443 1872 1556 1925 iam
1628 1871 1927 1927 Horatium
1997 1871 2323 1939 aliquandiu
2401 1871 2594 1925 villam

1444 1960 1602 1997 suam
1639 1943 1902 1998 Sabinam
1962 1961 2014 1997 v.
1962 1944 2128 1997 v28.
2159 1944 2313 2010 118);
2353 1942 2476 1998 veri
2511 1947 2593 1996 ta-

1444 2032 1572 2069 men
1609 2014 1794 2069 simile
1829 2019 1916 2069 est
1989 2014 2102 2069 aud
2135 2014 2222 2069 ita
2255 2014 2434 2068 multo
2467 2018 2598 2083 post

1442 2092 1659 2141 sextam
1725 2086 1889 2140 buius
1956 2086 2092 2140 libri
2159 2086 2304 2141 hanc
2374 2102 2598 2154 quoque

1442 2158 1713 2229 scriptam
1759 2174 1892 2212 esse.
1965 2157 2164 2227 Itaque
2207 2156 2278 2211 iis
2324 2158 2596 2211 assentior

1444 2230 1542 2299 qui
1588 2230 1663 2284 ad
1711 2246 1760 2283 a.
1809 2230 1916 2283 724
1967 2228 2076 2284 hoc
2109 2244 2311 2298 poema
2354 2228 2598 2284 referen-

1444 2300 1579 2355 dum
1617 2300 2030 2355 existimarunt.

1513 2372 1582 2428 V.
1622 2375 1669 2426 1.
1727 2371 1996 2443 ausculto]
2051 2370 2252 2442 Cogita
2299 2370 2596 2425 Horatium

1441 2444 1503 2497 ιιι
1553 2443 1810 2499 cubiculo
1857 2448 1957 2498 aut
2013 2443 2168 2498 clara
2219 2460 2354 2498 voce
2397 2442 2598 2511 legisse

1444 2521 1543 2570 aut
1578 2516 1729 2570 inter
1766 2515 2124 2571 scribendum
2151 2531 2336 2569 secum
2359 2512 2598 2567 subinde

1444 2604 1560 2643 esse
1596 2588 1865 2657 locutum,
1908 2602 2092 2656 neque
2126 2602 2350 2641 servum
2397 2602 2595 2640 ausum

1443 2675 1562 2713 esse
1633 2659 1817 2715 adhuc
1887 2658 2150 2713 libertate
2213 2656 2596 2712 Saturnalium

1442 2730 1547 2799 uti,
1583 2731 1812 2786 tandem
1831 2734 2214 2801 opportunum
2245 2735 2464 2798 tempus
2499 2746 2596 2781 na·

1442 2808 1595 2857 ctum
1632 2802 1919 2856 silentium
1963 2818 2241 2870 rumpere.
2302 2800 2478 2855 Poeta
2514 2800 2598 2854 ita

1441 2874 1611 2928 cubat
1647 2878 1713 2927 ut
1736 2874 1957 2928 Davum
1981 2873 2174 2927 adesse
2210 2888 2323 2925 non
2364 2871 2594 2939 sentiat3

1440 2945 1554 2999 iam
1589 2946 1840 2999 nondum
1887 2944 2194 3013 respiciens
2243 2948 2300 2998 et
2337 2960 2406 2997 ex
2444 2942 2598 2998 vocis

1440 3023 1577 3071 noto
1629 3034 1766 3071 sono
1820 3016 2042 3071 Davum
2097 3015 2254 3084 loqui
2310 3015 2597 3085 suspicans

1440 3092 1608 3159 rogat
1659 3088 1967 3143 Davusne?
2025 3086 2380 3142 Adfirmante
2436 3086 2595 3141 Davo

1441 3161 1590 3215 inter
1625 3160 1860 3214 tertium
1886 3176 2110 3214 versum
2138 3157 2410 3211 Horatius
2441 3163 2596 3211 retro

1442 3232 1702 3287 vertitur.
1730 3260 1797 3270 —
1821 3231 1996 3301 ital„
2001 3230 2070 3283 In
2093 3228 2388 3297 colloquiis
2423 3246 2598 3283 unum

1440 3303 1527 3357 ita
1575 3308 1755 3357 totam
1809 3302 2146 3357 sententiam
2201 3300 2464 3354 adfirmat
2511 3318 2596 3355 re-

1442 3374 1754 3443 sponsione.
1759 3374 1793 3403 ‘⁴
1867 3373 2050 3428 Hand.
2095 3372 2256 3426 Turs.
2301 3370 2367 3425 Τ.
2405 3371 2504 3425 ΠΙ.
2541 3389 2596 3440 p.

1442 3448 1566 3499 493.
1616 3474 1682 3485 --
1728 3444 1810 3499 Et
1840 3445 2014 3514 fraqi]
2064 3443 2292 3498 Horatii
2337 3450 2470 3497 sunt
2515 3444 2596 3497 in·

1444 3518 1802 3587 terrogantis.
1913 3516 2006 3570 Sic
2073 3515 2398 3585 interpunxi
2471 3532 2599 3569 cum

1444 3588 1656 3643 Keckio
1693 3593 1750 3643 et
1785 3587 2034 3642 Holdero
2081 3603 2220 3656 quos
2255 3604 2369 3641 non
2419 3587 2598 3640 secuti

1442 3664 1576 3713 sunt
1600 3660 1760 3729 Kriig
1763 3676 1841 3714 er.
1867 3658 2150 3713 Eckstein.
2188 3657 2429 3712 Fritsch.
2456 3656 2598 3710 Min·

1441 3729 1541 3785 ler.
1605 3677 1837 3798 Kellgerq
1915 3730 1975 3784 hi
2039 3746 2229 3784 omnes
2297 3732 2598 3783 servarunt

1440 3802 1731 3873 vulgatam
1775 3801 2225 3857 coniunctionem
2269 3802 2594 3855 verborum·

1442 3874 1784 3942 mancipium
1839 3874 2069 3929 domino
2121 3876 2182 3926 et
2239 3872 2390 3925 fru'
2447 3872 2598 3942 quod

1440 3947 1515 3999 sit
1551 3947 1687 4000 satis
1723 3951 1829 4000 cet.
1861 3974 1932 3987 —
1965 3945 2156 4013 vitale]
2193 3942 2308 4000 Sat.
2361 3944 2596 4011 1,1,61.

1438 4016 1519 4071 Et
1555 4016 1804 4087 „optima
1839 4018 2024 4101 prima
2059 4016 2180 4071 fere
2215 4016 2472 4071 manibus
2509 4031 2597 4067 ra-

1438 4090 1674 4159 piuntur
1712 4090 1911 4143 avaris.
1921 4089 1946 4118 “
1987 4088 2154 4143 ovid.
2178 4090 2304 4142 Am.
2329 4086 2404 4155 11,
2427 4090 2480 4155 6,
2509 4088 2596 4139 39.

1438 4160 1622 4215 Homo
1659 4160 1838 4231 igitur
1875 4178 2116 4245 nequam
2153 4164 2258 4224 est,
2303 4158 2402 4227 qui
2441 4174 2596 4228 mag·

1436 4250 1569 4287 nam
1605 4232 1714 4287 sibi
1751 4232 2044 4302 impertire
2090 4230 2312 4285 laudem
2349 4246 2466 4283 non
2503 4246 2597 4283 au-

1438 4303 1553 4358 det.
1602 4334 1674 4344 —
1709 4320 1852 4373 pars
1895 4302 2189 4372 hominm]
2227 4301 2347 4357 Iam
2395 4300 2600 4371 incipit

1439 4374 1632 4429 Davus
1667 4376 1888 4431 ratione
1921 4390 2056 4429 vere
2089 4373 2496 4443 philosophica,
2531 4376 2599 4427 ut

1439 4448 1737 4516 opinatur,
1777 4452 2078 4529 antequam
2103 4462 2169 4500 eo
2195 4445 2597 4515 progrediatur

1441 4534 1552 4587 quo
1587 4518 1731 4587 vult,
1767 4516 2086 4601 praemittit
2127 4515 2484 4589 magnificam
2527 4516 2600 4571 de

1441 4590 1730 4643 hominum
1747 4588 2124 4645 inconstantia
2141 4590 2458 4647 universam
2478 4604 2597 4643 sen-
