3092 5059
508 221 634 290 514

1409 223 2023 296 EPISTULARUM

510 443 562 481 ιε
612 413 741 488 Me
790 415 1161 513 pinguem
1218 427 1296 490 et
1347 413 1680 491 nitidum
1730 414 1931 490 bene
1981 424 2246 490 curata
2297 424 2471 489 cute
2519 412 2739 509 vises,

610 536 809 614 Cum
860 538 1114 614 ridere
1164 538 1380 616 voles
1432 539 1750 638 Epicuri
1805 539 1902 614 de
1953 563 2198 637 grege
2247 564 2596 636 porcum.

1398 889 1858 974 EPISTULA
1921 889 2012 974 V.

610 1053 693 1131 Si
744 1068 961 1154 potes
1014 1054 1413 1130 Archiacis
1465 1055 1792 1130 conviva
1841 1055 2294 1130 recumbere
2339 1050 2560 1127 lectis

607 1179 769 1254 Nec
818 1180 1126 1255 modica
1178 1205 1452 1256 cenare
1504 1181 1730 1256 times
1781 1179 2008 1255 holus
2063 1204 2292 1254 omne
2339 1175 2656 1276 patella,

508 1441 627 1491 tem
662 1436 896 1523 Epicuri
930 1433 1105 1503 ἡδονὴ
1154 1436 1267 1491 fuit
1310 1432 1568 1506 ἀταραξία
1605 1442 1664 1492 et

508 1504 712 1562 ἀπονία
748 1512 805 1562 et
830 1505 1006 1576 ὑγίεια
1041 1511 1137 1562 τοῦ
1174 1503 1457 1580 σώματοςι
1494 1527 1663 1578 quam

510 1580 789 1649 quomodo
844 1581 1005 1649 pravi
1064 1580 1317 1634 homines
1374 1581 1662 1635 intellexe—

509 1652 643 1720 rint,
692 1651 847 1706 vides
898 1669 967 1706 ex
1016 1651 1123 1706 hoc
1159 1652 1279 1706 loco
1320 1651 1558 1708 Senecae
1595 1653 1664 1706 de

510 1723 613 1777 vit.
649 1723 798 1778 beat.
832 1725 919 1775 12:
968 1723 1129 1790 „Non
1165 1723 1238 1777 ab
1276 1723 1524 1794 Epicuro
1560 1724 1663 1777 im-

511 1795 658 1863 pulsi
712 1795 1089 1863 luxuriantur,
1142 1795 1239 1848 sed
1286 1796 1438 1849 vitiis
1483 1795 1666 1850 dediti

511 1867 795 1920 luxuriam
831 1883 992 1920 suam
1031 1867 1089 1919 in
1124 1867 1513 1936 philosophiae
1538 1869 1666 1921 s‘inu

511 1938 863 1992 abscondunt
914 1942 972 1992 et
1028 1955 1093 1992 eo
1152 1944 1509 2007 concurrunt,
1567 1939 1666 1993 ubi

511 2009 751 2063 audiunt
806 2009 1029 2064 laudari
1082 2009 1450 2079 voluptatem.
1550 2009 1666 2066 Nec

513 2082 846 2136 aestimatur
870 2081 1132 2151 voluptas
1168 2081 1270 2135 illa
1295 2081 1564 2165 Epicuri,
1583 2083 1666 2136 ita

513 2153 663 2206 enim
698 2153 1043 2207 mehercules
1094 2153 1292 2222 sentio,
1342 2171 1468 2208 cum
1518 2152 1667 2208 sicca

511 2228 569 2278 et
606 2224 793 2278 sobria
826 2225 919 2292 sit,
974 2225 1069 2278 sed
1107 2226 1179 2279 ad
1231 2243 1435 2280 nomen
1481 2226 1666 2295 ipsum

513 2296 783 2350 advolant
820 2300 1151 2365 quaerentes
1186 2295 1514 2351 libidinibus
1551 2297 1666 2351 suis

508 2366 889 2437 patrocinium
961 2367 1189 2437 aliquod
1264 2387 1329 2424 ac
1388 2368 1664 2424 velamen-

508 2440 683 2493 tum.“

846 2549 1241 2619 Epistula
1280 2551 1345 2604 V.

582 2653 667 2707 De
704 2653 817 2708 Tor
821 2659 1009 2724 q,uat0
1057 2654 1129 2709 ad
1171 2673 1334 2724 quem
1390 2655 1527 2711 haec
1581 2661 1667 2712 est

514 2725 773 2794 epistula,
821 2727 951 2781 vide
1006 2727 1078 2781 ad
1126 2727 1304 2782 Carm.
1342 2728 1435 2798 IV,
1463 2730 1523 2796 ¹73
1583 2733 1664 2783 at-

511 2815 621 2866 que
646 2797 839 2852 eodem
876 2816 1051 2868 prope
1086 2799 1317 2854 consilio
1351 2803 1409 2854 et
1442 2817 1666 2856 carmen

510 2868 655 2922 illud
714 2875 771 2924 et
830 2870 977 2925 hanc
1037 2871 1335 2940 epistulam
1396 2873 1664 2942 scriptam

512 2957 629 2994 esse
666 2945 839 3009 patet.
916 2942 1001 2996 De
1057 2959 1204 2997 anno
1260 2949 1447 2998 autem
1483 2944 1664 2998 natali

510 3011 675 3067 huius
710 3013 983 3082 epistulae
1020 3031 1134 3068 non
1172 3016 1527 3070 consentiunt
1552 3015 1664 3070 viri

510 3083 689 3152 docti;
732 3085 997 3139 nimirum
1035 3091 1250 3140 certum
1284 3087 1554 3157 temporis
1581 3088 1664 3141 in-

510 3153 721 3210 dicium
744 3173 859 3210 non
882 3157 1181 3226 reperitur.
1253 3157 1397 3212 Nam
1434 3177 1502 3214 ex
1539 3176 1663 3214 ver-

509 3227 663 3281 sibus
702 3227 738 3279 4
774 3232 832 3282 et
877 3229 911 3281 9
966 3229 1075 3283 hoc
1118 3247 1289 3282 unum
1344 3247 1451 3299 pro
1506 3236 1662 3286 certo

510 3303 697 3367 potest
746 3299 1053 3368 adfirmari,
1108 3300 1325 3355 dedisse
1362 3301 1664 3356 Horatium

510 3369 656 3424 hanc
680 3371 981 3440 epistulam
1008 3376 1276 3441 quattuor
1298 3373 1388 3427 vel
1415 3375 1663 3444 quinque

512 3442 672 3496 annis
729 3447 858 3512 post
916 3443 1155 3498 alterum
1210 3445 1558 3500 consulatum
1597 3445 1661 3501 T.

512 3511 723 3567 Statilii
760 3513 935 3568 Tauri
971 3533 1020 3568 a.
1045 3517 1078 3568 7
1082 3515 1181 3584 28
1224 3534 1356 3570 nam
1396 3517 1664 3572 natalicia

510 3585 755 3655 Augusti
792 3587 905 3639 iam
941 3587 1073 3641 inde
1107 3555 1181 3641 ab,
1220 3605 1366 3642 anno
1394 3591 1497 3642 724
1522 3589 1660 3644 eele-

510 3656 675 3711 brata
730 3675 846 3712 esse
901 3659 1205 3713 memoriae
1259 3660 1515 3729 prodidit
1551 3660 1660 3714 Dio

514 3727 729 3782 Cassius
746 3729 841 3797 LI,
860 3731 949 3783 19·
988 3725 1115 3798 ,ξἘν
1145 3747 1201 3784 τε
1224 3737 1338 3790 τοῖς
1359 3735 1664 3800 γενεθλίοις

512 3795 676 3852 αὐτοῦ
711 3803 803 3854 καὶ
838 3801 901 3854 ἒν
936 3802 997 3875 τῇ
1041 3801 1135 3869 τῆς
1168 3798 1425 3871 ἀγγελίας
1458 3803 1551 3870 τῆς
1586 3809 1662 3857 νί-

511 3890 608 3938 κης
622 3869 803 3943 ἡμέρᾳ
823 3875 1147 3944 ἱερομηνίαν
1182 3873 1315 3927 εἶναι
1356 3875 1660 3944 ἔγνωσανῤ·

515 3960 639 3998 οιιιιι
671 3963 781 4013 quo
810 3945 930 4000 loco
958 3947 1105 4000 huno
1138 3946 1377 4000 alterum
1414 3947 1662 4001 eiusdem

510 4017 802 4102 scriptoris
840 4017 1146 4103 coniungas
1178 4017 1323 4081 LIV,
1361 4021 1454 4073 34:
1516 4022 1664 4087 „Kal

509 4085 577 4140 τὰ
602 4091 869 4173 γενέθλια
886 4085 951 4142 τὰ
988 4089 1082 4142 τοῦ
1108 4083 1431 4174 Αὐγούστου
1468 4093 1560 4142 καὶ
1600 4091 1663 4144 ἒν

509 4159 587 4228 τῷ
622 4156 963 4243 ἱπποδρόμῳ
1000 4163 1092 4214 καὶ
1135 4161 1198 4214 ἐν
1231 4161 1294 4234 τῇ
1332 4157 1463 4234 ἄλλῃ
1499 4155 1660 4216 πόλει

511 4225 824 4302 πολλαχόθι
861 4236 1072 4302 θηρίων
1111 4239 1359 4319 σφαγαῖς
1394 4229 1658 4304 ἐτιμήθη·

512 4307 604 4357 καὶ
656 4305 812 4356 τοῦτο
868 4305 982 4392 μὲν
1026 4309 1201 4357 καίτοι
1244 4301 1325 4376 μὴ
1366 4305 1665 4378 ψηφισθὲν

513 4375 577 4428 ἐν
629 4375 840 4430 πᾶσιν
888 4372 971 4435 ὥς
1014 4379 1235 4430 εἰπεῖν
1291 4383 1433 4436 τοῖς
1478 4377 1658 4432 ἔτεσι

514 4441 652 4514 πρός
703 4464 849 4505 τινος
904 4447 1015 4502 τῶν
1074 4443 1162 4500 ἀεὶ
1217 4443 1664 4536 στρατηγούντων

516 4516 809 4602 Cycneae-u
841 4516 910 4570 τὰ
962 4518 1026 4570 δὲ
1061 4517 1143 4602 δὴ
1178 4515 1581 4604 Αὖγουστάλια,
1625 4537 1660 4571 α

516 4589 607 4637 καὶ
642 4589 740 4640 νῦν
776 4607 980 4660 αγεται,
1012 4584 1133 4643 τότε
1171 4591 1391 4662 πρῶτον
1427 4592 1489 4645 ἐκ
1530 4587 1662 4660 δόγ-

1732 3588 1912 3661 ,νετοῤ
1913 3585 2212 3640 ‘concludi
2241 3602 2405 3654 posse
2424 3585 2674 3655 putavit,

1754 1455 1930 1508 ματος
1974 1436 2252 1500 ἐτελέσθη.
2253 1435 2290 1466 “
2361 1433 2524 1502 Quod
2562 1433 2792 1502 quidem
2823 1429 2892 1485 far

1756 1515 1909 1563 ctum
1946 1513 2032 1562 est
2054 1526 2104 1562 a.
2124 1507 2249 1561 743.
2307 1505 2470 1561 Adde
2502 1506 2694 1560 locum
2717 1503 2891 1559 Sueto-

1755 1580 1838 1634 nii
1879 1579 1976 1634 vit.
2015 1577 2210 1634 Octav.
2235 1579 2332 1632 57:
2375 1577 2651 1647 „Equites
2673 1575 2893 1632 Romani

1754 1652 2000 1706 natalem
2037 1651 2154 1706 eius
2192 1653 2390 1720 sponte
2427 1655 2598 1718 atque
2637 1663 2891 1704 consensu

1756 1723 1927 1778 biduo
1963 1738 2170 1792 semper
2206 1721 2620 1786 celebrarunt&
2664 1725 2726 1775 et
2759 1719 2893 1772 vide·

1755 1795 1843 1850 bis
1889 1798 2104 1850 certum
2148 1810 2356 1847 annum
2393 1809 2558 1847 versu
2593 1791 2630 1845 9
2670 1809 2784 1846 non
2823 1791 2892 1843 in·

1756 1863 2442 1936 dicari.1ntellegendus
2476 1869 2674 1919 autem
2707 1861 2894 1918 natalis

1755 1939 1874 1993 dies
1913 1941 1998 1992 est
2022 1937 2286 2008 Augusti,
2321 1953 2434 1991 non
2471 1935 2591 1990 divi
2629 1935 2894 1990 Caesaris·

1755 2026 1887 2064 nam
1925 2009 2146 2063 etiamsi
2181 2011 2471 2078 Augustus
2515 2011 2690 2062 natus
2741 2011 2822 2060 est
2851 2021 2892 2058 s-

1755 2082 1810 2136 d.
1845 2081 1994 2135 XIV.
2045 2080 2173 2134 Kal.
2211 2079 2460 2146 Octobr„
2503 2079 2686 2133 Iulius
2724 2083 2894 2132 autem

1758 2152 1960 2208 Caesar
1995 2169 2045 2206 a.
2083 2151 2139 2205 d.
2176 2151 2272 2205 IV.
2317 2151 2402 2206 Id.
2439 2119 2706 2218 Quintil„
2749 2148 2894 2204 aesti-

1755 2243 1885 2279 vam
1905 2227 2129 2278 noctem
2151 2240 2204 2277 v.
2225 2223 2328 2275 11·
2310 2241 2372 2276 ιιι
2385 2222 2712 2292 Septembri
2727 2235 2894 2275 mense

1755 2300 1907 2352 recte
1927 2295 2157 2350 licebit'
2140 2295 2411 2363 invenire,
2439 2295 2780 2363 praesertim
2806 2291 2893 2345 suh

1755 2367 1956 2422 Italiae
2011 2366 2307 2421 mitissimo
2367 2366 2541 2420 caele.
2631 2365 2708 2420 cf.
2745 2364 2892 2433 Verg-

1756 2437 1959 2494 Geor.
1980 2439 2148 2507 1,311
2174 2456 2255 2506 sq.
2277 2436 2692 2508 Calpurn.1,1.
2731 2435 2893 2506 „Non-

1755 2509 1889 2565 dum
1988 2511 2058 2564 lis
2096 2526 2268 2578 equos
2291 2508 2523 2564 declivis
2557 2509 2793 2580 mitigat
2820 2523 2894 2560 ae-

1755 2587 1887 2647 stas,
1925 2581 2192 2650 Quamvis
2229 2586 2290 2635 et
2313 2581 2558 2635 madidis
2583 2579 2894 2634 incumbant

1753 2656 1912 2725 prela
1946 2653 2182 2708 racemis
2201 2652 2279 2707 Et
2303 2657 2566 2723 spument
2601 2669 2777 2707 rauco
2799 2650 2892 2704 fer-

1755 2727 1948 2781 ventia
2001 2729 2188 2779 musta
2242 2727 2506 2780 susurro.⁴
2491 2723 2525 2754 ‘⁴
2617 2723 2705 2778 Et
2740 2739 2892 2794 qusn-

1756 2815 1925 2867 quam
1945 2795 2214 2852 Horatius
2250 2795 2479 2866 quidem
2513 2795 2638 2865 ipse
2660 2791 2894 2865 Epist-1,

1759 2871 1843 2938 16,
1876 2871 1942 2924 16
1981 2868 2314 2941 Septembres
2345 2869 2511 2922 horas
2541 2869 2712 2939 gravi
2755 2865 2894 2922 addit

1756 2947 2042 3008 autumnO,
2100 2939 2509 2994 recordandum
2575 2945 2771 2994 tamen
2823 2940 2896 2991 est

1755 3015 1938 3067 varios
1993 3029 2110 3066 esse
2145 3011 2507 3097 Septembres
2567 3011 2700 3066 aliis
2753 3009 2893 3064 annis

1753 3085 1974 3155 tepidos
2011 3083 2188 3155 magis
2223 3090 2282 3138 et
2315 3083 2560 3138 aestivos
2587 3083 2719 3137 aliis
2751 3081 2891 3150 frigi·

1753 3156 1855 3211 dos
1893 3163 1952 3211 et
1987 3156 2356 3210 autumnales.
2414 3153 2677 3209 Ritterus
2713 3170 2782 3208 ex
2803 3152 2894 3206 hoc

1752 3228 1877 3283 loco
1913 3227 2080 3282 Dion.
2107 3227 2254 3282 Cass.
2275 3224 2423 3295 LIV,
2451 3229 2508 3280 8:
2551 3231 2684 3294 „mxl
2717 3223 2751 3292 ἡ
2781 3221 2890 3278 ἰΙιυ-

1753 3303 1841 3352 λία
1894 3297 1994 3352 τὸν
2045 3293 2217 3352 Γαῖον
2267 3265 2668 3369 ὀνομασθέντα
2731 3299 2892 3351 ἔτεκε·

1753 3375 2025 3458 βουθυσία
2057 3375 2120 3424 τέ
2151 3389 2231 3430 τις
2263 3376 2378 3430 τοῖς
2409 3372 2722 3438 γενεθλίοις
2750 3364 2892 3421 αι’ποό

1753 3439 1930 3502 ἀΐδιος
1965 3436 2160 3508 ἐδόθη.
2207 3445 2318 3495 Καὶ
2351 3441 2509 3494 τοῦτο
2549 3441 2668 3526 μὲν
2702 3441 2764 3494 ἐκ
2799 3451 2891 3507 ψη·

1755 3520 2052 3586 φίσματος,
2089 3511 2266 3582 ὥςπερ
2286 3533 2396 3566 που
2432 3517 2524 3566 καὶ
2559 3506 2750 3580 ταλλα,
2785 3512 2890 3579 ἔγέ·

2776 3585 2871 3637 istu

1755 3657 1869 3712 lam
1893 3657 2002 3712 scri
2045 3662 2162 3711 tam
2195 3673 2313 3711 esse
2336 3657 2532 3727 paucis
2559 3601 2890 3724 diebuefpost

1755 3734 1952 3784 natum
2055 3729 2205 3784 aium
2256 3727 2799 3796 Caesarem,1uliae
2843 3727 2890 3777 et

1755 3801 2046 3886 Agrippae
2103 3799 2300 3870 filium,
2336 3819 2385 3856 a.
2410 3802 2534 3854 784.
2625 3798 2698 3854 Id
2731 3799 2778 3852 ai
2811 3813 2888 3851 vo-

1755 3874 1952 3927 luisset
2005 3876 2172 3942 poeta
2224 3891 2277 3926 v.
2315 3874 2350 3926 9
2399 3871 2669 3956 indicare,
2705 3869 2888 3926 elarius

1756 3944 2069 4015 scripsisset
2105 3961 2171 3998 ao
2205 3943 2277 3998 de
2321 3943 2545 4014 imperii
2591 3943 2888 4009 civiumque

1756 4019 2258 4156 333'33302332?
2282 4013 2616 4174 ῧῗὲιῖἒῗέῗ
2625 4011 2886 4168 2113032?

1755 4158 2190 4301 mazara&
2203 4157 2300 4283 23⁸
2339 4153 2421 4284 2³3²
2462 4153 2882 4297 ᾒεῗὝ-’,ῒῖἲ

1757 4319 1915 4357 στου
1957 4303 2338 4372 γενεθλίοις
2371 4303 2462 4354 καὶ
2500 4305 2718 4370 θηρίων
2754 4316 2884 4370 σφα·

1753 4371 1858 4446 γάς
1896 4373 2219 4440 ἔπνιοίησοτνέι

1827 4445 1892 4500 V.
1926 4450 1970 4500 1.
2030 4444 2082 4500 si
2109 4441 2296 4514 potes]
2335 4441 2566 4498 Solebat
2601 4443 2754 4497 enirn
2767 4439 2879 4494 Tor·

1756 4522 1959 4588 quatus
2011 4517 2164 4571 laute
2225 4531 2292 4570 ac
2349 4513 2644 4599 splendide
2701 4513 2880 4569 vivers-

1758 4590 1904 4645 Cave
1937 4589 2118 4660 igitur
2149 4605 2220 4644 ne
2245 4587 2393 4644 hunc
2415 4585 2604 4642 virum
2639 4583 2880 4644 avaritiae
