3092 5059
499 207 625 272 570

1391 210 2010 281 EPISTULARUM

595 393 898 496 Decipit
945 397 1342 497 exemplar
1399 397 1606 476 vitiis
1658 399 2066 496 imitabile3
2114 399 2397 501 quodsi

598 518 979 597 Pallerem
1035 549 1237 619 casu,
1293 525 1651 602 biberent
1700 550 2089 622 exsangue
2142 525 2559 604 cuminum.

599 643 666 719 Ο
721 647 1168 744 imitatores,
1221 675 1532 727 servum
1585 675 1842 751 pecus,
1894 663 1983 726 ut
2032 651 2223 726 mihi
2274 677 2509 750 saepe

513 802 565 841 ιο
599 767 874 869 Bilem,
928 799 1158 875 saepe
1209 774 1468 850 iocum
1526 775 1762 850 vestri
1812 799 2129 852 movere
2178 775 2587 852 tumultus!

596 894 880 972 Libera
929 921 1072 996 per
1123 921 1445 972 vacuum
1501 897 1728 997 posui
1782 898 2109 995 vestigia
2158 901 2545 998 princeps,

595 1019 772 1095 Non
824 1021 1080 1097 aliena
1126 1046 1296 1097 meo
1350 1023 1599 1122 pressi
1647 1022 1871 1120 pede.

595 1146 772 1220 Dux
823 1159 1047 1242 reget
1099 1171 1448 1224 examen.

1976 1023 2131 1118 Qui
2180 1026 2329 1102 sibi
2378 1025 2593 1123 fidet,

1550 1147 1818 1224 Parios
1872 1175 2019 1247 ego
2068 1152 2367 1249 primus
2418 1153 2737 1231 iambos

598 1269 924 1347 Ostendi
971 1271 1214 1367 Latio,
1271 1297 1634 1348 numeros
1687 1275 2138 1373 animosque
2188 1289 2489 1352 secutus

513 1429 565 1469 aa
601 1396 1072 1493 Archilochi,
1121 1422 1279 1472 non
1325 1422 1452 1472 res
1503 1410 1579 1473 et
1612 1399 1925 1494 agentia.
1975 1400 2215 1476 verba
2262 1400 2755 1500 Lycamben.

597 1523 718 1598 Ac
767 1549 866 1599 ne
920 1547 1042 1598 me
1093 1521 1304 1600 foliis
1351 1523 1529 1599 ideo
1582 1523 2063 1600 brevioribus
2116 1551 2367 1622 ornes,

599 1648 830 1741 Quod
877 1647 1099 1723 timui
1153 1659 1448 1724 mutare
1497 1648 1773 1725 modos
1830 1663 1909 1726 et
1962 1650 2321 1728 carminis
2374 1665 2671 1728 artem:

494 1841 638 1896 Vide
673 1841 747 1896 ad
781 1841 964 1911 Epist.
990 1841 1036 1910 Ι,
1061 1842 1112 1910 9,
1142 1844 1222 1896 11.
1260 1841 1376 1898 Sat.
1413 1843 1460 1912 Ι,
1484 1843 1536 1910 4,
1563 1843 1647 1898 90.

497 1913 546 1978 1,
583 1913 666 1978 10,
707 1914 790 1967 13.

566 1984 633 2039 V.
659 1986 742 2038 17.
767 1983 942 2053 vitiis]
968 1985 1424 2056 coniungendam
1445 1988 1506 2039 et
1523 2002 1651 2040 cum

432 2097 440 2104 -
497 2056 704 2128 decipit
741 2061 800 2110 et
838 2072 968 2111 eum
991 2056 1276 2112 imitabile·
1321 2057 1432 2112 Cic.
1459 2057 1530 2112 de
1554 2055 1650 2113 Or.

496 2127 571 2196 11,
598 2129 686 2196 22,
712 2129 806 2181 90.
860 2127 1100 2196 „Multos
1138 2129 1452 2184 imitatores
1485 2146 1653 2198 saepe

496 2200 1278 2341 ffiffsssslsszmqillssssissasfflw
1293 2200 1653 2342 ἓῗὲζίἓέἓ

496 2344 704 2398 vitiosa
719 2346 1113 2398 consectantur
1131 2290 1458 2400 ιιιιιβιῃιιικιο.ιι
1432 2344 1651 2412 “Quin-

495 2415 584 2469 til.
605 2415 675 2483 X,
705 2419 751 2482 1,
781 2416 874 2469 25:
921 2416 1161 2482 „accidit
1197 2416 1302 2484 his,
1343 2417 1460 2484 qui,
1497 2417 1650 2485 quic-

497 2486 636 2556 quid
671 2487 820 2557 apud
855 2487 982 2540 illos
1022 2488 1081 2556 (i.
1121 2506 1167 2542 e.
1203 2488 1378 2543 bonos
1415 2489 1652 2558 scripto-

495 2563 612 2626 res)
638 2559 937 2628 reperitur,
959 2559 1183 2614 dicendi
1211 2560 1391 2630 legem
1427 2565 1650 2629 putant,

496 2633 562 2684 ut
599 2629 882 2685 deteriora
915 2631 1209 2686 imitentur
1233 2648 1299 2686 ac
1336 2649 1394 2686 se
1429 2632 1651 2686 abunde

495 2702 706 2756 similes
759 2707 977 2770 putent,
1031 2703 1079 2755 si
1125 2703 1266 2757 vitia
1319 2721 1374 2758 m
1490 2721 1651 2758 orum

497 2773 960 2841 consequantur-‘⁴
1019 2803 1092 2814 ·-
1149 2775 1422 2829 cuminum
1503 2775 1649 2830 Plin.

497 2845 564 2899 N.
615 2845 684 2898 H.
730 2843 861 2910 XX,
910 2847 1010 2898 14.
1099 2846 1311 2913 „Omne
1369 2847 1651 2901 cuminum

496 2917 770 2986 pallorem
793 2916 1116 2971 bibentibus
1147 2918 1475 2988 gignit.1ta
1499 2923 1651 2974 certe

497 2987 688 3042 ferunt
745 2989 932 3044 Porcii
977 2988 1260 3053 Latronis,
1317 2991 1453 3045 clari
1501 2990 1653 3044 inter

497 3060 798 3129 magistros
821 3061 1064 3127 dicendi,
1089 3066 1461 3117 assentatores
1499 3062 1650 3116 simi·

497 3130 796 3186 litudinem
857 3132 1062 3186 coloris
1122 3132 1321 3188 studiis
1375 3135 1654 3189 contracti

497 3203 801 3258 imitatos!
853 3203 1162 3273 Eoesanque
1197 3205 1516 3274 appellatur
1551 3223 1654 3274 per

497 3275 802 3343 prolepsim
839 3277 1137 3343 quandam.
1174 3281 1240 3330 ut
1265 3277 1480 3345 pallida
1503 3293 1653 3332 mors

499 3345 680 3400 Carm.
728 3346 770 3410 Ι,
819 3349 873 3414 4,
927 3349 1006 3400 13.
1052 3377 1124 3387 --
1167 3347 1454 3418 tumultus]
1522 3349 1655 3403 vani

498 3423 729 3472 conatus
773 3418 1034 3473 imitandi
1081 3437 1147 3474 ac
1193 3419 1544 3488 deprimendi
1566 3421 1653 3474 ·si·

497 3489 614 3543 mul
661 3490 902 3544 Horatii.
969 3491 1186 3545 Deinde
1239 3490 1416 3553 addit,
1466 3508 1537 3545 ne
1596 3509 1653 3546 se

499 3577 722 3630 quoque
767 3561 1110 3617 imitatorem
1149 3563 1273 3632 quis
1321 3561 1491 3630 dicat,
1541 3581 1653 3632 qua

497 3633 718 3688 ratione
745 3633 984 3688 Graecos
1017 3639 1238 3688 secutus
1274 3634 1370 3688 sit:
1411 3633 1654 3688 formam

497 3723 558 3759 se
583 3709 640 3759 et
669 3722 862 3759 versus
893 3707 1192 3774 sumpsisse
1219 3705 1292 3760 ab
1311 3706 1652 3761 Archilocho

499 3781 558 3830 et
581 3777 807 3844 Alcaeo,
843 3793 956 3830 non
992 3795 1082 3830 res
1131 3783 1188 3832 et
1222 3778 1411 3832 verba.
1454 3807 1520 3816 —
1553 3794 1655 3846 per

497 3847 755 3916 vacuum]
807 3849 961 3916 quod
1003 3867 1036 3902 a
1079 3849 1238 3904 nullo
1283 3853 1414 3904 ante
1449 3849 1653 3904 Roma-

495 3937 698 3974 norum
735 3926 1068 3988 occupatum
1106 3920 1234 3976 fuit.
1295 3920 1448 3974 Idem
1487 3921 1559 3974 de
1594 3937 1655 3974 se

497 3991 779 4062 gloriatur
821 3990 1042 4046 Lucret-
1080 3991 1174 4060 IV,
1217 3995 1270 4046 1:
1311 3994 1492 4060 „Avia
1529 3991 1654 4046 Pie·

493 4063 684 4118 ridum
742 4079 982 4133 peragro
1031 4065 1182 4131 loca,
1239 4033 1450 4118 nullius
1517 4069 1649 4118 ante

498 4132 660 4188 Trita
703 4135 871 4188 solof‘
955 4135 1032 4188 Et
1076 4135 1330 4205 Propert.
1369 4135 1463 4198 IV,
1505 4138 1555 4202 1,
1595 4138 1653 4189 3:

501 4205 757 4274 „Primus
785 4223 889 4277 ego
909 4206 1198 4276 ingredior
1221 4225 1362 4276 puro
1400 4207 1470 4263 de
1499 4205 1659 4262 fonte

498 4277 752 4332 sacerdos
779 4277 888 4332 Ital
891 4296 925 4331 a
961 4295 1062 4346 per
1087 4277 1284 4334 Graios
1310 4279 1472 4348 orgia
1508 4278 1657 4333 ferre

499 4349 752 4404 chorosst‘
795 4379 860 4389 -—
896 4349 1051 4418 fidet]
1106 4349 1296 4420 Cruq.:
1355 4350 1500 4422 „Qui
1543 4351 1657 4404 sibi

495 4421 649 4488 fidet,
687 4420 805 4474 dux
847 4427 992 4503 πραΰ
1028 4438 1270 4478 examen.
1344 4422 1436 4477 Sic
1483 4421 1655 4476 habet

500 4491 702 4546 Bland.
759 4492 1180 4562 antiquissimus
1239 4511 1364 4548 cum
1415 4493 1542 4548 niv.
1596 4497 1654 4548 et

505 4561 640 4616 Silv.
644 4563 882 4631 ,reliqui
915 4569 1032 4620 tres
1053 4563 1251 4620 Bland.
1279 4565 1490 4621 habent
1507 4563 1652 4632 fidit,

1742 1841 1900 1913 repit,
1956 1847 2263 1911 utrumque
2331 1858 2507 1911 aeque
2568 1846 2761 1902 recte:
2818 1842 2905 1896 alii

1745 1914 1944 1985 legunt
1974 1913 2119 1982 fidit,
2146 1919 2309 1984 reqet,
2338 1913 2491 1983 quod
2526 1931 2651 1970 non
2680 1913 2903 1984 probo!

1745 1985 2026 2040 Futurum
2076 1990 2317 2055 utroque
2364 1986 2489 2041 loco
2536 1985 2647 2041 alii
2694 2003 2905 2055 quoque

1744 2058 1879 2112 boni
1916 2057 2097 2127 codd„
2123 2074 2229 2114 nec
2252 2058 2437 2126 pauci,
2464 2057 2745 2114 obtinent
2770 2055 2903 2127 apud

1746 2129 2037 2196 Orellium,
2072 2130 2249 2184 etiam
2282 2129 2717 2198 montepenul„
2766 2128 2901 2198 apud

1745 2201 2100 2267 Pottierium,
2138 2217 2248 2270 quo
2286 2200 2605 2267 Pulmanni,
2640 2206 2901 2270 quattuor

1746 2272 1896 2343 apud
1932 2272 2285 2328 Lambinum
2335 2273 2637 2328 Bentleius
2683 2273 2759 2328 de
2800 2271 2901 2328 oui·

1744 2291 1903 2400 MSS.
1938 2344 2098 2399 nihil.
2173 2343 2293 2400 Nec
2329 2345 2496 2400 aliter
2531 2345 2797 2414 positum
2828 2349 2899 2398 est

1745 2416 2001 2472 futurum
2052 2433 2221 2484 quam
2272 2417 2425 2485 apud
2480 2416 2592 2471 Cic.
2658 2416 2823 2472 Tune.
2862 2415 2897 2477 Ι,

1744 2490 1844 2543 28:
1904 2505 2107 2558 „quam
2158 2487 2469 2556 (naturam)
2522 2488 2571 2543 si

1746 2560 1960 2629 ducem,
1982 2577 2269 2629 nunquam
2298 2559 2741 2614 abmabimus.“
2776 2557 2895 2638 ibid

1744 2631 1797 2700 1,
1854 2633 1921 2686 6:
1989 2631 2173 2701 „quod
2238 2632 2443 2686 vitium
2500 2629 2847 2702 effugereq

1742 2703 1879 2759 volet
1934 2704 2149 2768 (omnes
2204 2707 2397 2758 autem
2454 2703 2597 2758 velle
2662 2699 2895 2768 dehent),

1744 2774 2011 2830 adhibebit
2068 2773 2477 2845 diligentiamf‘
2524 2774 2671 2830 ibid.
2728 2772 2895 2844 „quod

1744 2847 1805 2901 in
1867 2847 2116 2902 honestis
2180 2847 2349 2900 rebus
2404 2863 2575 2901 curae
2640 2852 2892 2917 ponetur,

1744 2920 1805 2974 id
1841 2920 1965 2972 iure
2000 2917 2340 2972 laudabitur.
2347 2918 2373 2946 “
2444 2917 2737 2972 Futurum
2772 2923 2891 2972 tem·

1744 3007 1847 3060 pus
1940 2994 2274 3058 receperunt
2363 2990 2573 3044 Keller.
2666 2989 2891 3059 Krugoe.

1743 3061 2029 3118 Eckstein.
2092 3059 2448 3130 Doederlin.;
2516 3059 2649 3127 fidit
2701 3100 2716 3115 .
2765 3101 2778 3115 .
2824 3075 2889 3113 re·

1744 3139 1833 3204 aet
1892 3133 2111 3201 Ritter3
2186 3149 2449 3201 praesens
2504 3133 2889 3201 praetulerunt

1746 3205 1955 3273 Haupt.
2019 3203 2264 3258 Meinek.
2342 3203 2574 3258 Linker.
2652 3203 2891 3258 Mueller.

1744 3275 1941 3331 Lehrs.
1980 3305 2051 3315 —
2087 3275 2418 3345 Lycamben]
2457 3275 2589 3330 vide
2624 3276 2707 3332 ad
2726 3271 2886 3344 Epod.

1747 3350 1931 3432 6,13.,
1958 3349 2009 3410 5,
2044 3346 2113 3401 89
2150 3346 2299 3400 unde
2336 3347 2635 3417 intelleges
2674 3347 2887 3402 verbum

1745 3388 2579 3573 &guffiercifgmggqmlllgmb
2586 3420 2887 3558 ἷςοαίιῖιδοξ

1744 3563 2017 3696 ιιι
2004 3561 2489 3702 ruem
2500 3561 2885 3703 erasae

1746 3723 1855 3774 que
1891 3674 1949 3760 e't
1986 3705 2223 3760 Alcaeus
2264 3704 2611 3759 carminibus
2648 3706 2763 3760 suis
2800 3719 2881 3756 nu·

1744 3793 1927 3832 meros
1962 3776 2035 3832 ab
2054 3775 2397 3830 Archilocho
2432 3777 2697 3831 inventos
2734 3772 2883 3830 admi·

1744 3853 2029 3916 seuerunt,
2069 3865 2391 3918 quanquam
2418 3847 2533 3902 alia
2566 3849 2879 3919 arguments

1744 3923 2066 3975 tractarunt
2111 3925 2168 3973 et
2214 3918 2470 3974 ordinem
2522 3936 2747 3989 quoque
2780 3933 2879 3972 ver-

1744 4009 1905 4046 suum
1941 3989 2269 4045 Archilochi
2305 3997 2603 4046 mutarunt
2636 3991 2809 4059 (robus
2838 3992 2879 4040 et

1746 4063 1938 4118 ordine
1973 4061 2214 4132 dispar).
2250 4061 2467 4116 Horum
2494 4062 2763 4132 exemplis
2778 4059 2873 4114 Ho-

1749 4135 1928 4190 ratius
1964 4139 2207 4194 excusat.
2246 4133 2399 4202 quod
2434 4133 2556 4203 ipse
2592 4151 2707 4189 nou
2736 4147 2875 4188 nova,

1748 4205 1847 4262 sed
1884 4205 2008 4260 aliis
2045 4206 2159 4260 iam
2194 4205 2347 4260 culta
2382 4221 2741 4260 numerorum
2764 4205 2875 4284 (ιυρ-

1748 4277 1876 4348 dos)
1939 4283 1997 4332 et
2054 4293 2319 4332 versuum
2378 4273 2565 4330 forma
2622 4294 2746 4333 usus
2796 4273 2871 4326 sit.

1748 4349 1873 4404 Non
1921 4348 2271 4419 significatur
2319 4349 2579 4404 trimeter
2616 4346 2871 4406 iambioe&

1748 4438 1858 4489 quo
1910 4438 2089 4489 neque
2144 4419 2373 4489 Sappho
2428 4437 2615 4490 neque
2659 4419 2867 4474 Ale-m·

1748 4493 1833 4547 usi
1868 4497 2016 4555 sunt,
2054 4491 2153 4546 sed
2172 4497 2357 4546 metra
2380 4491 2575 4562 qualia
2596 4495 2727 4548 sunt
2744 4484 2865 4558 apud

1746 4561 1947 4620 Horat.
1984 4509 2467 4634 Carm.1,4.1V,
2507 4557 2866 4634 7.Epod.11.
