3092 5059
1163 243 1443 310 LIBER.
1520 242 1768 311 GARM.
1813 244 1928 311 ΠΙ.

2625 242 2750 307 297

1262 459 1642 548 GARMEN
1701 462 1848 547 111.

754 642 1101 720 Parentis
1154 643 1340 720 olim
1391 643 1455 719 si
1508 644 1679 745 quis
1732 644 1976 742 impia
2003 671 2258 745 ‘manu

906 830 915 847 .
949 767 1209 845 Senile
1258 781 1527 865 guttur
1577 746 1922 867 fregerit,

755 889 937 969 Edit
986 892 1251 969 cicutis
1302 892 1543 969 alium
1593 893 2011 971 nocentius.

956 1014 1025 1094 Ο
1082 1015 1275 1093 dura
1322 1042 1749 1095 messorum
1803 1018 1978 1095 ilia!

664 1172 729 1237 „a
763 1141 971 1234 Quid
1017 1141 1165 1217 hoc
1211 1144 1488 1219 veneni
1539 1146 1780 1220 saevit
1825 1146 1906 1220 in
1963 1145 2487 1243 praecordiis?

951 1266 1153 1343 Num
1220 1269 1614 1365 viperinus
1667 1270 1784 1345 his
1838 1297 2065 1347 cruor

768 1390 1126 1471 Incoctus
1182 1393 1449 1471 herbis
1496 1422 1624 1471 me
1673 1394 2003 1473 fefellit?
2055 1422 2156 1475 an
2206 1396 2448 1473 malas

954 1516 1280 1597 Canidia
1331 1522 1690 1597 tractavit
1741 1518 2028 1623 dapes?

753 1642 851 1721 Ut
901 1642 1397 1743 Argonautas
1452 1660 1758 1746 praeter
1808 1672 2073 1724 omnes
2119 1645 2534 1723 candidum

675 1801 724 1837 ιο
950 1769 1229 1847 Medea
1280 1773 1556 1849 mirata
1609 1785 1722 1849 est
1771 1771 2068 1870 ducem,

752 1892 1033 1991 Ignota
1081 1898 1321 1975 tauris
1372 1897 1850 1997 illigaturum
1900 1900 2086 1998 iuga

952 2020 1321 2099 Perunxit
1370 2024 1519 2100 hoc
1569 2024 1962 2119 Iasonem3

758 2146 932 2225 Hoc
982 2146 1347 2224 delibutis
1390 2146 1554 2223 ulta
1603 2147 1828 2223 donis
1878 2145 2275 2247 paelicem,

952 2270 1323 2369 Serpente
1372 2274 1580 2371 fugit
1630 2275 1832 2351 alite.

672 2430 717 2471 us
748 2394 911 2474 Nec
961 2410 1214 2475 tantus
1258 2424 1599 2498 unquam
1649 2396 1993 2475 siderum
2047 2397 2332 2475 insedit
2386 2420 2630 2495 vapor

953 2521 1405 2602 Siticulosae
1456 2523 1816 2625 Apuliae,

712 2774 991 2831 Carmen
1025 2774 1125 2830 ΙΙΙ.

416 2886 653 2945 Videtur
716 2891 852 2946 olim
911 2890 1203 2946 Maecenas
1258 2892 1495 2949 Horatio

344 2962 620 3017 rusticum
672 2962 899 3032 aliquod
944 2962 1206 3028 edulium,
1258 2965 1495 3019 fortasse

342 3038 640 3102 moretum,
696 3052 765 3089 ex
822 3035 933 3089 alio
982 3035 1295 3091 confectum
1347 3052 1492 3091 com-

342 3104 715 3174 mendaviss03
756 3107 907 3175 quod
930 3124 1055 3162 cum
1079 3111 1361 3179 gustasset
1381 3108 1505 3162 Ηο-1

343 3176 522 3232 ratius
575 3178 901 3247 visceraque
954 3177 1154 3233 ardore
1200 3182 1257 3232 et
1300 3179 1495 3234 dolore

342 3248 566 3304 adfecta
614 3248 865 3317 haberet,
923 3250 1125 3304 seriam
1177 3251 1224 3304 is
1271 3268 1389 3305 rem
1435 3252 1496 3305 in

346 3322 531 3375 iocum
563 3320 752 3382 vertit,
792 3326 1111 3377 exsecratur
1132 3322 1307 3376 alium
1330 3322 1494 3377 diris-

342 3392 499 3447 simis
543 3392 771 3446 venenis
817 3394 1123 3461 nocentius,
1162 3393 1493 3449 Maecenati-

345 3480 473 3590 gue,
492 3463 649 3519 euius
669 3464 855 3520 iocosa
876 3464 1116 3533 quadam
1143 3466 1497 3537 malignitate

386 3538 641 3606 eoeptum
690 3552 750 3590 se
793 3536 979 3600 sentit,
1035 3536 1278 3591 iocosam
1326 3538 1495 3591 etiam

340 3623 580 3678 poenam
636 3611 810 3677 optat.
886 3606 1008 3675 Quo
1060 3625 1208 3664 anno
1273 3626 1495 3663 carmen

343 3679 615 3749 scriptum
657 3680 733 3733 sit
766 3695 881 3733 non
926 3680 1128 3763 liquet5
1184 3696 1363 3749 neque
1410 3685 1495 3735 ta-

345 3767 473 3805 men
494 3748 854 3805 vehementer
878 3768 1172 3815 erraveris,
1198 3752 1243 3805 si
1262 3756 1497 3822 propter

345 3820 791 3876 familiaritatem
838 3839 950 3891 qua
1002 3840 1131 3878 cum
1174 3822 1497 3879 Maecenate

343 3896 512 3963 poeta
558 3893 885 3949 coniunctus
936 3894 1047 3949 iam
1086 3895 1233 3949 vixit
1280 3895 1497 3950 duobus

342 3964 595 4020 tribusve
643 3970 773 4035 post
813 3965 925 4021 iter
963 3966 1363 4022 Brundisinum
1402 3986 1495 4023 an·

344 4036 432 4091 nis
466 4036 607 4091 talia
642 4036 813 4091 scribi
926 4038 1097 4092 tuisse
1131 4043 1310 4108 putes.

416 4106 480 4163 V.
504 4110 552 4163 1.
587 4108 741 4178 olim]
764 4108 822 4163 vi
863 4126 893 4164 e
913 4110 985 4164 ad
1007 4109 1186 4164 Cat-m.
1206 4109 1278 4178 ΙΙ,
1305 4112 1387 4179 10,
1410 4112 1493 4164 17.

342 4208 411 4220 --
440 4180 683 4249 freyn-it]
726 4178 907 4235 Carm.
936 4181 1007 4247 11,
1039 4182 1121 4249 13,
1148 4182 1210 4250 63
1248 4198 1361 4251 quo
1384 4200 1495 4237 soe·

342 4251 461 4306 lere
482 4252 710 4323 gravius
736 4252 955 4307 nullum
980 4256 1083 4307 est.
1108 4282 1179 4293 —
1210 4252 1323 4308 edit
1378 4253 1491 4309 Sat.

344 4322 418 4391 Π,
442 4324 495 4387 8,
521 4324 611 4377 90.
646 4323 836 4377 Etiam
877 4324 987 4379 Cic.
1024 4324 1097 4379 ad
1122 4324 1276 4380 Fam.
1386 4366 1401 4395 ,
1426 4328 1497 4379 ΞΟ

345 4411 451 4463 „ne
488 4394 815 4449 comedim.“
902 4396 1154 4465 Antiqua
1192 4396 1389 4451 forma.
1428 4426 1494 4437 -

340 4464 657 4535 memorum]
696 4466 793 4535 qui
830 4466 980 4521 ferre
1014 4469 1233 4537 possint
1256 4472 1377 4523 tam
1412 4468 1494 4522 di-

344 4554 471 4591 rum
507 4553 799 4592 venenum.
871 4537 1224 4594 Exclamatio
1260 4540 1498 4595 admira-

344 4608 557 4663 tionem
577 4609 863 4679 exprimit.
898 4608 971 4664 οἱ.
992 4608 1155 4681 Verg.
1180 4608 1317 4666 Buc.
1336 4610 1387 4677 2,
1412 4612 1498 4665 10.

1599 2750 1760 2806 ovid.
1799 2750 1933 2804 Met.
1973 2747 2122 2817 XIV,
2163 2748 2295 2802 643:
2350 2746 2579 2815 „habitu
2619 2745 2748 2799 duri

1597 2822 1907 2877 messoris.“
1965 2850 2032 2860 —
2087 2819 2372 2889 viperinas
2435 2818 2626 2886 eruor]
2683 2820 2750 2870 ut

1599 2894 1780 2948 Carm.
1808 2894 1855 2959 Ι,
1873 2894 1926 2962 8,
1945 2894 1998 2956 9,
2036 2890 2550 2962 praesentissimum
2585 2904 2748 2943 vene-

1595 2982 1748 3019 num.
1791 2994 1854 3004 —
1894 2963 2162 3029 Canidia]
2203 2961 2334 3017 vide
2368 2960 2442 3016 ad
2484 2959 2664 3030 Epod.
2697 2960 2748 3013 5.

1600 3064 1662 3076 —-
1703 3037 1988 3105 tractavit]
2027 3035 2095 3090 ef.
2135 3034 2314 3087 Carm.
2347 3032 2420 3101 11,
2452 3036 2540 3101 13,
2571 3032 2651 3085 10.
2679 3060 2745 3071 —

1589 3112 1815 3178 praeter
1872 3106 2073 3177 omnes]
2151 3104 2552 3176 Ooniungenda
2612 3103 2749 3157 haec

1598 3197 1724 3235 eum
1769 3179 1974 3233 mirata
2020 3183 2130 3245 est3
2185 3194 2311 3231 cum
2354 3176 2596 3245 quadam
2641 3175 2749 3229 ele·

1597 3252 1794 3322 gantis.
1817 3249 2124 3321 promayt‘s
2159 3263 2338 3317 quam.
2377 3247 2557 3316 Epod.
2589 3248 2672 3313 11,
2692 3248 2744 3300 8.

1600 3324 1779 3378 Carm.
1817 3322 1889 3385 11,
1931 3323 1981 3390 6,
2021 3322 2104 3374 13.
2157 3348 2222 3359 --
2273 3319 2549 3389 Iasonem]
2601 3322 2666 3371 ut
2701 3317 2748 3371 is

1597 3395 1858 3450 resistere
1906 3396 2096 3463 posset
2141 3390 2379 3444 flammis
2428 3406 2569 3459 quas
2625 3393 2747 3443 tau·

1599 3483 1694 3520 rus
1741 3482 1999 3520 evomere
2044 3461 2275 3517 solebat.
2333 3490 2398 3501 —
2456 3462 2577 3530 hoc]
2625 3460 2749 3515 Ma-

1599 3555 1711 3609 gna
1747 3552 1874 3591 cum
1910 3536 1968 3589 vi
2006 3533 2286 3604 repetitur
2329 3550 2642 3603 pronomen
2679 3548 2748 3586 ex

1599 3609 1888 3679 superiore
1939 3624 2124 3675 versu,
2179 3622 2291 3674 quo
2345 3604 2488 3659 nihil
2540 3604 2748 3659 certius

1600 3698 1716 3736 esse
1755 3679 2036 3734 indicetur
2069 3677 2180 3731 nisi
2215 3693 2490 3731 venenum
2520 3675 2748 3731 Medeae

1599 3770 1668 3807 ex
1713 3751 1824 3806 alio
1873 3750 2042 3805 fuisse
2085 3748 2314 3803 factum.
2365 3776 2436 3788 —
2474 3746 2748 3817 paelicem]

1599 3824 1670 3879 cf.
1708 3822 1887 3892 Epod.
1927 3824 1977 3890 6,
2014 3823 2084 3875 63
2119 3838 2241 3890 sqq.
2281 3818 2386 3873 Est
2415 3818 2624 3873 Glauce
2659 3817 2748 3873 vel

1600 3896 1826 3961 Creusa,
1851 3894 2104 3949 Creontis
2139 3892 2290 3962 regis
2311 3890 2590 3945 Corinthii
2612 3888 2750 3957 filia,

1599 3984 1767 4037 quam
1797 3984 1924 4020 cum
1941 3965 2106 4019 Iason
2128 3964 2188 4017 in
2205 3962 2626 4017 matrimonium
2647 3960 2747 4015 du-

1597 4040 1788 4107 xisset,
1825 4036 2119 4107 repudiata
2137 4034 2336 4089 Medea
2358 4034 2513 4103 palla
2533 4049 2748 4087 veneno

1598 4110 1816 4164 imbuta
1853 4108 2180 4175 combussit3
2217 4121 2329 4176 quo
2366 4105 2518 4160 facto
2551 4103 2748 4159 Medea

1599 4200 1766 4237 curru
1817 4180 2152 4235 draconibus
2195 4178 2362 4233 alatis
2411 4176 2602 4230 iuncto
2645 4192 2749 4244 per

1598 4256 1785 4309 aerem
1807 4250 2057 4307 Athenas
2077 4248 2316 4320 aufugit.
2355 4247 2425 4302 ef.
2449 4247 2630 4301 Germ.
2652 4246 2746 4309 lv,

1602 4327 1628 4378 1
1641 4327 1687 4394 1,
1699 4324 1784 4378 26.
1799 4352 1866 4363 —
1877 4322 2071 4394 vapor]
2092 4320 2322 4392 proprie
2331 4318 2514 4374 calida
2525 4317 2746 4373 exhala-

1597 4397 1698 4453 tio.
1711 4394 1914 4450 deinde
1927 4396 2046 4463 ipse
2056 4394 2209 4448 calor
2219 4392 2368 4446 unde
2377 4390 2477 4445 illa
2486 4388 2749 4445 efficitur.

1599 4468 1692 4523 Sic
1713 4466 2008 4521 Lucretius
2025 4465 2098 4528 11,
2128 4466 2249 4517 1482
2280 4480 2493 4533 „vapor
2514 4462 2561 4516 is
2580 4478 2746 4530 quem

1599 4540 1682 4594 sol
1705 4537 1938 4593 mittit-‘⁴
1969 4537 2080 4591 Cic.
2101 4536 2172 4590 de
2190 4535 2314 4589 Sen.
2340 4536 2423 4596 16,
2446 4536 2531 4588 61.
2559 4532 2748 4589 Senec-

1601 4609 1798 4680 Oedip.
1816 4610 1910 4664 47:
1936 4607 2082 4678 „Sed
2093 4607 2283 4681 gravis
2301 4612 2360 4663 et
2377 4611 2502 4663 ater
2521 4605 2751 4661 incubat
