3092 5059
1055 268 1328 335 LIBER.
1404 266 1657 335 GARM.
1702 266 1785 333 X.
1828 266 1943 331 XI.

2559 266 2683 331 315

684 459 970 558 Opima
1021 459 1297 560 quodsi
1350 459 1643 559 praeda
1694 482 1929 534 curvo
1980 456 2209 533 litore

885 584 1250 661 Pori-ecta
1303 608 1610 680 mergos
1662 582 1969 679 iuveris,

686 708 1182 786 Libidinosus
1233 707 1763 785 immolabitur
1814 732 2044 805 caper

883 834 980 909 Et
1031 858 1234 931 agna
1286 833 1924 932 Tempestatibus.

1198 1147 1583 1235 CARMEN
1646 1150 1789 1234 XI.

389 1310 610 1408 Petti,
662 1311 854 1387 nihil
909 1338 1032 1388 me
1074 1312 1272 1388 sicut
1321 1325 1549 1389 antea
1597 1314 1813 1388 iuvat

489 1436 842 1513 Scribere
896 1436 1316 1513 versiculos
1361 1462 1625 1513 amore
1674 1462 2121 1537 percussum
2174 1436 2416 1535 gravi,

390 1556 706 1655 Amore,
765 1560 899 1660 qui
945 1585 1072 1636 me
1123 1573 1432 1659 praeter
1483 1586 1749 1637 omnes
1802 1561 2085 1661 expetit

489 1683 856 1760 Mollibus
909 1684 990 1761 in
1041 1685 1300 1783 pueris
1343 1697 1476 1761 aut
1525 1686 1607 1761 in
1656 1684 1935 1783 puellis
1977 1711 2227 1763 urere.

335 1841 361 1883 ε
395 1808 548 1884 Hic
598 1809 866 1885 tertius
917 1808 1366 1905 December,
1421 1835 1514 1887 ex
1567 1835 1719 1909 quo
1775 1810 2031 1887 destiti

488 1933 808 2011 Inachia
858 1936 1144 2032 furere,
1197 1934 1416 2011 silvis
1465 1935 1837 2012 honorem
1894 1936 2201 2013 decutit.

285 2177 558 2234 cadavere
603 2181 848 2233 extento.
902 2177 995 2233 Sic
1029 2194 1218 2235 omnes
1255 2177 1439 2247 eodd.;

288 2250 610 2305 coniectura
661 2248 904 2304 Bentleii
965 2250 1215 2321 proiecta
1275 2248 1441 2304 facile

286 2339 556 2377 caremus.
576 2349 644 2361 -
663 2321 866 2377 iuveris
927 2320 1020 2377 Sic
1044 2339 1170 2377 cum
1199 2320 1438 2376 Meinek.

286 2392 734 2463 Haupt.Linker.
753 2393 860 2448 Kel
883 2411 960 2448 er.
970 2392 1222 2447 Mueller.
1243 2391 1438 2447 Lehrs.

285 2464 571 2520 Eckstein.
599 2464 822 2521 Schiitz.
857 2482 926 2519 ex
962 2467 1180 2519 minore
1215 2464 1441 2533 quidem

285 2541 446 2607 perte
491 2535 666 2605 MSS„
724 2536 821 2591 sed
873 2554 1042 2606 quam
1101 2553 1441 2620 magnopere

291 2607 524 2664 adiuvat
552 2608 968 2663 Commentator
1003 2608 1254 2677 Gruqmi,
1291 2608 1442 2677 apud

288 2697 456 2750 quem
491 2684 576 2734 est
604 2679 842 2751 paveris.
875 2678 1115 2734 Plurimi
1156 2679 1318 2734 codd.
1353 2680 1438 2733 iu·

283 2752 438 2807 verit.
493 2751 586 2804 Ad
627 2751 978 2820 sententiam,
1016 2768 1160 2820 quse
1195 2752 1344 2807 inest
1379 2752 1440 2805 in

286 2822 477 2885 verbe,
514 2840 776 2893 compare
793 2822 977 2877 Pleut.
1009 2822 1166 2893 Capt.
1190 2822 1234 2885 1,
1261 2824 1312 2891 2,
1337 2824 1434 2878 23:

289 2910 500 2963 „neque
523 2911 773 2963 unquam
811 2896 1110 2964 quicquum
1134 2912 1227 2949 me
1262 2895 1437 2960 iuvet,

285 2966 438 3035 quod
462 2966 567 3021 edo
589 2965 795 3020 domi.“
833 2964 974 3021 Stat.
997 2966 1129 3021 Silv.
1149 2966 1245 3035 IV,
1264 2967 1316 3029 9,
1339 2967 1404 3020 51
1423 2990 1435 3021 :

285 3040 440 3105 „Aut
475 3055 602 3092 cum
637 3055 728 3092 me
764 3037 908 3107 depe
951 3038 1158 3093 iuveris
1193 3038 1437 3107 opime-‘⁴

285 3106 520 3176 Quintil.
543 3109 790 3163 Declem.
809 3109 908 3179 IX,
924 3112 1013 3164 15:
1041 3109 1134 3179 „Si
1154 3110 1438 3165 hominem

286 3179 414 3251 cibo
440 3180 756 3235 iuvissem.“
778 3210 844 3220 --
864 3180 1088 3251 meu-908]
1123 3180 1230 3249 Qui
1265 3199 1436 3250 quen-

284 3268 454 3321 quam
491 3252 764 3307 cadevera
797 3270 910 3307 non
959 3254 1102 3306 attin
1143 3258 1248 3307 unt
1291 3254 1436 3309 inse-

285 3323 512 3378 tiebiles
548 3328 735 3378 tamen
759 3329 904 3379 sunt.
943 3323 1088 3379 Plin.
1135 3324 1206 3393 X,
1231 3327 1318 3394 37,
1343 3328 1434 3380 79:

285 3394 672 3463 ,Jnsetiebilia
733 3396 1054 3450 animalium
1069 3436 1084 3464 ‚
1141 3397 1342 3465 quibus
1405 3414 1439 3451 a

282 3471 482 3521 ventre
501 3467 758 3537 protinus
783 3472 938 3523 recto
963 3468 1230 3523 intestino
1255 3474 1438 3523 trans-

283 3542 422 3593 eunt
461 3538 592 3606 cibi,
627 3543 692 3592 ut
739 3539 886 3608 lupis
939 3540 1204 3595 cervariis
1249 3546 1307 3595 et
1354 3542 1437 3593 in-

285 3614 375 3663 ter
409 3626 536 3664 sves
579 3611 841 3679 mergis.“
879 3640 944 3649 —
990 3611 1437 3681 Tempestatibus]

286 3680 453 3751 Verg.
490 3683 630 3736 Aen.
667 3680 767 3750 111,
809 3683 930 3735 120.
986 3682 1051 3747 V,
1091 3684 1212 3737 772.

664 3792 934 3850 Carmen
975 3796 1070 3850 XI.

359 3890 530 3958 Apud
575 3890 814 3945 amicum
856 3891 1108 3946 Pettium
1152 3892 1439 3962 conqueri-

284 3965 382 4015 tur
419 3978 477 4015 se
514 3964 807 4030 tantopere
853 3980 1002 4019 nunc
1049 3968 1274 4033 ceptum
1322 3982 1441 4019 esse

285 4050 480 4087 amore
517 4038 582 4087 ut
616 4050 688 4087 ne
723 4052 917 4089 versus
969 4035 1195 4104 quidem
1237 4036 1436 4101 facere,

283 4104 669 4159 dulcissimum
705 4110 837 4160 ente
873 4107 1140 4175 studium,
1177 4113 1278 4162 aut
1314 4125 1439 4177 pos-

283 4176 362 4230 sit
407 4180 509 4230 eut
553 4176 721 4230 velit:
779 4177 920 4231 nihil
970 4196 1030 4233 se
1076 4196 1238 4248 posse
1285 4180 1440 4233 aliud

285 4246 538 4319 cogitare
602 4248 712 4301 nisi
777 4266 1059 4318 amorem3
1121 4251 1316 4305 eodem
1381 4268 1439 4305 se

171 4343 178 4349 ·
285 4336 509 4389 semper
541 4319 632 4373 vel
678 4319 829 4374 ultro
865 4322 1032 4375 trahi.
1115 4322 1332 4377 Pettius
1370 4350 1437 4362 —

287 4391 368 4445 sic
404 4391 464 4443 in
503 4390 752 4459 antiquis
787 4392 1127 4447 editionibus
1153 4398 1212 4449 et
1245 4394 1436 4449 inscri-

284 4462 574 4533 ptionibus
624 4480 826 4517 nomen
870 4465 1138 4519 scribitur
1195 4494 1262 4505 -—
1314 4466 1438 4535 quis

284 4532 463 4588 fuerit
515 4534 812 4602 nescimus3
870 4553 1050 4605 neque
1103 4541 1290 4606 potest
1346 4537 1438 4592 de·

283 4604 438 4659 finiri
487 4622 666 4660 annus
703 4623 814 4675 quo
858 4608 1119 4663 videatur
1166 4609 1438 4679 scriptum

1530 2177 1638 2232 hoc
1672 2194 1915 2245 carmen,
1956 2177 2067 2233 nisi
2112 2177 2263 2247 quod
2296 2179 2480 2234 tribus
2524 2180 2685 2235 annis

1531 2252 1661 2318 post
1731 2248 1912 2318 Epod.
1988 2249 2052 2303 12
2118 2252 2490 2319 compositum
2568 2268 2686 2307 esse

1531 2338 1698 2375 versu
1735 2322 1769 2373 5
1806 2321 2138 2376 ostenditur.
2177 2321 2544 2393 Suspicentur
2580 2323 2684 2394 igi·

1531 2397 1627 2447 tur
1664 2410 1777 2446 nou
1812 2392 1977 2461 mele,
2014 2394 2285 2463 scriptum
2333 2395 2439 2449 hoc
2481 2412 2599 2449 esse
2635 2412 2684 2449 a.

1533 2466 1668 2529 7163
1730 2463 1831 2519 alii
1884 2465 2101 2519 minore
2153 2466 2559 2535 probabilitate
2612 2467 2685 2522 ed

1533 2553 1567 2590 a
1605 2537 1727 2588 720.
1768 2553 1821 2589 v.
1861 2537 1962 2589 721
2001 2536 2363 2592 rettulerunt.

1604 2606 1669 2662 V.
1705 2607 1757 2659 2.
1812 2606 2126 2679 versiculos]
2172 2627 2284 2663 non
2328 2608 2449 2664 sine
2496 2609 2684 2678 aliquo

1531 2682 1859 2749 contemptu
1900 2680 2010 2734 Cic.
2046 2678 2203 2735 Oret.
2230 2681 2319 2746 20,
2348 2683 2417 2734 67
2427 2698 2440 2734 :
2477 2681 2685 2750 „Apud

1533 2767 1671 2819 quos
1734 2748 1997 2819 (comicos
2062 2751 2307 2821 poetes),
2366 2751 2474 2805 nisi
2532 2751 2684 2822 quod

1530 2821 1795 2875 versiculi
1832 2826 1979 2890 sunt,
2014 2822 2157 2876 nihil
2202 2829 2289 2877 est
2322 2822 2477 2877 aliud
2520 2823 2683 2877 cotti-

1531 2892 1688 2947 diani
1740 2892 2009 2949 dissimile
2063 2894 2332 2949 sermonis
2352 2896 2404 2962 ;“
2460 2894 2557 2949 sed
2612 2893 2683 2950 cf.

1531 2964 1649 3020 Sat.
1673 2965 1718 3025 1.
1748 2968 1834 3033 10,
1861 2966 1947 3019 58.
1982 2994 2042 3004 —
2068 2964 2403 3035 percussum]
2447 2965 2685 3021 Vei-ient

1531 3037 1691 3092 codd.
1728 3037 1881 3091 inter
1910 3052 2231 3106 percussum
2266 3043 2325 3091 et
2350 3039 2685 3107 perculsum3

1529 3109 1674 3164 illud
1737 3108 1985 3177 praetuli
2051 3126 2179 3163 cum
2234 3108 2487 3163 Bentleio
2502 3148 2517 3171 ‚
2586 3110 2685 3178 qui

1530 3178 1671 3235 haec
1704 3180 1922 3235 docuit:
1962 3180 2279 3248 „percellere
2324 3181 2503 3234 maius
2548 3181 2686 3250 quid

1530 3270 1701 3379 320²?
1714 3250 2558 3393 vierssssr‘ssiiessgfflfiff‘tssffi.
2580 3252 2686 3379 ’Ἓξ

2119 3363 2133 3389 2

1531 3395 1650 3449 solo
1683 3400 2020 3463 prosternes.
2056 3394 2212 3465 Ergo
2248 3396 2309 3449 in
2335 3412 2397 3449 re
2422 3396 2686 3466 graviore

1525 3466 1809 3535 perculsus
1849 3466 2034 3535 aptius
2078 3467 2414 3522 vocabulum
2458 3472 2565 3533 est3
2620 3467 2681 3521 in

1530 3538 1739 3592 leviore
1770 3537 1995 3593 adfectu
2008 3554 2306 3609 percussus
2322 3538 2509 3608 potius
2528 3538 2680 3594 dixe-

1531 3610 1629 3671 ris,
1664 3608 1761 3663 ubi
1789 3610 2007 3664 enimus
2036 3610 2251 3665 scilicet
2280 3616 2344 3664 ut
2367 3610 2530 3676 ictus,
2556 3628 2680 3665 seu·

1531 3682 1668 3747 cius,
1705 3698 1819 3735 non
1852 3698 2077 3736 eversus
2121 3686 2311 3736 tamen
2357 3686 2413 3735 et
2439 3686 2682 3737 conster-

1529 3756 1713 3807 natus.
1752 3752 1823 3807 cf.
1851 3752 2032 3823 Epod.
2055 3755 2103 3819 7,
2130 3754 2212 3807 16.
2253 3753 2459 3823 Vergil.
2480 3753 2681 3825 Georg.

1531 3824 1603 3892 11,
1640 3825 1765 3877 476.
1816 3825 1953 3878 Aen.
1998 3824 2096 3889 IX,
2137 3826 2289 3879 199.“
2347 3853 2416 3864 —-
2467 3831 2686 3895 praetor

1529 3895 1731 3963 omnes]
1767 3895 1895 3950 vide
1932 3895 2004 3950 ed
2040 3896 2220 3966 Epod.
2257 3898 2307 3960 3,
2344 3898 2395 3951 9.
2430 3926 2493 3936 -
2524 3912 2681 3965 expe-

1530 3965 1600 4020 tit
1644 3966 1817 4035 urere]
1867 3984 1955 4021 me
2002 3984 2141 4037 pree
2196 3968 2452 4022 omnibus
2510 3968 2685 4038 elegit

1531 4056 1697 4107 quem
1734 4042 1879 4092 urat.
1953 4038 2095 4093 Vide
2132 4039 2205 4093 ed
2243 4039 2423 4095 Germ.
2462 4040 2503 4104 1,
2523 4044 2529 4053 ‘
2546 4044 2591 4101 1,
2630 4040 2681 4093 8.

1530 4110 1617 4163 De
1660 4110 2075 4179 praepositione
2117 4111 2185 4164 in
2216 4126 2481 4181 compara
2516 4109 2678 4165 Ovid.

1529 4180 1684 4237 Rem.
1720 4184 1845 4236 Am.
1886 4183 2019 4236 283:
2078 4182 2173 4249 „in
2210 4199 2322 4251 qua
2364 4182 2511 4235 male
2558 4182 2679 4236 vul-

1529 4269 1699 4307 neror
1732 4253 1898 4307 una.“
1936 4254 2011 4307 id.
2049 4253 2183 4308 Met.
2210 4252 2332 4314 Vn.
2372 4255 2467 4305 21:
2508 4254 2679 4322 „quid

1529 4323 1591 4376 in
1609 4324 1844 4393 hospite,
1868 4324 2041 4395 regia,
2056 4325 2219 4396 virgo
2236 4326 2418 4379 ureris
2428 4324 2491 4378 ‘?“
2513 4324 2587 4379 id.
2610 4326 2680 4381 A.

1530 4397 1601 4448 A.
1627 4395 1671 4454 1.
1701 4396 1831 4449 731:
1868 4396 2145 4465 „pallidus
2188 4396 2249 4450 in
2283 4396 2485 4465 Lyrice
2525 4396 2682 4451 silvis

1529 4467 1759 4522 errabat
1793 4466 2021 4522 Orion.“
2059 4467 2281 4522 Terent.
2314 4468 2456 4523 Eun.
2495 4466 2595 4535 111,
2631 4470 2681 4535 5,

1536 4541 1625 4592 19:
1665 4539 1758 4606 „in
1794 4538 1901 4593 hac
1934 4544 2243 4594 commotus
2278 4539 2455 4595 sum.“
2486 4570 2553 4581 —
2588 4539 2683 4594 ho·

1529 4610 1739 4681 norem}
1780 4610 2025 4679 frondes,
2067 4615 2131 4665 ut
2169 4610 2334 4684 Verg.
2370 4612 2571 4683 Georg.
2609 4612 2681 4682 11,
