3092 5059
380 211 504 277 376
1324 207 1831 277 SATIRARUM

481 394 830 471 Perdere.
874 396 1046 493 quis
1099 390 1358 471 velit.“
1459 394 1530 471 A
1582 396 1789 495 turpi
1836 396 2259 473 meretricis
2312 422 2574 473 amore

479 518 676 596 Cum
732 520 1192 597 deterreret:
1243 517 1601 615 „Scetani
1652 519 2043 597 dissimilis
2094 517 2273 598 sis.“

480 644 597 721 Ne
647 669 1015 743 sequerer
1065 644 1446 741 moechas,
1501 670 1860 721 concessa
1912 672 2087 722 cum
2136 672 2421 723 venere
2471 648 2584 721 uti

481 770 833 845 Possem:
883 770 1306 869 „Deprensi
1357 795 1514 844 non
1567 770 1776 846 bella
1829 785 1943 847 est
1990 774 2201 847 fama
2244 768 2658 848 Treboni.“

381 927 455 966 ιω
479 892 785 969 Aiebat.
899 893 1292 991 „Sapiens,
1346 894 1592 970 vitatu
1647 894 1991 994 quidque
2041 895 2285 995 petitu

483 1017 598 1095 Sit
649 1018 953 1116 melius,
1005 1044 1268 1095 causas
1320 1018 1597 1095 reddet
1644 1020 1830 1116 tibi3
1882 1020 1989 1094 mi
2040 1021 2223 1096 satis
2276 1035 2411 1118 est,
2465 1022 2529 1097 si

483 1144 880 1221 Traditum
937 1145 1035 1220 ab
1087 1144 1425 1243 antiquis
1474 1171 1771 1223 morem
1818 1172 2125 1223 servare
2178 1160 2563 1247 tuamque,

481 1272 684 1345 Dum
730 1269 1068 1346 custodis
1118 1293 1324 1367 eges,
1377 1269 1614 1345 vitam
1668 1271 2115 1371 famamque
2165 1274 2369 1347 tueri

479 1394 964 1471 Incolumem
1014 1419 1364 1491 possum3
1420 1392 1647 1469 simul
1700 1420 1792 1470 ac
1844 1393 2238 1473 duraverit
2286 1411 2495 1473 aetas

385 1552 460 1591 120
483 1520 838 1597 Membra
865 1521 1363 1620 animumque
1389 1532 1631 1617 tuum,
1658 1520 1876 1595 nabis
1906 1521 2070 1597 sine
2099 1518 2454 1599 cortice.“
2506 1524 2633 1601 Sic
2658 1550 2791 1599 me

482 1645 897 1721 Formabat
946 1671 1272 1743 puerum
1327 1644 1569 1741 dictis,
1626 1659 1703 1722 et
1753 1645 1915 1721 sive
1964 1648 2283 1724 iubebat

482 1770 590 1847 Ut
619 1769 956 1847 facerem
995 1769 1181 1869 quid
1221 1770 1531 1867 „Habes
1572 1784 1987 1869 auctorem,
2044 1797 2197 1871 quo
2250 1772 2495 1849 facias
2546 1770 2786 1849 hoc“:

483 1897 738 1974 Unum
792 1921 890 1973 ex
940 1894 1323 1973 iudicibus
1375 1895 1679 1974 selectis
1732 1896 2149 1993 obiciebat3

486 2021 666 2099 Sive
718 2014 1030 2097 vetabat
1070 2020 1246 2118 „An
1299 2020 1447 2096 hoc
1497 2020 1981 2097 inhonestum
2038 2035 2115 2098 et
2163 2023 2438 2101 inutile
2492 2026 2696 2101 factu

387 2180 459 2221 125
482 2148 738 2224 Necne
785 2147 882 2221 sit
931 2145 1358 2241 addubites,
1413 2146 1695 2245 flagret
1739 2171 2053 2224 rumore
2107 2148 2311 2223 malo
2362 2175 2537 2224 cum

482 2272 635 2347 Hic
678 2284 910 2369 atque
960 2266 1190 2347 ille?“
1297 2270 1594 2345 Avidos
1652 2271 1990 2347 vicinum
2047 2272 2277 2347 funus
2326 2287 2410 2348 ut
2460 2300 2736 2373 aegros

483 2396 885 2471 Exanimat
935 2396 1355 2494 mortisque
1408 2409 1619 2471 metu
1672 2396 1819 2471 sibi
1868 2410 2188 2494 parcere
2242 2400 2469 2497 cogit,

485 2520 613 2597 Sic
659 2532 965 2595 teneros
1017 2520 1315 2596 animos
1367 2519 1619 2596 aliena
1672 2520 2093 2621 opprobria
2144 2548 2375 2623 saepe

485 2644 946 2721 Absterrent
998 2643 1220 2719 vitiis.
1321 2644 1432 2717 Ex
1484 2644 1634 2721 hoc
1685 2670 1831 2743 ego
1888 2672 2115 2722 sanus
2166 2649 2266 2724 ab
2316 2646 2494 2743 illis,

389 2804 462 2841 130
485 2769 916 2845 Perniciem
971 2794 1503 2868 quaecumque
1547 2771 1827 2852 ferunt,
1879 2771 2397 2848 mediocribus
2452 2786 2525 2849 et
2578 2776 2751 2873 quis

483 2894 849 2991 Ignoscas
901 2892 1103 2968 vitiis
1154 2905 1457 2985 teneor3
1512 2894 1861 2968 fort-assis
1907 2906 1984 2967 et
2026 2895 2249 2971 istinc

485 3016 840 3115 Largiter
888 3018 1293 3095 abstulerit
1340 3018 1578 3117 longa
1624 3031 1855 3116 aetas,
1906 3018 2109 3095 liber
2157 3023 2468 3119 amicus,

385 3268 706 3337 numentum]
743 3268 872 3325 vide
909 3270 982 3325 ad
1020 3270 1202 3325 Carm.
1227 3270 1326 3329 111.
1355 3271 1446 3337 20,
1484 3270 1537 3323 7.
1632 3267 1838 3323 debent
1884 3270 2157 3339 optimum
2205 3290 2483 3343 quemque
2544 3275 2605 3330 in
2652 3277 2791 3332 sele-

385 3370 452 3380 —
483 3340 698 3409 Baius]
742 3340 768 3395 I
848 3344 974 3395 otus
1017 3342 1203 3405 homo,
1254 3346 1319 3396 ut
1363 3342 1536 3395 etiam
1632 3344 1753 3394 ctos
1811 3340 2018 3395 iudices
2080 3342 2343 3399 referre.“
2400 3376 2469 3385 —
2524 3364 2601 3401 an
2662 3348 2789 3418 hoe]

384 3412 651 3467 Scetanus
691 3414 748 3465 et
825 3413 1102 3467 rebonius.
1139 3412 1289 3468 Bene
1319 3416 1534 3467 Acron:
1633 3410 1920 3483 Coniunge
1956 3430 2035 3467 an
2080 3414 2383 3483 addubites,
2428 3418 2530 3473 boc
2562 3418 2791 3475 inhone-

385 3484 564 3553 „mira
603 3482 944 3550 urbanitate,
983 3485 1116 3539 dum
1155 3484 1314 3553 quasi
1355 3488 1535 3538 osten·
1630 3488 1773 3537 stum
1806 3484 1883 3537 sit
1916 3500 2090 3541 necne.
2162 3485 2223 3541 Si
2260 3488 2383 3555 quis
2420 3490 2548 3543 coni
2698 3496 2793 3546 re't

385 3554 488 3619 dit,
528 3555 806 3623 quomodo
845 3573 904 3609 se
937 3559 1103 3625 pater
1155 3556 1270 3609 suis
1305 3556 1536 3610 monitis
1631 3553 1918 3609 addubites
1974 3574 2049 3611 an
2087 3595 2101 3608 .
2139 3596 2153 3611 .
2190 3574 2379 3628 necne,
2441 3561 2490 3613 is
2547 3562 2639 3616 vio
2732 3567 2793 3617 et

387 3643 615 3681 monere
655 3626 853 3680 solitus
889 3632 1052 3689 esset,
1088 3628 1305 3683 interea
1329 3626 1536 3683 multos
1632 3626 2091 3683 consuetudinem
2136 3629 2413 3684 latinam.-
2466 3632 2791 3688 Coniuncti-

384 3696 684 3767 percutit.“
707 3726 773 3737 -
795 3697 1052 3768 quidque]
1086 3699 1216 3753 vide
1255 3698 1327 3752 ad
1355 3697 1536 3753 Carm.
1632 3714 1735 3751 vus
1782 3701 1967 3752 autem
2011 3698 2303 3756 addubites
2338 3705 2666 3771 potentialis
2702 3711 2795 3761 est

385 3768 460 3838 ΙΙ,
497 3772 549 3838 7,
586 3770 674 3824 25.
723 3797 787 3807 -
834 3768 1146 3843 duraverit]
1193 3769 1267 3824 cf.
1307 3768 1424 3823 Sat.
1463 3769 1536 3839 11,
1632 3784 1793 3837 quem
1842 3776 2061 3825 vocant.
2112 3800 2177 3810 —
2223 3773 2399 3841 factu]
2452 3774 2545 3829 Sic
2580 3777 2794 3831 rectius

388 3843 439 3905 4,
468 3842 552 3894 72.
592 3839 789 3893 Vellei.
815 3839 884 3908 ΙΙ,
915 3840 1010 3893 78:
1047 3840 1285 3910 „Caesar
1320 3840 1536 3909 patien·
1632 3856 1799 3908 quam
1862 3841 2013 3909 quod
2075 3841 2313 3899 Fritsoh.
2386 3850 2445 3899 et
2504 3846 2799 3903 Eckstein:

385 3912 470 3965 tia
501 3910 882 3981 periculorum
910 3912 1156 3981 bellique
1193 3912 1538 3981 experientia
1632 3911 2022 3980 praetulerunt
2052 3912 2279 3979 factum.

384 3982 624 4037 durabat
671 3983 1028 4037 exercitum.“
1079 4013 1152 4023 —
1203 3982 1420 4037 iubebat
1453 3982 1536 4055 ut]
1704 3981 1771 4037 V.
1814 3984 1930 4037 126.
1968 3984 2187 4053 avidos]
2225 3987 2685 4057 intemperantes.
2721 4020 2793 4031 —-

385 4053 455 4109 cf.
511 4053 623 4107 Cic.
659 4052 817 4108 Verr.
864 4052 959 4122 IV,
1009 4056 1090 4113 12.
1127 4056 1220 4107 28:
1282 4054 1426 4121 „tibi
1477 4055 1537 4109 in
1630 4053 1740 4108 sibi
1772 4054 2021 4123 parcere]
2058 4056 2240 4125 Epist.
2279 4056 2325 4125 1,
2363 4062 2415 4124 7,
2460 4064 2541 4114 11.
2586 4090 2653 4101 --
2692 4062 2795 4116 Ex

385 4130 632 4179 mentem
677 4140 790 4178 non
834 4127 991 4181 venit
1032 4126 1250 4192 iubere,
1297 4130 1361 4180 ut
1401 4125 1539 4183 haec
1630 4124 1749 4194 hoc]
1798 4124 1902 4179 hac
1946 4126 2289 4184 educatione.
2348 4160 2415 4169 —-
2470 4148 2647 4187 sanus
2694 4133 2791 4203 ab]

387 4212 609 4265 quoque
643 4194 955 4251 referret?“
991 4196 1125 4251 ibid.
1162 4196 1234 4259 11,
1277 4198 1361 4261 67,
1405 4200 1534 4255 101:
1631 4196 1815 4251 Simili
1851 4197 2240 4255 coniunctione
2290 4206 2356 4255 ut
2405 4202 2539 4257 liber
2578 4205 2650 4259 ab
2688 4204 2795 4258 ali·

389 4268 662 4337 „populus
707 4267 883 4327 iussit.
932 4272 997 4321 ut
1051 4271 1372 4335 quaestores
1427 4274 1536 4325 sta·
1631 4284 1745 4337 qua
1780 4285 1859 4335 re,
1898 4267 2059 4323 Ovid.
2086 4268 2220 4325 Met.
2245 4272 2347 4339 111,
2371 4274 2492 4327 709.
2529 4302 2603 4313 —
2638 4276 2794 4345 quis]

385 4342 514 4392 tuas
568 4337 946 4393 demoliendas
1009 4338 1310 4393 locarent.“
1409 4340 1534 4396 Liv.
1631 4344 1696 4393 ut
1746 4356 1917 4407 supra
1960 4358 2014 4393 v.
2056 4342 2139 4393 72.
2194 4372 2258 4380 —
2314 4344 2502 4415 istinc]
2553 4347 2625 4401 ab
2673 4347 2792 4400 illis

388 4408 646 4475 XXVIII,
683 4410 769 4473 36,
819 4413 863 4461 1.
902 4438 969 4449 --
1004 4408 1279 4464 iudicibus
1311 4410 1536 4485 selectis]
1632 4410 1803 4465 vitiis.
1834 4410 2056 4466 —liber
2080 4413 2311 4481 amicus]
2345 4416 2443 4484 qui
2468 4433 2594 4470 cum
2622 4418 2795 4473 liber·

389 4497 462 4534 sc.
501 4497 690 4533 rerum
731 4480 1073 4549 capitalium.
1123 4479 1231 4535 Cic.
1269 4498 1372 4549 pro
1411 4483 1534 4539 Clu·
1630 4486 1751 4537 tate
1796 4498 1885 4534 me
1936 4482 2202 4552 corrigat,
2248 4490 2313 4538 ut
2348 4484 2531 4555 Epod.
2582 4490 2665 4553 11,
2698 4490 2791 4542 25.

391 4554 504 4604 ent.
559 4552 655 4603 43:
723 4550 1052 4617 „Praetores
1104 4551 1306 4606 urbani
1364 4554 1536 4611 iurati
1628 4586 1701 4595 —
1735 4552 1981 4622 lectulus]
2020 4553 2452 4611 lucubratorius.
2494 4588 2559 4597 —
2605 4560 2793 4629 porti·

2920 3894 2959 3907 fl
