3092 5059
437 217 562 282 614
1070 217 1188 282 DE
1233 217 1466 284 ARTE
1509 215 1883 284 POETIGA
1932 217 2209 284 LIBER.

441 404 607 480 Iam
652 429 840 480 vero
895 403 1002 478 ita
1059 417 1504 502 comparata
1557 413 1719 478 tota
1782 419 1916 498 est,
1976 415 2063 478 ut
2114 416 2641 480 senescentem
2700 405 2861 478 iam

440 527 840 604 videamus
927 542 1256 628 poetam,
1341 555 1386 603 a
1472 528 1853 604 faciendis
1939 529 2405 606 carminibus
2478 529 2639 605 iam
2722 529 2861 604 ab·

441 653 869 749 stinentem,
954 677 1270 749 prorsus
1351 651 1683 728 eundem
1762 677 1989 752 quem
2071 652 2265 728 alter
2340 653 2867 748 epistularum

441 777 638 853 liber
703 776 802 854 de
869 775 1098 851 simili
1167 801 1253 851 re
1319 776 1725 852 docentem
1796 776 2149 852 ostendit.
2254 775 2415 852 Alii
2480 778 2865 852 extremis

441 901 756 976 Horatii
817 900 1035 976 annis
1099 900 1382 976 librum
1453 900 1890 976 confectum
1954 899 2271 998 quidem
2334 914 2644 976 mortuo
2724 900 2867 976 de-

448 1053 654 1101 mum
706 1039 940 1124 poeta
991 1037 1306 1101 curante
1357 1025 1709 1122 Augusto
1764 1025 2125 1101 emissum
2181 1049 2345 1100 esse
2396 1023 2735 1100 credunt
2756 1022 2857 1121 ⁸),

444 1151 578 1226 sed
648 1151 890 1226 firmis
940 1148 1346 1246 praesidiis
1399 1151 1711 1225 omnino
1770 1148 2135 1225 destituti.
2206 1149 2478 1246 Neque
2546 1149 2603 1224 ii
2676 1151 2869 1226 satis

447 1275 1030 1352 considerarunt
1097 1272 1460 1368 epistulas
1524 1275 1845 1374 scriptas
1898 1297 2055 1349 non
2108 1274 2361 1350 solere
2408 1274 2491 1350 in
2550 1275 2869 1350 scriniis

447 1399 792 1476 cohiberi
823 1399 961 1496 sed
999 1399 1200 1476 mitti
1249 1397 1351 1473 ad
1390 1423 1520 1474 eos
1568 1399 1845 1497 quibus
1886 1411 2137 1476 essent
2178 1398 2535 1498 scriptae.
2590 1398 2867 1492 Quare

449 1526 644 1600 sicut
697 1523 1198 1624 epistularum
1251 1524 1353 1600 ad
1379 1524 1813 1624 Augustum
1872 1536 1948 1600 et
1991 1523 2092 1599 ad
2123 1523 2438 1598 Florum
2496 1523 2873 1620 exempla

446 1649 796 1746 Augusto
851 1662 930 1726 et
977 1649 1209 1724 Floro
1262 1651 1496 1725 missa
1541 1663 1745 1745 sunt,
1798 1648 1905 1724 ita
1936 1648 2169 1724 etiam
2214 1648 2439 1724 huius
2474 1648 2867 1746 epistulae

450 1774 862 1849 Pisonibus
933 1786 1138 1850 certe
1198 1785 1274 1848 et
1341 1773 1512 1848 aliis
1574 1772 1835 1850 amicis
1899 1772 2341 1884 exemplum
2394 1772 2661 1850 datum
2722 1787 2861 1849 est.

453 1898 662 1975 Illud
713 1911 972 1976 autem
1023 1911 1275 1974 utrum
1332 1897 1703 1996 epistulae
1756 1895 1855 2001 ad
1908 1897 2344 1995 Augustum
2400 1913 2481 1974 et
2530 1897 2861 1974 Florum

450 2049 624 2100 cum
671 2024 813 2099 hac
851 2025 1300 2100 coniunctae
1353 2035 1426 2099 et
1466 2022 1706 2100 Sosiis
1746 2023 2285 2101 divendendae
2329 2022 2663 2100 traditae
2707 2024 2865 2098 sint

450 2173 714 2244 necne,
769 2173 914 2246 ego
967 2174 1149 2224 vero
1201 2174 1453 2247 neque
1505 2149 1913 2225 adfirmare
1964 2149 2212 2225 ausim
2251 2172 2505 2249 neque
2538 2171 2861 2244 negare.

451 2273 648 2348 Nam
695 2299 793 2348 ne
841 2273 1028 2348 inde
1081 2273 1398 2373 quidem
1437 2274 1854 2374 quicquam
1892 2286 2187 2351 certum
2218 2271 2351 2350 aut
2398 2273 2566 2352 veri
2607 2273 2865 2350 simile

454 2479 540 2548 16,
599 2479 696 2550 qui
742 2478 894 2534 bello
944 2481 1099 2536 civili
1146 2485 1499 2552 resurgentes
1547 2481 1606 2535 in

449 2550 650 2608 Africa
685 2550 920 2621 Pompei
956 2557 1146 2622 partes
1193 2553 1464 2608 acerrimo
1503 2553 1605 2606 mi·

451 2623 686 2678 nisterio
733 2623 1000 2678 adversus
1035 2624 1325 2678 Caesarem
1369 2624 1606 2693 adiuvit,

454 2713 586 2749 mox
643 2694 880 2750 Brutum
943 2695 1300 2765 Cassiumque
1368 2701 1607 2764 secutus,

455 2783 710 2821 concesso
753 2766 956 2826 reditu.
1005 2767 1283 2836 petitione
1328 2766 1606 2822 honorum

1703 2482 1763 2536 in
1827 2480 1941 2536 tab.
2010 2481 2255 2536 chronol.
2359 2481 2531 2537 Recte
2544 2523 2557 2550 ,
2628 2483 2863 2552 opinor,

1701 2552 2091 2620 Hirschfelder.
2143 2554 2202 2621 (J
2205 2553 2591 2609 abresbericht
2633 2572 2693 2624 p.
2735 2555 2862 2624 174)

1702 2625 1810 2679 sibi
1860 2625 2164 2694 persuasit,
2220 2625 2289 2678 de
2346 2624 2433 2679 his
2488 2631 2607 2679 tam
2672 2625 2861 2680 dubiis

1700 2696 1867 2750 rebus
1902 2713 2015 2750 non
2040 2713 2202 2765 posse
2226 2697 2463 2766 reperiri
2498 2698 2859 2764 sententiam,

1704 2785 1845 2837 quae
1902 2768 2158 2822 omnibus
2213 2769 2489 2838 placeret,
2541 2768 2655 2822 nisi
2712 2787 2861 2823 nova

451 2837 744 2902 abstinuit,
793 2837 968 2892 donec
1012 2838 1163 2892 ultro
1213 2838 1460 2893 delatum
1497 2839 1607 2892 sibi

453 2909 525 2964 ab
581 2911 837 2979 Augusto
901 2911 1252 2965 consulatum
1310 2911 1607 2980 acceperit,

456 2997 623 3124 illidii?
635 2980 1000 3108 hgredsziitcliexi
1008 2982 1274 3110 3Il'i‘s‘onss
1317 2981 1609 3108 Bislichggsss

457 3124 898 3178 mentationibus
964 3125 1265 3195 philologis
1324 3125 1383 3179 in
1437 3124 1609 3179 hono-

456 3211 577 3250 rem
632 3193 734 3249 Th.
779 3195 1091 3250 Mommsen
1152 3197 1391 3266 scriptis.
1453 3198 1607 3250 1877.

457 3285 512 3392 ἓ.
538 3267 842 3334 420-432)
879 3269 1107 3338 negavit
1142 3267 1206 3321 L.
1249 3267 1611 3337 Calpurnium

509 3339 719 3392 isonem
759 3337 953 3410 Frugi,
1001 3357 1050 3392 a.
1089 3355 1143 3393 u.
1185 3357 1229 3393 c.
1269 3339 1374 3392 739
1420 3355 1612 3394 consu-

456 3410 562 3464 lem
620 3409 850 3479 eiusque
896 3409 1040 3464 filios
1077 3410 1332 3479 Lucium,
1378 3410 1438 3465 in
1484 3409 1610 3464 His·

455 3482 626 3551 pania
676 3482 916 3536 occisum
967 3481 1122 3551 (Tae.
1175 3483 1319 3536 Ann.
1367 3481 1461 3547 IV,
1503 3480 1610 3550 15),

459 3557 518 3608 et
563 3553 831 3620 Marcum,
879 3570 928 3607 a.
982 3572 1037 3608 u.
1083 3571 1129 3608 c.
1177 3555 1284 3608 724
1330 3554 1613 3608 consulem

460 3629 518 3678 et
553 3642 588 3678 a
621 3623 698 3678 M.
727 3625 922 3679 Crasso
961 3625 1032 3696 (a.
1057 3644 1108 3679 u.
1137 3643 1180 3679 c.
1219 3627 1323 3677 740
1360 3625 1611 3690 consule)

458 3695 807 3766 adoptatum,
863 3696 1010 3751 unde
1046 3695 1123 3750 M.
1161 3696 1410 3752 Licinius
1455 3697 1611 3752 Cras·

459 3785 550 3823 sus
588 3768 764 3840 Frugi
810 3769 1212 3837 nominaretur,
1260 3787 1423 3840 posse
1469 3768 1612 3823 indi-

461 3839 1611 3980 1055}³.3‘}ff22325².132‡1²;3022.2221333·

459 3982 592 4051 tilii,
629 3983 726 4037 sed
771 3987 903 4037 ante
948 3983 1166 4039 obitum
1204 3984 1442 4054 Vergilii
1479 3984 1613 4038 scri-

457 4059 634 4126 ptam,
685 4053 941 4110 Pisonem
997 4061 1184 4110 autem
1237 4061 1450 4126 patrem
1498 4073 1616 4110 esse

463 4127 713 4182 Gnaeum
780 4125 1039 4180 Pisonem
1109 4126 1196 4194 (de
1261 4145 1370 4195 quo
1432 4126 1612 4182 Tacit.

460 4202 606 4254 Ann.
655 4197 740 4261 11,
788 4199 903 4262 43),
950 4198 1085 4253 olim
1132 4199 1356 4255 Horatii
1403 4199 1613 4253 socium

460 4271 522 4325 in
559 4269 707 4324 bello
744 4269 1110 4396 Philipgensi‚
1142 4271 1320 4338 filium
1355 4271 1615 4324 maiorem

459 4345 600 4396 natu
649 4341 886 4396 eundem
975 4359 1192 4408 nasum,
1240 4342 1340 4411 qui
1385 4359 1436 4395 a.
1471 4359 1526 4395 u.
1565 4359 1611 4395 c.

460 4418 494 4468 ¹7
498 4415 530 4466 7
537 4414 568 4464 2
599 4412 988 4468 Germanicum
1014 4431 1226 4468 veneno
1271 4411 1614 4470 interfecisse

465 4483 702 4550 feratur,
739 4484 808 4539 cf.
846 4484 1024 4540 Tacit.
1062 4487 1210 4538 Ann.
1247 4485 1320 4550 ΙΙ,
1358 4487 1446 4538 69.
1490 4484 1616 4540 Non

466 4555 743 4608 consentit
789 4553 1038 4624 Vahlen.;
1083 4557 1214 4611 vide
1249 4573 1420 4626 supra
1462 4574 1518 4625 p.
1545 4557 1616 4610 25

1704 2845 1870 2894 antea
1930 2845 2261 2922 argumenta
2330 2839 2598 2923 historica
2674 2845 2859 2894 essent

1703 2915 1942 3036 ἱῖξίθέἔῗ
1968 2911 2345 3064 ίιιΕΞιὲἰῗέρὶξ.
2395 2982 2433 3036 f.
2472 2911 2767 3051 GymiJVI.
2806 2983 2857 3038 S.

1705 3054 1831 3122 311)
1870 3053 2017 3108 idem
2044 3069 2223 3123 prope
2246 3053 2535 3110 iudicavit.
2574 3053 2859 3110 Lucium

1705 3129 1892 3179 autem
1966 3125 2235 3180 Miillerus
2307 3124 2367 3178 in
2437 3126 2557 3180 vita
2631 3125 2857 3181 Horatii

1703 3197 1889 3265 (1880)
1944 3212 1999 3265 p.
2050 3197 2123 3249 70
2180 3195 2513 3265 affirmavit,
2577 3198 2859 3252 neminem

1705 3268 2039 3337 prudentem
2110 3268 2373 3324 dubitare
2454 3285 2645 3338 posse.
2724 3271 2859 3338 quin

1708 3339 1977 3409 epistulae
2012 3337 2084 3393 ad
2108 3338 2336 3394 Pisones
2373 3339 2703 3394 scribendae
2738 3358 2860 3395 con·

1707 3411 1897 3466 silium
1931 3416 2055 3466 tum
2092 3411 2315 3466 demum
2352 3411 2423 3466 ab
2459 3411 2699 3466 Horatio
2736 3413 2861 3482 capi

1707 3481 2006 3552 potuisset,
2091 3501 2217 3537 cum
2297 3483 2479 3552 prima
2552 3487 2610 3537 et
2680 3483 2861 3538 altera

1712 3554 1941 3608 alterius
1988 3553 2122 3608 libri
2159 3554 2432 3624 epistulae
2467 3555 2581 3608 iam
2618 3556 2861 3624 scriptae

1711 3631 1895 3680 essent
1933 3631 2265 3696 poetamque
2308 3627 2760 3694 commovissent,
2796 3631 2859 3680 ut

1708 3696 1845 3767 quid
1904 3697 1973 3750 de
2039 3697 2351 3752 dramatico.
2406 3698 2561 3766 poesi
2624 3699 2860 3753 sentiret

1709 3786 1834 3824 cum
1871 3769 1983 3822 suis
2021 3769 2346 3839 aequalibus
2381 3769 2654 3838 peculiari
2690 3788 2859 3842 opere

1708 3841 2169 3908 communicaret3
2208 3841 2339 3894 inde
2373 3845 2562 3895 autem
2591 3840 2760 3905 effici,
2798 3847 2859 3895 ut

1709 3913 1781 3966 ad
1819 3912 2046 3966 Pisones
2103 3913 2401 3982 epistulam
2450 3929 2597 3967 anno
2643 3912 2855 3968 decimo

1709 3983 1799 4038 vel
1849 4000 1997 4037 nono
2049 3987 2181 4037 ante
2218 3983 2348 4038 Chr.
2385 4001 2442 4037 n.
2496 3985 2861 4054 compositam

1711 4071 1831 4110 esse
1868 4071 2205 4110 censeamus.

1784 4126 1836 4195 ¹⁸¹)
1891 4125 1983 4180 Sic
2047 4143 2228 4196 nuper
2293 4126 2571 4182 Ritterus:
2643 4128 2857 4196 „Amici

1708 4201 1841 4269 post
1864 4197 2107 4252 subitam
2132 4198 2525 4268 sapientissimi
2547 4199 2691 4253 vatis
2715 4217 2859 4254 mor·

1711 4275 1827 4324 tem
1863 4274 1977 4324 tres
2021 4270 2247 4324 secundi
2298 4270 2433 4324 libri
2480 4271 2749 4339 epistulas
2800 4273 2857 4324 in

1710 4340 1912 4412 vulgus
1948 4357 2075 4396 eum
2100 4343 2438 4408 emitterent,
2476 4341 2609 4397 huic
2646 4348 2853 4412 postre-

1708 4429 1832 4468 mae
1898 4429 2164 4483 magnum
2236 4429 2339 4468 nee
2404 4413 2659 4483 ineptum
2718 4415 2851 4470 artis

1708 4484 1961 4554 poeticae
1996 4501 2197 4540 nomen
2236 4484 2615 4540 indiderunt.“
