3092 5059
444 232 569 297 430

1387 231 1891 301 SATmARUM

464 453 513 493 π»
547 421 824 496 Dulcia
877 448 959 497 se
1011 422 1092 496 in
1147 420 1378 495 bilem
1433 434 1736 496 vertent
1782 419 2333 519 stomachoque
2384 417 2797 493 tumultum

541 546 788 623 Lenta
836 546 1032 623 feret
1081 546 1382 643 pituita.

546 670 758 748 Cena
809 671 1171 767 desurgat
1223 668 1510 744 dubia?

1487 543 1729 620 Vides
1780 557 1868 617 ut
1917 543 2254 643 pallidus
2310 551 2557 619 omnis

1619 668 1825 761 Quin
1880 695 2160 768 corpus
2214 683 2572 744 onustum

545 794 948 871 Hesternis
989 794 1192 869 vitiis
1243 794 1582 869 animum
1640 818 1952 893 quoque
1997 807 2462 894 praegravat
2510 820 2685 889 una,

548 921 808 1020 Atque
857 919 1131 1016 adfigit
1183 918 1416 994 humo
1474 918 1785 995 divinae
1837 918 2293 1019 particulam
2347 945 2603 995 aurae.

459 1079 510 1118 so
546 1043 792 1139 Alter,
846 1045 978 1119 ubi
1027 1042 1228 1118 dicto
1285 1044 1504 1118 citius
1560 1058 1823 1119 curata
1872 1044 2133 1143 sopori

544 1170 898 1245 Membra
933 1168 1168 1264 dedit,
1228 1182 1539 1265 vegetus
1595 1170 2067 1269 praescripta
2112 1170 2213 1245 ad
2268 1171 2531 1245 munia
2580 1171 2859 1267 surgit.

545 1292 699 1369 Hic
751 1308 1008 1369 tamen
1059 1293 1162 1367 ad
1215 1295 1486 1369 melius
1539 1295 1821 1391 poterit
1860 1309 2385 1371 transcurrere
2428 1295 2853 1395 quondam,

547 1418 724 1495 Sive
777 1418 981 1494 diem
1037 1421 1318 1494 festum
1369 1420 1673 1495 rediens
1720 1420 2119 1496 advexerit
2166 1447 2411 1497 annus

547 1542 698 1619 Seu
750 1568 1100 1619 recreare
1147 1543 1353 1618 volet
1403 1558 1796 1620 tenuatum
1850 1571 2149 1646 corpus,
2200 1547 2487 1645 ubique

461 1699 512 1739 ss
549 1667 944 1745 Accedent
993 1668 1178 1743 anni
1229 1682 1306 1745 et
1355 1669 1668 1745 tractari
1726 1670 2034 1745 mollius
2086 1683 2293 1747 aetas

544 1791 947 1867 Imbecilla
991 1793 1219 1869 volet.

1323 1795 1496 1870 Tibi
1551 1792 1921 1895 quidnam
1972 1795 2285 1871 accedet
2326 1796 2429 1872 ad
2478 1796 2703 1870 istam

549 1918 796 2010 Quam
854 1944 1046 2014 puer
1099 1932 1178 1995 et
1227 1920 1527 1997 validus
1580 1921 2007 2021 praesumis
2064 1921 2489 2017 mollitiem,
2543 1946 2681 1995 seu

545 2042 759 2119 Dura
814 2043 1173 2121 valetudo
1227 2045 1590 2120 inciderit
1639 2070 1770 2120 seu
1824 2046 2048 2121 tarda
2098 2048 2493 2123 senectus?

545 2168 972 2243 Rancidum
1023 2195 1300 2266 aprum
1351 2171 1652 2270 antiqui
1697 2170 2141 2265 laudabant,
2194 2196 2348 2246 non
2404 2172 2588 2269 quia
2622 2196 2859 2245 nasus

462 2326 513 2364 90
547 2292 715 2368 Illis
769 2292 1026 2367 nullus
1081 2305 1262 2389 erat,
1318 2292 1454 2368 sed
1508 2292 1743 2369 credo
1795 2292 1940 2369 hac
1988 2308 2269 2390 mente,
2309 2293 2520 2393 quod
2560 2292 2849 2393 hospes

547 2417 874 2493 Tardius
928 2418 1345 2494 adveniens
1396 2400 1757 2494 vitiatum
1805 2419 2285 2495 commodius
2340 2444 2570 2519 quam

545 2542 948 2640 Integrum
975 2542 1174 2618 edax
1203 2542 1559 2617 dominus
1592 2563 2093 2620 consumeret.
2133 2544 2297 2619 Hos
2324 2545 2617 2620 utinam
2647 2545 2853 2620 inter

545 2670 846 2745 Heroas
899 2682 1164 2744 natum
1218 2667 1446 2743 tellus
1499 2694 1623 2745 me
1672 2670 1924 2765 prima
1972 2669 2307 2745 tulissetl

545 2793 697 2869 Das
753 2792 1050 2892 aliquid
1104 2794 1382 2889 famae,
1441 2816 1640 2891 quae
1693 2793 2032 2869 carmine
2082 2792 2377 2891 gratior
2428 2816 2695 2869 aurem

464 2952 516 2993 95
549 2918 892 3017 Occupet
941 2918 1395 2993 humanam:
1454 2918 1787 3012 grandes
1841 2918 2151 2993 rhombi
2204 2918 2667 3019 patinaeque

551 3042 868 3125 Grande
920 3044 1179 3119 ferunt
1231 3069 1383 3118 una
1437 3068 1607 3118 cum
1666 3042 1948 3119 damno
2004 3042 2373 3139 dedecus,
2428 3042 2633 3121 adde

445 3292 676 3362 seueris]
722 3297 973 3349 extrema
1013 3294 1228 3363 syllaba
1269 3295 1455 3365 longa.
1527 3292 1600 3349 cf.

448 3365 520 3419 ad
558 3364 737 3419 Carm.
779 3364 880 3433 ΙΙΙ,
919 3366 1006 3431 23,
1043 3368 1093 3422 3.
1164 3365 1260 3433 IV,
1298 3370 1348 3433 7,
1386 3368 1476 3421 20.
1511 3366 1601 3420 21.

451 3464 514 3476 -
546 3436 786 3507 pituita]
824 3405 1192 3506 trisyllabum.
1242 3406 1423 3508 Epist.
1462 3437 1507 3505 1,
1552 3440 1600 3505 1,

451 3510 571 3561 108.
644 3507 750 3563 Est
785 3508 1050 3580 phlegma
1084 3510 1382 3564 ventriculi
1423 3515 1480 3564 et
1517 3510 1599 3561 in-

447 3578 796 3633 testinorum.
835 3579 980 3635 Plin.
1018 3582 1087 3635 N.
1117 3582 1186 3635 H.
1225 3581 1349 3649 XX,
1375 3583 1434 3635 7:
1473 3580 1598 3643 „Pi-

447 3651 626 3705 tuitae
663 3652 924 3707 lentitiem
959 3652 1014 3706 di
1059 3657 1224 3707 erunt
1249 3652 1598 3722 (lactucae).“

449 3750 516 3761 —
565 3738 698 3777 cena
743 3722 932 3792 dubia]
1039 3729 1214 3779 erent.
1263 3724 1488 3779 Phorm.
1527 3724 1600 3791 ΙΙ,

449 3796 500 3861 2,
537 3795 630 3847 28:
692 3794 754 3847 P.
793 3793 979 3862 „Cena
1021 3796 1194 3851 dubia
1239 3796 1600 3866 apponitur&

449 3833 512 3919 G.
565 3863 750 3933 „Quid
782 3834 929 3920 i’stuc
962 3867 1123 3921 verbi
1159 3869 1314 3922 est?“
1353 3868 1414 3921 P.
1452 3866 1601 3935 „Ubi

445 3940 512 3991 tu
549 3904 772 3993 dubites
810 3937 947 4005 quid
983 3956 1168 3993 sumas
1191 3939 1599 4009 potissimum-‘⁴

573 4008 791 4079 adfigit]
855 4007 946 4064 Sic
994 4015 1146 4065 recte
1191 4028 1382 4065 omnes
1424 4026 1601 4079 prope

447 4080 580 4134 libri
635 4079 790 4134 MSS.
847 4080 944 4136 alii
999 4082 1237 4152 adfliyit.
1320 4080 1602 4169 Compara

448 4152 594 4206 Plat.
635 4151 842 4207 Phaed.
829 4170 933 4240 ..ep
957 4155 1047 4207 83.
1084 4154 1162 4209 D:
1203 4148 1438 4223 »ἑκάστη
1473 4150 1600 4219 ἡδο-

447 4222 514 4289 νὴ
549 4226 640 4277 καὶ
664 4218 806 4291 λύπη
839 4240 1027 4311 ωσπερ
1053 4210 1184 4291 ηλον
1209 4226 1430 4310 ἔχουσα
1437 4242 1599 4311 προς-

447 4298 570 4361 ηλοὶ
622 4293 791 4361 αυτὴν
851 4294 972 4365 (τὴν
1045 4294 1256 4368 ψυχὴν)
1331 4294 1471 4367 πρὸς
1537 4292 1600 4349 τὸ

449 4366 614 4437 σῶμα
649 4370 742 4420 καὶ
749 4369 1130 4467 προςπερονᾷ
1172 4372 1264 4421 καὶ
1305 4374 1455 4421 ποιεῖ
1495 4384 1599 4421 σω·

447 4438 764 4509 ματοειδῆμ
793 4468 860 4477 —-—
898 4440 1118 4495 divinae
1153 4438 1344 4509 aurae]
1383 4439 1494 4493 Cic.
1529 4439 1601 4493 de

449 4514 652 4564 senect.
691 4512 774 4563 21.
846 4509 1008 4565 Tusc-
1055 4512 1100 4575 Ι,
1135 4513 1222 4565 26.
1276 4537 1342 4550 -—
1389 4510 1480 4566 hic
1515 4516 1599 4565 ta·

451 4578 588 4648 men]
625 4580 874 4635 Primum
918 4582 1188 4651 simplicis
1223 4584 1402 4636 victus
1439 4599 1599 4652 prae-

1694 3295 1871 3349 mium
1937 3294 2146 3349 sanitas
2208 3298 2295 3347 est
2352 3295 2413 3347 et
2471 3292 2724 3361 corporis
2795 3296 2853 3347 et

1697 3367 1885 3419 animi.
1937 3365 2173 3421 Accedit
2208 3364 2360 3434 quod
2392 3365 2489 3433 qui
2526 3363 2852 3419 moderatus

1695 3444 1781 3492 est
1816 3438 1877 3491 in
1914 3438 2167 3493 ciborum
2196 3454 2297 3490 usu
2334 3435 2622 3490 interdum
2657 3439 2717 3490 et
2752 3452 2851 3504 op-

1694 3516 1940 3578 portuno
1976 3514 2229 3579 tempore
2264 3508 2578 3577 (quondam)
2608 3508 2853 3575 exquisi-

1694 3581 1769 3635 tis
1823 3580 2003 3650 epulis
2048 3598 2181 3635 vere
2224 3583 2415 3651 potest
2458 3578 2704 3649 gaudere
2754 3579 2851 3646 (82

1698 3654 1876 3722 -93).
1961 3652 2180 3707 Deinde
2231 3652 2380 3707 idem
2437 3651 2617 3705 bonae
2677 3651 2851 3705 etiam

1695 3723 1877 3778 famae
1922 3724 2181 3793 consulit,
2230 3724 2338 3778 sibi
2384 3724 2609 3791 suisque
2652 3726 2853 3793 gratus

1694 3796 1769 3865 (v.
1790 3795 2094 3867 ·94-111).
2150 3824 2213 3835 -—
2262 3795 2483 3863 ubique]
2524 3798 2585 3847 ct
2619 3794 2735 3847 ubi.
2782 3822 2851 3834 —

1699 3865 1842 3936 Tibi]
1880 3866 2003 3937 Opp
2004 3869 2209 3921 ositum
2260 3867 2367 3921 hoc
2412 3864 2721 3934 pronomen
2768 3868 2855 3919 est

1694 3938 1859 3993 alteri
1886 3940 1976 3993 hic
1998 3957 2052 3994 v.
2076 3941 2160 3992 82.
2204 3966 2265 3979 --
2302 3936 2541 4006 validus]
2574 3936 2665 3991 Ex
2700 3936 2853 3991 chia-

1693 4011 1800 4063 smi
1837 4010 2034 4064 ordine
2074 4011 2383 4080 iunguntur
2414 4022 2569 4077 puer,
2614 4007 2852 4073 valida,

1694 4081 1840 4135 dura
1873 4081 2143 4149 valetudo,
2179 4086 2441 4136 senectus.
2476 4108 2543 4119 —
2579 4080 2683 4135 hac
2712 4095 2851 4134 m

1696 4152 1767 4221 te]
1808 4151 1921 4207 Sat.
1960 4153 2003 4215 I,
2050 4155 2098 4220 1,
2137 4152 2221 4207 30.
2279 4179 2345 4192 -—
2395 4152 2541 4207 edax
2574 4148 2849 4217 dominus]

1696 4223 1887 4278 Iuven.
1914 4227 2110 4292 1‚14oz
2152 4223 2408 4291 „Quanta
2426 4226 2513 4278 est
2532 4222 2690 4293 gula,
2710 4236 2853 4291 quse

1696 4295 1805 4349 sibi
1840 4300 1991 4350 totos
2028 4264 2198 4351 Ponit
2242 4312 2428 4365 apros,
2476 4294 2687 4349 animal
2722 4310 2851 4363 pro·-

1695 4371 1823 4435 pter
1876 4366 2135 4422 convivia
2189 4368 2446 4421 natuml“
2521 4366 2589 4421 cf.
2630 4364 2855 4433 Sat-11,

1696 4441 1748 4506 8,
1786 4441 1837 4493 6.
1876 4468 1943 4478 -
1988 4438 2381 4508 tellusprima]
2428 4437 2541 4492 Sat.
2580 4437 2625 4503 1,
2662 4440 2715 4503 3,
2748 4439 2851 4505 993

1696 4515 1782 4564 cst
1816 4526 1963 4564 nova
2003 4510 2184 4565 tellus.
2223 4538 2291 4550 -
2328 4509 2569 4580 occupet]
2608 4508 2703 4564 Sic
2726 4508 2850 4577 phi-

1694 4598 1783 4635 res
1808 4582 2251 4652 vetustioresque
2272 4582 2452 4653 codd.,
2476 4581 2578 4635 alii
2604 4584 2849 4653 occupat.
