3092 5059
1358 228 1438 303 17

427 440 490 485 a.
539 417 716 501 Chr.;
762 422 1000 487 aetatis
1045 442 1194 487 aun.
1241 423 1542 503 30—35)
1600 423 1879 507 scriptus
1924 422 2171 507 publici
2224 424 2384 491 iuris
2430 422 2641 493 factus

423 538 526 596 est
570 550 737 596 anno
781 551 841 597 ιι.
889 550 942 596 c.
991 530 1114 594 724
1135 533 1240 610 ⁷⁰).
1704 612 1713 623 .

358 687 373 703 .
431 638 710 720 Epodon
755 638 916 705 liber
958 640 1041 705 ab
1085 658 1254 705 anno
1300 660 1360 705 u.
1411 660 1462 706 c.
1513 640 1637 704 713
1678 640 1765 706 ad
1808 660 2046 706 annum
2092 660 2295 723 usque
2342 661 2402 707 u.
2433 663 2485 707 c.
2519 644 2642 712 724

429 748 710 828 (41—-30
764 769 824 814 a.
871 746 1018 814 Ohr.
1079 769 1178 829 ιι.;
1236 755 1428 815 aetat.
1491 768 1641 815 ann.
1696 750 1993 831 24—35)
2047 750 2375 818 confectus
2428 752 2641 817 editus

427 864 532 923 eet
573 876 746 921 anno
787 876 848 923 u.
896 877 948 922 o.
1000 858 1122 921 724
1166 858 1268 923 vel
1316 858 1438 922 725
1485 856 1596 941 (30
1625 859 1730 924 vel
1762 858 1841 923 29
1870 879 1931 923 a.
1962 856 2142 940 Chi-,3
2196 862 2428 927 aetatis
2472 882 2642 927 anno

426 967 510 1031 35
555 968 660 1031 vel
709 968 841 1048 36).

358 1124 371 1137 .
432 1074 804 1141 carminum
859 1076 1008 1141 libri
1063 1082 1189 1143 tres
1240 1080 1489 1159 priores
1543 1078 1717 1144 intra
1772 1098 1975 1144 annos
2030 1099 2088 1144 ιι.
2138 1100 2191 1145 c.
2240 1080 2363 1145 724
2404 1087 2467 1145 et
2518 1080 2641 1143 730

425 1184 729 1262 (30-24
774 1204 830 1249 a.
881 1184 1062 1258 Chr.;
1121 1193 1312 1251 aetat.
1356 1207 1500 1252 ann.
1547 1188 1849 1267 35-41)
1908 1188 2153 1253 exarati
2212 1186 2341 1253 fine
2382 1190 2536 1253 anni
2583 1209 2641 1255 u.

426 1314 480 1359 c.
530 1294 658 1359 730
699 1300 812 1359 aut
853 1293 1040 1359 initio
1087 1294 1363 1377 proximi
1411 1296 1804 1361 coniunctim
1850 1297 2137 1380 evulgati
2180 1306 2330 1363 sunt
2352 1298 2451 1375 ⁶¹¹).

356 1452 370 1468 .
425 1402 874 1485 Epistularum
931 1402 1088 1468 liber
1145 1401 1195 1466 I
1241 1404 1323 1469 ab
1379 1423 1549 1470 anno
1601 1424 1663 1470 u.
1719 1425 1773 1471 c.
1820 1406 1942 1470 730
1996 1425 2199 1489 usque
2260 1406 2347 1471 ad
2391 1406 2499 1471 VI.
2545 1406 2640 1472 Id.

428 1512 768 1579 Decembr.
814 1512 969 1577 anni
1041 1513 1164 1577 734
1233 1514 1512 1593 (24--20
1558 1535 1613 1580 a.
1668 1514 1845 1597 Chr.;
1920 1522 2111 1581 aetat.
2169 1536 2318 1580 ann.
2362 1515 2642 1595 41—45)

427 1622 754 1707 perfectus
817 1622 980 1685 exiit
1045 1628 1194 1687 ante
1263 1622 1436 1688 diem
1483 1623 1737 1690 Horatii
1782 1625 2067 1689 natalem
2122 1625 2277 1691 anni
2320 1646 2379 1691 ιι.
2424 1645 2477 1690 c.
2524 1626 2647 1689 734

426 1731 538 1809 (20
583 1750 642 1795 a.
693 1728 891 1807 clm).

358 1892 370 1902 .
432 1836 706 1905 Carmen
767 1839 1092 1905 saeculare
1154 1860 1324 1907 anno
1389 1862 1450 1907 ιι.
1519 1862 1574 1907 c.
1599 1926 1605 1932 ·
1633 1843 1754 1906 737
1824 1843 2147 1909 edolatum
2214 1842 2645 1927 emissumque

428 1955 529 2014 est
575 1949 770 2029 (anno
824 1949 899 2013 17
945 1970 1004 2013 a.
1051 1948 1235 2023 chr.;
1281 1956 1470 2015 aetat.
1517 1970 1688 2016 anno
1732 1952 1858 2031 48).

353 2106 368 2119 .
433 2054 811 2122 (luminum
853 2054 1014 2121 liber
1051 2056 1162 2119 11⁷
1197 2058 1366 2123 intra
1413 2076 1620 2125 annos
1663 2078 1723 2123 ιι.
1755 2079 1809 2123 c.
1848 2058 1968 2123 737
2000 2068 2065 2125 et
2094 2060 2214 2125 741
2262 2061 2368 2142 (17
2400 2081 2457 2127 a.
2494 2060 2642 2127 Chr.

429 2167 598 2230 -13
641 2184 701 2229 a.
739 2164 913 2248 Chr.;
961 2166 1194 2232 aetatis
1239 2186 1444 2232 annos
1495 2168 1773 2245 48—52)
1817 2169 2155 2236 confectus
2200 2177 2267 2236 et
2308 2191 2476 2237 anno
2523 2172 2639 2235 741

431 2274 648 2341 editus
694 2282 792 2340 est
836 2274 940 2357 ⁷²).

357 2432 372 2447 .
429 2382 880 2465 Epistularum
923 2382 1080 2449 liber
1121 2382 1218 2447 II.
1243 2383 1452 2467 primo
1501 2386 1629 2450 iam
1675 2384 1851 2453 edito
1892 2392 1959 2452 et
2002 2394 2149 2471 post
2192 2408 2456 2454 carmen
2504 2407 2641 2453 sae-

433 2492 656 2558 culare
699 2494 976 2577 scriptus
1024 2498 1140 2573 eet,
1186 2493 1306 2558 sed
1345 2494 1661 2561 incertum
1698 2514 1825 2577 quo
1868 2514 2056 2563 anno.

306 2796 395 2865 70)
431 2794 516 2849 Μ.
550 2792 739 2860 Hertz,
793 2792 1045 2848 Analect.
1103 2791 1148 2859 1,
1195 2810 1250 2863 p.
1295 2796 1384 2847 16:

241 2864 328 2934 „Si
362 2864 688 2938 probabilia
725 2870 874 2929 sunt,
923 2880 1065 2933 quae
1103 2864 1387 2934 hucusque

240 2938 522 3008 disputavi
557 2940 651 3005 (se.
689 2935 760 2990 de
797 2935 912 2990 Sat.
937 2936 982 3005 1,
1008 2938 1034 2989 l
1077 2942 1135 2990 et
1151 2935 1388 3009 Vergilii

239 3009 430 3081 Georg.
469 3010 632 3064 libris
672 3024 817 3061 anno
871 3007 989 3061 fere
1031 3010 1136 3061 729
1171 3007 1390 3077 finitis),

240 3086 302 3135 ut
349 3080 674 3151 probabilia
727 3078 868 3133 mihi
925 3078 1214 3135 videntur.
1276 3081 1390 3135 iam

240 3168 403 3223 cogor
455 3154 520 3207 in
566 3156 750 3206 caetra
803 3152 921 3204 eive
964 3150 1214 3221 Zumptii
1273 3152 1388 3207 sive

241 3223 533 3279 Kirchneri
587 3223 762 3290 abire,
821 3220 915 3291 qui
967 3230 1270 3292 utrumque
1324 3224 1389 3276 li-

241 3294 396 3350 brum
453 3295 784 3351 coniunctim
841 3294 1055 3348 editum
1104 3312 1220 3349 esee
1280 3300 1388 3349 sta-

243 3367 520 3422 tuerunt.“
805 3430 810 3435 ,

310 3442 398 3510 71)
434 3439 565 3495 Non
615 3454 842 3508 poenum
886 3438 1197 3507 praeterire
1253 3438 1390 3506 quin

243 3508 544 3565 Frankium
598 3510 656 3563 in
709 3508 798 3563 hie
855 3509 1248 3564 assentientem
1302 3526 1392 3563 me

243 3580 442 3638 habere
478 3599 695 3653 negem.
759 3580 1009 3635 Concedo
1061 3580 1240 3635 editoe
1275 3598 1392 3634 esee

243 3651 410 3708 libros
453 3672 503 3708 a.
531 3652 636 3706 730
661 3653 752 3705 vel
779 3654 910 3720 731;
949 3650 1045 3705 sed
1083 3652 1140 3705 in
1178 3652 1246 3704 iis
1273 3670 1388 3706 car·

245 3725 387 3779 mina
421 3742 540 3779 esee
577 3728 710 3778 ante
746 3740 955 3778 annum
996 3725 1102 3776 724
1137 3722 1391 3778 confecta

246 3796 596 3852 vehementer
631 3796 740 3849 ai0.
816 3794 889 3849 cf.
929 3812 1097 3864 supra
1133 3813 1187 3864 p.
1225 3798 1257 3849 6
1295 3794 1389 3849 ad-

249 3874 358 3922 not.
381 3870 470 3921 21.
509 3866 822 3921 Dicendum
857 3866 1045 3934 potius
1083 3867 1392 3921 carminum

247 3938 414 3994 libros
451 3944 570 3993 trec
605 3939 846 4008 scriptos
885 3938 1038 3993 intra
1073 3954 1246 3993 annos
1285 3940 1390 3991 713

248 4016 302 4063 et
343 4012 450 4065 730
494 4011 585 4065 vel
635 4012 760 4078 731,
819 4010 1157 4064 coniunctim
1212 4010 1390 4065 editos

250 4098 358 4137 eese
393 4102 442 4137 a.
479 4084 586 4135 730
623 4082 712 4137 vel
752 4080 874 4135 731.

317 4156 406 4225 72)
439 4153 597 4209 Idem
618 4152 916 4208 dicendum
942 4152 1090 4221 quod
1115 4152 1186 4207 de
1209 4154 1391 4209 tribue

252 4226 524 4292 prioribus
560 4224 745 4293 librie;
784 4223 844 4277 in
869 4222 974 4278 hoc
999 4242 1222 4293 quoque
1249 4226 1390 4279 veri-

253 4296 424 4353 simile
448 4302 534 4353 ent
558 4298 738 4352 inesse
756 4295 1005 4353 carmina
1028 4295 1241 4350 dudum
1265 4314 1387 4351 con-

253 4366 392 4424 fecta
426 4376 486 4425 et
513 4370 614 4423 diu
649 4370 710 4423 in
745 4368 964 4423 scriniis
1002 4372 1240 4421 servata.
1309 4368 1391 4421 De

251 4438 628 4509 Epistularum
652 4441 690 4495 l.
711 4442 752 4494 Ι.
775 4440 1112 4495 monendum
1139 4444 1238 4505 est,
1263 4455 1386 4507 pro-

253 4508 572 4568 habiliorem
599 4512 838 4566 fortasse
861 4512 1100 4565 aliorum
1130 4526 1246 4563 esse
1273 4526 1388 4565 sen·

257 4585 497 4653 tentiam,
539 4602 650 4653 qua
690 4582 848 4652 prior
877 4582 1038 4651 epist.
1073 4582 1216 4636 liber
1245 4600 1389 4636 anno

346 4708 563 4749 Horatius
589 4706 664 4746 ed.
692 4703 1024 4755 Diuenbnrger
1051 4706 1121 4745 cd.
1153 4706 1256 4744 vll.

1490 2791 1717 2847 demum
1756 2792 1861 2847 735
1901 2793 1993 2847 vel
2030 2796 2135 2849 736
2180 2794 2365 2849 editus
2404 2812 2523 2849 eene
2557 2795 2641 2850 di-

1489 2864 1653 2919 citur.
1696 2864 1811 2918 Cfr.
1852 2864 2137 2919 Duentzer
2172 2866 2364 2919 Kritik
2400 2884 2453 2921 u.
2480 2866 2637 2922 Erkl.

1489 2934 1553 2989 Τ.
1575 2935 1674 2989 1Π.
1694 2952 1751 3005 p.
1772 2936 1841 2989 68
1861 2953 1940 3005 eq.
1980 2936 2221 2991 Miillero
2240 2936 2466 2993 videtur
2485 2940 2643 3008 prior

1489 3006 1774 3077 epistular.
1839 3007 1983 3061 liber
2044 3008 2195 3063 intra
2257 3026 2430 3063 annos
2488 3028 2539 3063 ιι.
2596 3030 2641 3065 c.

1489 3078 1811 3147 730-734,
1858 3080 2138 3148 posterior
2184 3080 2338 3134 intra
2375 3098 2548 3136 annos
2583 3100 2639 3137 ιι.

1490 3167 1535 3204 c.
1595 3151 1877 3203 7424743
1940 3151 2181 3220 scriptus
2237 3168 2379 3217 esee;
2434 3156 2641 3223 epistu-

1491 3221 1580 3275 lae
1617 3221 1689 3276 ad
1724 3221 1953 3276 Pisones
1998 3240 2205 3277 annum
2253 3224 2501 3278 natalem
2536 3228 2641 3279 745

1491 3292 1581 3347 vel
1630 3294 1737 3346 746
1787 3311 1840 3346 ιι.
1880 3310 1927 3348 e.
1988 3311 2103 3348 esee
2158 3296 2491 3363 suspicatur.
2560 3295 2641 3350 cf.

1493 3366 1528 3418 l.
1568 3364 1605 3418 l.
1640 3381 1697 3434 p.
1736 3366 1769 3418 7
1775 3366 1809 3418 9
1846 3382 1927 3434 eq.
1990 3365 2393 3433 Hirschfelder-i
2426 3372 2641 3423 senten-

1491 3436 1629 3490 tiam
1686 3436 1732 3490 si
1788 3437 2093 3507 sequimur.
2152 3438 2367 3491 nullum
2421 3455 2641 3493 carmen

1492 3508 1667 3561 trium
1704 3508 1960 3577 priorum
1986 3508 2259 3563 librorum
2294 3514 2422 3577 post
2446 3528 2495 3564 a.
2521 3528 2573 3563 u.
2595 3527 2641 3565 ο.

1493 3580 1593 3633 731
1634 3580 1907 3649 scriptum
1948 3584 2049 3647 eet,
2094 3596 2207 3633 non
2256 3598 2436 3649 pauca
2473 3582 2645 3636 etiam

1492 3656 1623 3705 ante
1660 3669 1709 3704 a.
1748 3653 1883 3717 7243
1934 3650 2135 3706 deinde
2172 3652 2359 3706 omnia
2398 3654 2645 3708 carmina

1493 3722 1720 3776 Alcaico
1756 3727 1939 3777 metro
1977 3724 2291 3792 conscripta
2342 3730 2471 3793 poet
2505 3742 2645 3796 pug-

1491 3811 1623 3848 nam
1660 3794 1949 3849 Actiacum
2004 3795 2312 3863 composita
2366 3814 2483 3851 esee
2544 3816 2645 3867 pu·

1491 3870 1595 3933 tat,
1644 3870 1766 3919 tum
1812 3864 1986 3921 Carm.
2032 3864 2077 3933 1,
2114 3868 2166 3919 4.
2212 3866 2256 3935 1,
2294 3870 2344 3921 7.
2390 3868 2435 3928 1,
2470 3869 2540 3921 28
2587 3874 2645 3924 et

1494 3937 1771 4007 Sapphica
1821 3936 2111 4005 nonnulla,
2164 3942 2229 3991 ut
2280 3938 2460 3993 Carm.
2500 3939 2572 4004 ΙΙ,
2610 3944 2643 3993 6

1494 4010 1647 4062 intra
1661 4007 2078 4080 Philippensem
2101 4025 2351 4079 pugnam
2377 4015 2435 4065 et
2453 4010 2641 4065 Actia-

1495 4098 1634 4135 cam.
1683 4080 1955 4135 Chi-istius
1994 4080 2165 4148 (Fast.
2204 4080 2403 4135 Horat.
2450 4082 2641 4151 epicr.)

1493 4153 1579 4206 ita
1612 4152 1721 4205 eibi
1756 4154 2049 4221 persuasit,
2097 4157 2162 4205 ut
2200 4154 2542 4221 „carminum
2580 4154 2643 4206 li-

1487 4222 1621 4277 bros
1683 4227 1800 4277 tres
1868 4224 2192 4279 coniunctos
2260 4225 2392 4279 anni
2448 4226 2643 4292 735119

1490 4311 1664 4348 verno
1712 4300 1966 4365 tempore
2012 4295 2101 4349 vel
2136 4296 2324 4366 potius
2362 4314 2409 4350 a.
2450 4298 2645 4363 734120

1489 4366 1691 4435 editoe,
1729 4367 2093 4435 epistularum
2146 4368 2351 4421 librum
2396 4369 2645 4437 primum

1489 4442 1621 4507 post
1676 4438 1925 4493 earmina
1980 4439 2089 4493 iam
2146 4440 2441 4509 divulgata
2499 4458 2645 4496 anno

1492 4510 1690 4575 735119
1754 4510 1843 4563 vel
1920 4508 2116 4575 736118
2176 4512 2326 4565 foras
2384 4512 2643 4564 emissum

1491 4580 1641 4635 eese“
1680 4581 1950 4634 erederet.

2216 4680 2250 4735 2
