3092 5059
291 221 417 286 264

1257 218 1719 286 CARMINUM

491 407 742 482 Mutat
791 418 1000 480 terra
1054 404 1258 480 vices
1312 416 1387 479 et
1441 403 1964 480 decrescentia
2015 405 2221 503 ripas

460 617 469 628 ι
694 529 1053 605 Flumina
1103 542 1628 625 praetereunt3

435 689 458 726 ει
497 657 766 736 Gratia
820 680 989 729 cum
1046 653 1425 753 Nymphis
1477 656 1959 755 geminisque
2011 656 2401 731 sororibus
2455 655 2689 731 audet

693 783 991 857 Ducere
1040 780 1250 855 nuda
1297 779 1596 855 choros.

492 905 970 983 Immortalia
1021 930 1119 980 ne
1168 929 1430 1005 speres
1479 919 1745 982 monet
1796 933 2037 980 annus
2095 919 2170 982 et
2220 905 2510 982 almum

691 1029 908 1122 Quae
958 1029 1160 1127 rapit
1211 1028 1402 1105 hora
1453 1029 1686 1106 diem.

488 1154 818 1250 Frigora
868 1155 1279 1230 mitescunt
1329 1154 1726 1254 zephyris3
1782 1181 1916 1231 ver
1964 1155 2289 1256 proterit
2340 1168 2585 1232 aestas

409 1309 458 1347 ιο
692 1279 1124 1374 Interitura,
1183 1278 1409 1354 simul

493 1403 840 1480 Pomifer
883 1417 1290 1480 autumnus
1347 1406 1611 1503 fruges
1664 1404 2046 1499 effuderit,
2102 1417 2180 1481 et
2226 1430 2405 1479 mox

689 1529 976 1606 Bruma
1025 1531 1348 1606 recurrit
1397 1530 1627 1606 iners.

486 1655 786 1730 Damna
831 1667 1086 1731 tamen
1139 1656 1425 1734 celeres
1480 1669 1845 1756 reparant
1897 1654 2255 1732 caelestia
2301 1653 2571 1753 lunae;

695 1778 852 1854 Nos
904 1780 1040 1855 ubi
1091 1780 1540 1877 decidimus,

411 1936 461 1979 ιε
502 1905 674 1998 Quo
730 1905 903 2001 pius
951 1904 1276 1999 Aeneas,
1335 1931 1488 2003 quo
1543 1904 1760 1980 dives
1811 1903 2079 1980 Tullus
2130 1919 2209 1981 et
2255 1903 2543 2001 Ancus,

692 2029 957 2105 Pulvis
1010 2045 1086 2105 et
1135 2029 1410 2105 umbra
1459 2057 1743 2106 sumus.

494 2153 684 2248 Quis
729 2155 870 2230 scit
919 2180 1018 2230 an
1075 2153 1408 2229 adiciant
1457 2152 1879 2231 hodiernae
1930 2154 2263 2231 crastina
2313 2181 2655 2234 summae

695 2279 1078 2378 Tempora
1125 2279 1206 2356 di
1256 2280 1569 2378 superi?

501 2404 799 2484 Cuncta
851 2429 1120 2480 manus
1167 2404 1434 2480 avidas
1487 2404 1786 2503 fugient
1837 2405 2165 2502 heredis,
2210 2406 2459 2482 amico

407 2563 462 2603 20
697 2529 914 2623 Quae
969 2528 1272 2606 dederis
1327 2531 1610 2606 animo.

293 2805 348 2841 v.
385 2789 438 2840 9.
479 2815 544 2825 --
581 2787 786 2855 comae]
825 2787 1006 2842 Germ.
1048 2788 1091 2852 Ι,
1130 2790 1219 2857 21,
1257 2789 1306 2844 5.
1353 2789 1447 2858 IV,

293 2860 345 2927 3,
386 2861 469 2912 11.
528 2887 594 2897 —
657 2857 885 2929 Gratia]
944 2859 1014 2914 cf.
1062 2859 1135 2914 ad
1182 2861 1364 2915 Carm.
1401 2862 1446 2924 Ι,

294 2933 346 2989 4.
388 2931 441 2984 6.
498 2959 564 2969 -
617 2929 796 3000 nuda]
853 2929 920 2984 cf.
964 2931 1143 2985 Garm.
1190 2933 1234 2998 I,
1272 2935 1357 2993 8⁰,
1393 2935 1444 2986 5.

293 3001 394 3068 ΙΠ,
417 3002 504 3071 19,
530 3003 610 3055 17.
637 3031 703 3041 -
737 3002 957 3070 almum]
1001 3004 1131 3058 vide
1159 3004 1231 3058 ad
1262 3003 1445 3060 Carm.

293 3073 389 3140 IV,
427 3075 480 3140 4,
527 3076 615 3127 41.
673 3103 740 3113 -
789 3072 1033 3143 friqora]
1079 3076 1445 3131 Animadver-

293 3145 526 3199 tendum
575 3149 843 3214 quattuor
879 3145 1131 3200 versibus
1177 3152 1445 3216 quattuor

293 3221 548 3286 tempora
621 3216 878 3271 describi.
973 3217 1184 3272 Similis
1255 3236 1444 3274 rerum

294 3288 598 3343 cumulatio
629 3288 1043 3357 verborumque
1076 3290 1322 3344 brevitas
1361 3296 1446 3345 est

297 3359 478 3414 Carm-
526 3358 627 3427 111,
683 3362 735 3421 6,
790 3361 860 3413 45
897 3377 1017 3430 sqq.
1074 3389 1141 3399 —
1189 3362 1442 3432 proterit]

295 3431 554 3486 Servavit
610 3430 890 3500 particula
932 3447 1042 3499 pro
1086 3450 1238 3486 suam
1287 3438 1443 3502 pote·

295 3507 512 3569 statem,
558 3517 739 3570 neque
789 3507 876 3556 est
923 3507 1068 3558 retro
1106 3505 1290 3571 pellit.
1347 3505 1443 3559 sed

289 3574 449 3642 pellit
491 3578 556 3627 ut
611 3573 1024 3645 progrediatur,
1079 3580 1144 3629 ut
1195 3575 1441 3631 festinet.

295 3643 455 3710 Quod
491 3645 770 3713 quomodo
811 3645 1030 3700 dictum
1073 3647 1150 3700 sit
1191 3665 1226 3701 a
1275 3653 1444 3718 poeta

297 3719 362 3768 ut
397 3715 710 3787 intellegas,
736 3717 923 3786 cogita
948 3721 1132 3772 rotam
1170 3723 1442 3788 perpetuo

295 3791 452 3841 motu
489 3788 778 3858 agitatam.
833 3788 968 3842 Inde
1005 3789 1279 3844 vocabula
1308 3806 1441 3861 pro-

295 3859 448 3926 terit,
483 3858 797 3927 interitura,
833 3861 1086 3915 recurrit.
1149 3860 1310 3930 Quod
1345 3862 1443 3916 alii

297 3929 506 3984 habent
544 3935 783 3985 recurret
819 3947 886 3984 ex
941 3932 1118 3986 nimia
1175 3938 1233 3988 et
1277 3933 1446 3988 mole-

295 4005 382 4054 sta
435 4002 730 4072 diligentia
779 4003 964 4056 nescio
1021 4004 1175 4058 cuius
1229 4005 1444 4060 scribae

295 4077 554 4127 exortum
590 4078 692 4128 est.
733 4101 796 4113 —
835 4074 1000 4144 iners]
1038 4076 1108 4130 cf.
1153 4075 1333 4130 Carm.
1369 4075 1442 4136 11,

295 4145 350 4208 9,
387 4145 437 4197 5.
495 4144 692 4199 Hieme
734 4144 882 4199 enim
917 4147 1060 4200 nihil
1095 4151 1442 4216 procreatur.

297 4245 364 4255 —
400 4214 719 4284 decidimus]
755 4215 936 4284 Epist.
975 4217 1046 4279 11,
1090 4221 1138 4284 1,
1177 4219 1264 4272 36.

365 4285 432 4340 V.
475 4289 556 4340 15.
596 4286 730 4357 pius
765 4289 1000 4358 Aeneas]
1046 4290 1163 4343 Alii
1201 4294 1264 4344 ut
1299 4289 1444 4343 Miil-

297 4358 396 4412 ler.
435 4357 719 4414 Eckstein.
757 4357 978 4415 Schiitz.
1017 4366 1182 4430 pater
1227 4361 1442 4430 legunt.

297 4428 612 4499 Utrumque
663 4430 815 4500 apud
859 4431 1183 4500 Vergilium.
1257 4433 1444 4488 Pietas

295 4503 486 4556 tamen
509 4503 732 4556 Aeneae
766 4504 1000 4573 propria
1033 4503 1308 4572 quaedam
1332 4505 1444 4558 vir·

299 4574 390 4624 tus
425 4575 527 4639 est,
563 4577 836 4642 perpetua
886 4575 1004 4629 eius
1055 4574 1205 4644 apud
1241 4575 1444 4631 Roma-

1549 2807 1651 2845 nos
1678 2806 1872 2845 comes.
1911 2789 2079 2844 Pater
2096 2791 2314 2844 Aeneas
2340 2789 2411 2844 ab
2436 2790 2541 2844 hoc
2571 2790 2693 2844 loco

1550 2862 1763 2916 alienus
1800 2865 1899 2915 est.
1960 2860 2261 2915 Praeterea
2296 2861 2569 2916 fluctuant
2604 2877 2693 2916 co-

1550 2933 1699 2988 dices
1724 2934 1876 2987 inter
1908 2933 2093 2987 Thallus
2126 2931 2275 2988 dives
2308 2938 2365 2988 et
2388 2933 2537 2987 dives
2568 2933 2697 2987 Tul·

1550 3007 1653 3059 lus.
1690 3003 1797 3059 Sed
1816 3005 1925 3058 nisi
1942 3005 2030 3058 vis
2052 3003 2323 3073 quaedam
2342 3005 2491 3059 inest
2514 3005 2573 3057 in
2599 3004 2694 3059 ad-

1547 3077 1769 3140 iectiv0,
1792 3075 1928 3145 quid
1954 3081 2123 3144 poeta
2150 3074 2376 3130 Tullum
2398 3075 2503 3130 hac
2530 3076 2695 3131 laude

1550 3149 1745 3202 auxit?
1782 3147 1935 3215 Quae
1972 3147 2019 3200 si
2044 3147 2204 3202 adest
2226 3147 2475 3216 priorem
2510 3147 2697 3202 locum

1547 3223 1783 3289 occupet
1806 3234 2028 3274 necesse
2052 3223 2151 3273 est.
2178 3218 2373 3272 Tullus
2397 3223 2589 3273 autem
2614 3219 2698 3272 di·

1547 3291 2011 3416 leiell‘piiltlur’
2022 3289 2698 3416 1332“.}3‡.1{21‘³Tsl1133

1547 3449 1653 3488 nec
1688 3434 1869 3502 pietas
1905 3435 2151 3487 Aeneam
2198 3451 2232 3486 a
2266 3437 2451 3486 morte
2492 3433 2695 3488 libera-

1549 3506 1651 3559 vit.
1678 3505 1746 3560 cf.
1756 3505 1940 3574 Epist.
1952 3505 2154 3572 1‚6,2⁷.
2177 3533 2243 3544 -
2258 3503 2466 3574 pulvis]
2490 3503 2559 3558 cf.
2582 3504 2694 3558 Eu·-

1547 3577 1655 3644 rip.
1700 3576 1772 3631 fr.
1815 3577 2042 3646 Melagr.
2081 3577 2173 3630 20:
2252 3573 2577 3644 „turmam
2626 3576 2693 3629 δὲ

1549 3650 1659 3706 πᾶς
1692 3645 1831 3716 ἀνὴρ
1867 3647 1947 3713 Γῆ
1983 3650 2075 3700 καὶ
2113 3641 2290 3700 σκιὰ.“
2325 3674 2389 3686 -
2428 3647 2557 3715 quis
2588 3647 2696 3701 scit

1549 3719 1647 3790 an]
1686 3719 1838 3774 Raro
1875 3718 2025 3789 apud
2070 3735 2271 3773 aureae
2318 3718 2519 3772 aetatis
2564 3719 2696 3773 scri-
2764 3767 2773 3776 .

1547 3795 1737 3860 ptores
1774 3807 1851 3845 em
1884 3795 2031 3860 part.
2078 3791 2160 3844 sic
2204 3790 2413 3860 legitur
2456 3789 2517 3842 in
2566 3791 2695 3844 sim·

1545 3864 1683 3932 plici
1730 3863 1985 3917 oratione
2033 3861 2291 3930 obliqua3
2346 3877 2509 3929 saepe
2546 3861 2695 3930 apud

1547 3934 1857 3989 inferiores.
1898 3933 1967 3987 cf.
2005 3935 2073 3987 A.
2112 3933 2174 3987 P.
2210 3935 2333 3986 462.
2380 3931 2557 3986 Paulo
2597 3933 2695 3986 ali-

1546 4010 1637 4060 ter
1677 4006 1856 4060 Garm.
1883 4005 1956 4074 11,
2000 4009 2052 4072 4,
2092 4006 2175 4060 13.
2216 4021 2349 4058 nam
2382 4003 2565 4058 nescio
2603 4020 2696 4071 an,

1546 4077 1697 4131 haud
1732 4077 1843 4132 scio
1880 4093 1957 4131 an
1992 4076 2210 4145 saepius
2248 4075 2366 4130 sine
2389 4074 2560 4129 verbo
2588 4093 2695 4144 pro

1543 4147 1798 4213 fortasse.
1838 4179 1903 4188 —
1942 4147 2197 4217 emmae]
2234 4151 2306 4202 ct.
2346 4145 2524 4200 Carra.
2562 4147 2607 4212 Ι,
2642 4150 2695 4211 4,

1554 4221 1633 4274 15.
1672 4221 1868 4274 Altera
1902 4219 2295 4274 nonnullorum
2328 4217 2583 4273 codicum
2618 4217 2694 4272 le-

1549 4291 1662 4346 ctio
1714 4292 1861 4347 vitae
1916 4309 1987 4346 ex
2039 4291 2372 4361 glossemate
2414 4293 2560 4343 orta·
2592 4293 2695 4342 est.

1549 4363 1619 4417 cf.
1658 4362 1856 4432 Eurip.
1893 4362 2015 4418 Alo.
2054 4363 2183 4415 783:
2236 4357 2367 4430 »οὐκ
2405 4361 2519 4413 ἔστι
2562 4365 2695 4426 θνη-

1546 4435 1659 4488 τῶν
1717 4431 1867 4494 ὅστις
1924 4435 2265 4494 ἐξεπίσταται
2332 4429 2449 4497 Τὴν
2506 4425 2697 4500 αὔριον

1547 4507 1860 4576 μέλλουσαν
1908 4509 1956 4560 εἰ
2008 4501 2313 4572 adactae!
2370 4533 2437 4542 —
2484 4502 2692 4572 animo]

1550 4576 1733 4630 Simili
1797 4579 2015 4632 ratione
2076 4575 2285 4630 dicitur
2348 4574 2533 4628 animo
2596 4573 2693 4628 ob-
