3092 5059
1235 235 1397 301 LIB.
1440 235 1550 301 IV.
1600 233 1851 302 GARM.
1894 235 1969 300 V.

2672 235 2794 300 257

1332 473 1713 563 CARMEN
1774 477 1865 563 V.

801 640 1016 717 Divis
1067 655 1233 719 orte
1288 644 1528 738 bonis,
1586 644 1871 740 optime
1912 643 2287 720 Romulae

798 763 1073 842 Custos
1127 769 1398 865 gentis,
1453 769 1637 844 abes
1689 769 1844 844 iam
1894 769 2215 845 nimium
2268 768 2439 864 diu3

795 891 1183 967 Maturum
1235 893 1571 969 reditum
1624 893 2009 992 pollicitus
2060 908 2368 996 patrum

999 1015 1278 1093 Sancto
1329 1018 1657 1094 concilio
1710 1018 1901 1095 redi.

735 1193 762 1234 5
798 1163 1086 1240 Lucem
1133 1165 1376 1241 redde
1426 1181 1624 1262 tuae,
1682 1166 1834 1241 dux
1888 1166 2112 1262 bone,
2160 1167 2495 1265 patriae:

799 1289 1052 1368 Instar
1103 1294 1304 1368 veris
1353 1294 1559 1368 enim
1610 1291 1867 1367 vultus
1918 1293 2058 1368 ubi
2110 1305 2281 1368 tuus

389 1505 484 1575 IV,
525 1508 611 1576 12,
651 1507 734 1562 19.
772 1506 886 1562 Sat.
919 1507 993 1576 11,
1029 1509 1081 1576 2,
1117 1509 1204 1563 25.
1241 1511 1310 1563 A.
1348 1508 1412 1562 P.
1449 1509 1535 1562 49.

390 1577 568 1633 Curae
599 1583 788 1633 autem
820 1596 1044 1650 sagaces
1071 1597 1193 1634 eam
1219 1580 1538 1651 significant

389 1649 563 1704 animi
622 1650 910 1718 virtutem,
971 1667 1081 1720 qua
1142 1652 1278 1721 quid
1340 1652 1538 1720 quovis

387 1725 643 1791 tempore
671 1722 884 1793 optime
919 1722 1021 1777 fiat
1055 1723 1380 1793 reperimus.

388 1807 505 1860 90oe
541 1794 690 1847 enim
726 1812 761 1848 a
797 1811 997 1848 canum
1032 1796 1262 1850 naribus
1297 1795 1539 1865 vestigia

389 1863 638 1919 ferarum
672 1865 1086 1935 insequentium
1133 1867 1206 1921 ad
1262 1868 1402 1922 alios
1439 1867 1538 1921 ali-

389 1953 552 1990 orum
589 1937 915 1991 animalium
957 1955 1147 1992 sensus
1185 1943 1242 1993 et
1283 1939 1355 1994 ad
1390 1938 1538 2008 ipsos

389 2009 562 2062 etiam
593 2009 884 2064 hominum
921 2010 1136 2065 animos
1172 2011 1315 2066 bene
1359 2015 1538 2065 trans-

388 2078 632 2133 ducitur.
679 2080 760 2136 De
797 2097 858 2134 re
896 2098 1157 2151 compara
1195 2099 1338 2150 quae
1373 2081 1538 2136 Tibe-

388 2151 504 2205 rius
531 2150 601 2205 de
627 2169 686 2206 se
714 2153 833 2222 ipse
859 2152 1161 2222 profitetur
1187 2153 1336 2224 apud
1359 2153 1536 2209 Tacit.

387 2225 533 2277 Ann.
565 2221 636 2286 11,
675 2225 770 2278 26:
809 2241 912 2292 „se
948 2226 1140 2279 novies
1177 2243 1210 2279 a
1238 2225 1307 2278 D.
1345 2228 1537 2296 Augu-

387 2299 474 2348 sto
499 2295 558 2347 in
581 2294 938 2350 Germaniam
962 2296 1195 2350 missum
1217 2297 1390 2366 plura
1413 2313 1539 2352 con·

385 2364 510 2420 silio
547 2383 709 2436 quam
743 2366 801 2423 vi
836 2367 1189 2438 perfecisse.“

769 2482 1051 2536 Carmen
1088 2481 1152 2536 V.

458 2576 856 2632 Dulcissimum
893 2579 1000 2632 hoc
1047 2593 1289 2642 carmen,
1347 2575 1538 2629 multis

387 2648 706 2703 nominibus
732 2649 1093 2718 laudandum,
1123 2648 1194 2704 ad
1219 2651 1539 2719 Augustum

388 2720 484 2788 qui
524 2737 557 2774 a
593 2738 781 2775 mense
807 2721 958 2791 Sept.
997 2739 1046 2776 a.
1087 2723 1192 2774 738
1239 2737 1414 2788 usque
1466 2719 1540 2772 ad

387 2789 660 2846 Februar.
699 2795 800 2846 741
842 2792 902 2846 in
938 2793 1238 2847 Germania
1275 2797 1334 2846 et
1357 2791 1541 2846 Gallia

387 2863 704 2931 tenebatur,
741 2865 1012 2934 scriptum
1048 2864 1382 2918 tenerrimos
1417 2880 1538 2916 sen-

385 2950 478 2988 sus
510 2934 580 2990 de
615 2935 900 2990 beneficiis
950 2937 1102 3005 pacis
1148 2953 1220 2989 ex
1256 2935 1538 2989 diuturnis

385 3005 550 3060 bellis
605 3007 886 3062 intestinis
947 3008 1244 3062 restitutae
1294 3022 1538 3060 morum-

389 3093 498 3144 que
535 3095 603 3131 ex
641 3079 809 3148 longa
865 3080 1227 3149 corruptione
1282 3077 1537 3132 emenda-

386 3153 574 3203 torum
613 3151 823 3219 prodit.
896 3149 1252 3221 Exprimitur
1290 3147 1538 3204 universi

385 3221 584 3290 populi
655 3221 995 3277 desiderium
1057 3222 1192 3276 boni
1247 3219 1536 3292 principis,

385 3309 516 3346 nam
553 3309 666 3346 non
689 3293 1004 3348 inconsulto
1032 3299 1090 3347 et
1114 3294 1174 3347 in
1198 3293 1362 3347 initio
1387 3297 1444 3347 et
1477 3292 1551 3344 in·

385 3362 496 3418 fine
555 3365 817 3418 carminis
872 3367 1160 3436 Augustus
1197 3365 1315 3418 dux
1365 3365 1538 3418 bonus

385 3436 702 3504 appellatur
716 3476 730 3505 ,
791 3453 970 3505 neque
1024 3437 1257 3491 deerant
1313 3451 1538 3501 causae,

384 3523 486 3560 cur
535 3511 698 3562 tanto
754 3525 942 3562 omnes
1003 3509 1150 3563 cives
1209 3511 1540 3562 tenerentur

383 3567 677 3633 desiderio.
763 3579 841 3634 Ut
893 3580 1043 3634 enim
1101 3580 1285 3648 prima
1341 3585 1400 3633 et
1457 3597 1538 3632 se-

384 3649 566 3705 cunda
601 3651 867 3720 strophae
905 3652 1387 3720 compellationem
1422 3655 1536 3704 Au-

387 3723 538 3792 gusti
575 3722 788 3778 habent
822 3739 948 3776 cum
983 3723 1146 3777 brevi
1183 3722 1409 3791 quidem
1441 3722 1537 3776 sed

385 3797 623 3848 venusta
659 3795 940 3848 rationum
972 3812 1072 3848 cur
1109 3795 1161 3848 ei
1193 3794 1538 3848 redeundum

381 3865 458 3918 sit
508 3865 934 3935 significatione,
993 3867 1074 3920 sic
1125 3867 1342 3935 patriae
1399 3866 1539 3920 desi·

385 3936 606 3990 derium
642 3942 808 4008 grata
847 3939 1044 3992 matris
1091 3937 1272 3992 filium
1307 3937 1407 3990 diu
1447 3955 1539 3992 ex-

387 4010 692 4076 spectantis
749 4010 1165 4078 comparatione
1239 4009 1436 4064 tertia·
1483 4014 1541 4063 et

383 4085 590 4148 quarta
611 4081 964 4150 proponitur.
1003 4081 1152 4136 Illud
1177 4087 1364 4135 autem
1393 4080 1540 4135 unde

383 4151 446 4204 in
482 4152 684 4206 animis
721 4153 929 4207 civium
966 4153 1042 4206 sit
1076 4153 1398 4215 excitatum,
1439 4153 1538 4206 tri·

383 4222 490 4276 bus
526 4222 727 4278 deinde
775 4223 1022 4293 strophis
1073 4225 1156 4278 ita
1205 4224 1539 4288 ostenditur,

383 4299 450 4348 ιιι
486 4296 685 4364 quinta
727 4295 1038 4350 celebretur
1085 4297 1356 4350 securitas
1392 4297 1538 4366 agri-

387 4365 658 4435 culturae,
717 4367 1120 4437 navigationis.
1169 4373 1538 4435 mercaturae,

387 4453 456 4492 ex
505 4438 710 4507 quibus
759 4440 918 4507 quasi
978 4438 1230 4493 fontibus
1276 4438 1538 4494 domesti-

389 4525 584 4564 carum
641 4527 832 4564 rerum
879 4511 1222 4580 prosperitas
1276 4510 1540 4581 profluit3

385 4586 452 4634 ut
507 4585 665 4636 sexta
719 4581 892 4636 addat
945 4583 1324 4652 innocentiam
1369 4582 1540 4650 vitae,

487 4701 714 4743 Horatius
745 4702 820 4742 ed.
849 4702 1184 4754 Dfflenburger
1207 4703 1279 4746 sd.
1307 4703 1402 4744 vn.

1642 1508 1730 1563 cui
1804 1507 1955 1578 leges
2012 1512 2070 1561 et
2134 1506 2559 1562 consuetudines
2628 1525 2795 1577 quam

1641 1581 1883 1634 maxime
1918 1579 2213 1633 consulant
2261 1579 2333 1646 (v.
2374 1578 2479 1647 22),
2520 1579 2687 1634 laude
2724 1581 2795 1634 si-

1644 1651 1759 1704 mul
1794 1652 2071 1705 bonorum
2109 1651 2185 1718 (v.
2226 1651 2323 1720 23)
2356 1655 2415 1704 et
2458 1667 2641 1721 poena
2682 1668 2798 1705 ma-

1439 1722 1537 1778 Sa-
1642 1723 1825 1777 lorum
1862 1725 1936 1790 (v.
1972 1721 2064 1790 24)
2102 1721 2391 1790 adiuncta;
2455 1727 2521 1776 ut
2557 1722 2797 1792 denique

1642 1795 1879 1864 septima
1926 1794 2001 1848 sit
2036 1793 2109 1848 de
2152 1798 2430 1863 potestate
2483 1799 2541 1849 et
2586 1794 2797 1848 honore

1642 1866 1867 1936 imperii
1902 1865 2140 1919 Romani
2185 1867 2335 1935 apud
2360 1870 2583 1920 exteras
2618 1866 2796 1920 natio·

1641 1955 1753 1992 nes.
1839 1936 1993 2004 Quae
2046 1937 2301 1992 nationes
2344 1953 2409 1990 eo
2456 1937 2798 2006 compositae

1644 2014 1776 2064 sunt
1815 2009 2026 2072 ordine,
2066 2014 2131 2063 ut
2170 2025 2360 2063 omnes
2383 2007 2521 2062 fines
2547 2007 2794 2063 indicen-

1642 2085 1755 2149 tur,
1792 2098 1861 2134 ex
1899 2081 2101 2148 quibus
2138 2079 2288 2135 bella
2313 2079 2527 2134 moveri
2550 2081 2793 2149 possint:

1644 2153 1715 2206 ab
1753 2153 1971 2206 oriente
2006 2169 2109 2222 per
2150 2151 2267 2206 itur
2314 2152 2385 2206 ad
2432 2150 2797 2220 occidentem,

1648 2242 1682 2277 a
1718 2223 1943 2278 Parthis
1980 2241 2083 2292 per
2109 2170 2351 2292 {cythas
2392 2227 2450 2277 et
2488 2221 2794 2277 Germanos

1644 2295 1715 2349 ad
1752 2295 2050 2365 Hispanos,
2088 2295 2187 2364 qui
2221 2299 2490 2364 quattuor
2513 2299 2647 2348 sunt
2680 2293 2797 2348 bel·

1643 2367 1783 2420 licae
1824 2367 2007 2421 laudis
2049 2369 2138 2420 Au
2248 2367 2295 2420 ti
2342 2365 2665 2436 gravissimi
2713 2370 2794 2420 te·

1642 2443 1771 2492 stes.
1839 2437 1950 2492 Illa
2002 2438 2143 2492 bene
2186 2439 2273 2492 cia
2329 2437 2425 2506 qui
2470 2437 2612 2491 bene
2660 2454 2795 2507 pon—

1643 2509 1925 2564 deraverit
1940 2549 1955 2576 ,
2013 2510 2060 2562 is
2123 2510 2376 2579 profecto
2448 2525 2572 2563 cum
2631 2513 2799 2577 poeta

1643 2583 1961 2652 Augustum
2016 2580 2378 2635 venerabitur
2436 2585 2501 2633 ut
2563 2579 2797 2635 caelitus

1642 2654 1871 2706 missum
1925 2652 2079 2722 pacis
2132 2657 2415 2707 auctorem
2472 2655 2529 2705 et
2580 2669 2797 2706 conser-

1642 2731 1914 2788 vatorem,
1952 2728 2122 2793 atque
2156 2729 2223 2778 ut
2267 2741 2380 2793 pax
2420 2723 2517 2777 diu
2565 2741 2631 2778 ac
2676 2722 2795 2777 feli-

1644 2797 1785 2849 citer
1821 2794 2040 2850 colatur
2088 2795 2318 2850 sinceris
2366 2793 2625 2865 precibus
2665 2794 2797 2848 deos

1643 2867 1885 2937 rogabit.
1924 2865 2101 2933 Quam
2127 2867 2463 2921 sententiam
2498 2871 2793 2936 postquam

1642 2939 1877 3008 poeticis
1916 2938 2199 2993 coloribus
2247 2939 2590 2992 illustratam
2640 2937 2795 2992 addi-

1643 3009 1730 3063 dit
1758 3010 2045 3078 Horatius,
2076 3027 2301 3064 carmen
2338 3027 2405 3064 ea
2440 3010 2659 3064 ratione
2695 3010 2791 3063 ab·

1645 3082 1833 3143 solvit,
1873 3087 1936 3135 ut
1973 3099 2005 3135 a
2044 3099 2153 3151 quo
2192 3081 2511 3150 profectum
2548 3086 2693 3135 esset
2730 3097 2795 3135 eo
2826 3090 2833 3101 ·

1594 3181 1602 3190 ν
1642 3154 1815 3208 etiam
1864 3152 2092 3221 rediret,
2141 3152 2217 3207 ad
2270 3155 2609 3222 Augustum.
2687 3149 2795 3218 Qui

1643 3243 1769 3278 cum
1806 3224 2116 3278 Februario
2150 3242 2199 3278 a.
2227 3227 2328 3278 741
2378 3241 2447 3278 ex
2492 3223 2675 3278 Gallia
2710 3241 2796 3277 re-

1642 3313 1834 3350 versus
1897 3297 1997 3356 sit,
2063 3295 2356 3364 probabile
2419 3300 2505 3349 est
2571 3311 2795 3350 carmen

1642 3368 1913 3436 scriptum
1952 3384 2070 3421 esse
2107 3385 2157 3420 a.
2194 3369 2316 3420 ¹740.

1714 3439 1779 3493 V.
1814 3442 1863 3492 1.
1899 3438 2046 3492 divis
2080 3445 2193 3492 orte
2228 3437 2402 3506 bonis]
2453 3437 2793 3507 Intellegun—

1642 3514 1739 3564 tur
1790 3510 1929 3564 haec
1980 3527 2049 3564 ex
2105 3509 2283 3564 Carm.
2337 3508 2431 3576 IV,
2494 3510 2545 3576 2,
2596 3511 2665 3562 37
2711 3527 2793 3578 sq.

1644 3581 2003 3636 Contrarium
2040 3586 2125 3635 est
2162 3579 2277 3634 Sat.
2315 3581 2387 3648 H,
2426 3583 2475 3646 3,
2512 3583 2563 3634 8.
2590 3609 2656 3618 —
2686 3579 2794 3635 Ro-

1639 3653 1837 3721 mulae]
1876 3652 2091 3708 Eadem
2128 3652 2393 3706 adiectivi
2430 3651 2615 3705 forma
2650 3651 2706 3706 C.
2742 3651 2793 3706 S.

1644 3727 1733 3778 47.
1774 3725 1934 3795 Verg.
1975 3727 2111 3778 Aen.
2145 3722 2233 3791 VI,
2265 3725 2385 3777 877.
2422 3722 2491 3777 cf.
2535 3723 2714 3778 carm.
2748 3722 2793 3791 I,

1647 3799 1730 3864 15,
1776 3798 1855 3848 10.
1905 3797 2103 3850 Altera
2141 3795 2323 3849 forma
2360 3799 2443 3850 est
2481 3795 2787 3856 Romuleum.

1642 3885 1757 3922 non
1800 3868 1983 3921 minus
2032 3867 2267 3935 usitata3
2324 3865 2395 3920 eli
2437 3867 2607 3920 ebant
2663 3882 2793 3934 poe·

1641 3944 1735 3994 tae
1792 3943 1980 3993 utram
2032 3944 2273 3992 metrum
2330 3937 2388 3992 ef
2426 3937 2685 4007 agitaret.
2726 3966 2790 3974 —

1641 4015 1833 4066 sancto
1877 4009 2121 4079 concilio]
2196 4009 2363 4080 Verg.
2414 4011 2553 4063 Aen.
2589 4007 2635 4073 Ι,
2671 4008 2793 4060 426.

1640 4083 1707 4136 Ιιι
1742 4083 1935 4152 paucis
1973 4083 2133 4136 libris
2172 4081 2430 4147 concilim
2482 4079 2634 4148 quod
2668 4095 2791 4132 cum

1640 4171 1743 4224 per
1778 4172 1836 4208 se
1872 4153 2011 4208 ferri
2046 4153 2243 4222 possit,
2279 4152 2560 4207 refellitur
2606 4157 2795 4204 tamen

1641 4225 1979 4281 auctoritate
2005 4225 2297 4279 librorum.
2318 4252 2383 4262 —
2404 4221 2589 4292 lucem]
2626 4221 2793 4292 Verg.

1640 4299 1778 4352 Aen.
1836 4296 1909 4365 ΙΙ,
1963 4297 2086 4350 281.
2168 4294 2365 4364 Eurip.
2422 4293 2603 4348 Orest.
2664 4295 2793 4346 243:

1640 4363 2139 4508 225222352‘83332
2174 4371 2281 4491 a
2304 4383 2791 4424 -

1640 4511 1877 4565 adfulsit
1919 4511 2082 4566 vultu
2116 4478 2307 4566 ridenz
2345 4477 2585 4564 Venus.’‘²
2612 4537 2681 4548 —
2706 4523 2793 4562 so·-

1642 4581 1737 4652 les]
1775 4583 1845 4637 de
1880 4583 2089 4651 plurali
2127 4581 2197 4636 cf.
2230 4581 2412 4651 Epod.
2449 4582 2501 4650 2,
2542 4581 2629 4634 41.
2708 4581 2794 4648 16,

2330 4682 2389 4734 17
