3092 5059
1095 222 1256 288 LIB.
1301 223 1350 287 I.
1395 221 1583 290 SAT.
1626 223 1805 288 VIII.

2528 226 2653 291 401

348 406 574 484 Albis
628 407 1036 486 informem
1093 411 1544 508 spectabant
1595 410 1889 486 ossibus
1936 435 2239 507 agrum,
2404 504 2413 516 .

353 534 548 612 Cum
600 534 794 609 mihi
844 559 1002 608 non
1041 547 1336 608 tantum
1389 533 1759 631 furesque
1807 531 2176 632 feraeque
2228 545 2487 608 suetae

351 657 582 733 Hunc
634 685 914 735 vexare
959 659 1210 734 locum
1271 681 1496 732 curae
1551 669 1732 730 sunt
1778 669 2006 755 atque
2057 657 2331 752 labori,

351 782 740 876 Quantum
795 783 1258 859 carminibus
1314 807 1512 880 quae
1571 795 1879 860 versant
1928 797 2157 882 atque
2212 785 2527 859 venenis

269 943 322 984 ιο
355 908 758 985 Humanos
809 909 1140 984 animos:
1197 907 1332 982 has
1383 908 1599 984 nullo
1650 909 1981 1009 perdere
2030 935 2344 1011 possum

351 1035 512 1110 Nec
562 1034 978 1134 prohibere
1030 1034 1288 1130 modo,
1343 1034 1572 1110 simul
1624 1061 1713 1109 ac
1771 1060 1969 1133 vaga
2017 1034 2237 1110 Luna
2288 1035 2655 1112 decorum

351 1160 686 1236 Protulit
737 1187 842 1255 oe,
900 1162 1086 1259 quin
1143 1185 1314 1234 ossa
1369 1161 1639 1258 legant
1690 1159 2121 1259 herbasque
2174 1174 2557 1236 nocentes,

353 1285 530 1360 Vidi
585 1299 889 1383 egomet
935 1285 1164 1383 nigra
1213 1287 1683 1360 succinctam
1740 1285 2025 1361 vadere
2076 1284 2284 1384 palla

354 1408 760 1486 Canidiam
813 1409 1144 1508 pedibus
1189 1410 1416 1484 nudis
1468 1436 1853 1508 passoque
1904 1410 2207 1509 capilIO,

271 1569 324 1611 ιε
358 1533 554 1611 Cum
607 1533 914 1632 Sagana
965 1536 1260 1610 maiore
1313 1534 1775 1630 ululantem,
1830 1535 2083 1633 pallor
2137 1549 2501 1634 utrasque

355 1660 676 1736 Fecerat
735 1659 1161 1736 horrendas
1213 1674 1550 1761 aspectu.
1657 1659 2021 1760 Scalpere
2072 1674 2353 1736 terram

349 1785 762 1885 Unguibus
813 1797 889 1861 et
933 1784 1230 1886 pullam
1284 1784 1662 1862 divellere
1710 1785 2130 1890 mordicus·
2157 1809 2441 1884 agnam

354 1910 836 2012 Coeperunt3
894 1935 1124 1986 cruor
1174 1911 1254 1985 in
1309 1912 1597 1986 fossam
1654 1910 2038 2008 confusus,
2092 1923 2181 1986 ut
2228 1912 2413 1987 inde

353 2036 620 2112 Manes
673 2035 1040 2112 elicerent
1089 2035 1380 2112 animas
1433 2062 1803 2137 responsa
1856 2036 2187 2114 daturas.

269 2197 320 2236 ao
354 2161 614 2238 Lanea
665 2173 744 2236 et
789 2160 1090 2258 effigies
1143 2175 1326 2258 erat,
1381 2160 1627 2236 altera
1677 2187 1936 2237 cerea:
1990 2163 2239 2237 maior

353 2285 638 2383 Lanea,
689 2310 889 2386 quae
941 2285 1210 2388 poenis
1265 2300 1791 2384 compesceret
1841 2287 2325 2384 inferiorem,

249 2559 590 2616 Octavianus
639 2578 844 2631 „aeger
885 2561 947 2615 in
991 2560 1157 2616 domo
1192 2557 1407 2614 Maece-

247 2632 400 2687 natis
437 2632 732 2686 cubabat.“
790 2631 940 2687 Suet.
979 2631 1174 2687 OctaV.
1216 2633 1300 2685 72.
1339 2659 1407 2672 —

249 2701 465 2774 ορμον-ο]
501 2703 608 2757 Est
646 2721 820 2776 agger
847 2701 1140 2771 Tarquinii
1165 2703 1407 2771 Superbi

249 2793 287 2830 a
317 2778 486 2844 porta
506 2775 804 2844 Esquilina
828 2792 1004 2843 usque
1028 2775 1098 2830 ad
1119 2775 1408 2839 Collinam,

247 2845 400 2902 unde
442 2853 769 2916 prospectus
811 2847 1042 2916 patebat
1097 2847 1157 2900 in
1205 2846 1408 2915 Esqui-

249 2919 372 2972 lias.
448 2918 560 2973 Cic.
607 2917 676 2974 de
708 2918 848 2988 Rep.
884 2918 958 2988 11,
996 2921 1054 2972 6:
1115 2923 1217 2986 „ut
1263 2935 1407 2972 unus

247 2989 457 3057 aditus,
531 2990 628 3059 qui
703 2995 846 3044 esset
920 2991 980 3044 in
1047 2988 1406 3075 Esquilinum

247 3061 706 3129 Quirinalemque
735 3067 1000 3124 montem,
1037 3062 1276 3115 maximo
1313 3079 1406 3132 ay-

243 3149 372 3204 aere
407 3133 626 3200 obiecta,
661 3132 811 3187 fossa
851 3133 1172 3202 cingeretur
1207 3133 1405 3187 vastis-

248 3205 424 3259 sima!
474 3233 540 3244 —
581 3203 713 3274 quo]
751 3221 818 3258 ex
857 3221 984 3272 quo·
1023 3204 1242 3259 Bentlei
1279 3221 1406 3258 con-

247 3277 467 3330 iectura
492 3292 602 3347 qua
625 3275 792 3330 facile
811 3293 1078 3330 caremus.
1103 3275 1406 3345 Insequens

247 3365 444 3402 versus
508 3347 878 3417 spondeorum
941 3348 1223 3418 gravitate
1279 3365 1405 3416 pre-

246 3418 452 3488 mitur3
506 3419 764 3489 apposite
813 3417 886 3474 ad
932 3436 1068 3472 rem.
1123 3449 1195 3458 —
1206 3417 1404 3488 Cum]

249 3491 286 3544 i.
328 3507 374 3545 e.
414 3508 526 3560 quo
569 3495 826 3560 tempore
864 3489 1188 3560 (wahl-end).
1262 3489 1404 3544 Doe-

247 3562 580 3704 ww
604 3561 1166 3702 ffssg‘fflffiz‘g,
1193 3561 1405 3716 {23¹3}

247 3705 400 3760 linae
441 3705 606 3760 alites
643 3703 928 3776 (Epod.5,
959 3707 1102 3774 100),
1139 3706 1252 3759 alia
1289 3705 1406 3760 ani-

247 3777 422 3832 malia
465 3777 523 3830 id
567 3795 764 3848 genus,
817 3793 959 3845 quae
1003 3777 1276 3832 cadavera
1326 3795 1406 3832 se-

250 3851 518 3916 quuntur.
566 3877 634 3888 —-
683 3848 892 3916 suetae]
928 3849 1302 3918 trisyllabum,
1342 3853 1408 3902 ut

245 3921 427 3975 siluae
461 3919 640 3989 Epod.
683 3921 769 3988 13,
807 3922 858 3974 2.
910 3949 975 3959 -
1026 3937 1140 3976 non
1187 3925 1406 3976 tantum

248 3992 536 4061 maantam]
571 4009 686 4046 non
721 3997 840 4046 tam
876 4009 1061 4060 quam.
1105 3991 1222 4046 Sat.
1251 3991 1326 4060 Π,
1355 3993 1405 4060 5,

247 4065 338 4117 80.
375 4063 446 4118 cf.
486 4062 600 4118 Sat.
629 4063 702 4122 11,
742 4065 792 4126 3,
833 4065 956 4118 313.
995 4062 1161 4134 Ἶρι-3.
1201 4064 1405 4146 (Ξθοι3.

249 4133 346 4197 lv,
395 4135 512 4188 101.
547 4135 734 4189 Poetis
771 4133 878 4189 hoc
911 4136 1206 4204 proprium
1243 4141 1301 4190 et
1337 4135 1406 4188 iis

249 4205 350 4275 qui
385 4211 580 4275 poetas
616 4204 794 4260 secuti
831 4211 978 4260 sunt.

325 4275 393 4331 V.
411 4277 497 4330 21.
537 4277 840 4346 InmaJEp
843 4276 934 4330 od.
956 4279 1007 4345 5,
1025 4279 1110 4330 51
1135 4277 1207 4331 cf.
1235 4277 1404 4332 etiam

249 4347 388 4402 ibid.
417 4367 472 4402 v.
496 4347 580 4402 17.
607 4376 674 4387 -
721 4347 852 4402 Vidi
886 4348 1106 4429 egomet]
1147 4348 1256 4402 Hic
1278 4365 1408 4404 cum

247 4420 476 4476 initium
508 4418 754 4474 habeat'
737 4436 860 4487 ipsa
882 4418 966 4473 rei
990 4419 1258 4484 narratio,
1285 4438 1406 4476 ora-

247 4492 330 4546 tio
391 4491 637 4561 insurgit
700 4491 772 4544 ad
842 4490 1058 4559 epicam
1128 4491 1410 4560 quandam

247 4564 608 4635 gravitatem.
680 4561 802 4616 Iam
848 4560 1029 4617 Schol.
1083 4562 1144 4616 in
1189 4581 1408 4634 compa·

345 4685 574 4728 Horatius
600 4683 677 4726 ed.
701 4683 1042 4736 nmenburger
1067 4685 1140 4726 ed.
1171 4685 1276 4730 vu.

1502 2561 1782 2616 rationem
1835 2565 2110 2616 vocarunt
2156 2561 2323 2633 Verg.
2369 2563 2511 2616 Aen.
2560 2559 2661 2630 ΙΙΙ,

1504 2633 1629 2687 622.
1687 2663 1750 2672 -
1818 2632 2007 2704 nudis]
2070 2633 2345 2703 Compara
2403 2633 2661 2688 Medeam

1504 2704 1656 2774 apud
1718 2703 1984 2759 Ovidium
2046 2703 2179 2759 Met.
2230 2705 2354 2774 VII,
2409 2707 2528 2759 182.
2595 2735 2658 2744 -

1502 2775 1752 2846 Saqana]
1788 2775 1969 2858 Epod.
2007 2777 2059 2843 5,
2098 2777 2185 2832 25.
2249 2777 2435 2832 Maior
2472 2778 2661 2860 appel·

1501 2847 1675 2909 latur,
1712 2847 1803 2902 vel
1844 2848 1976 2915 quia
2011 2865 2263 2902 sororem
2304 2853 2441 2904 natu
2484 2849 2661 2904 mino-

1503 2936 1622 2974 rem
1660 2917 1875 2982 habuit,
1914 2918 2003 2974 vel
2048 2919 2182 2988 quia
2227 2921 2514 2990 potentior
2550 2920 2664 2975 fuit

1504 3007 1671 3058 quam
1712 2959 1963 3045 Canidia.
2036 2991 2107 3046 cf.
2146 3009 2197 3044 v.
2237 2994 2323 3046 41.
2398 2992 2523 3046 Non
2559 3010 2659 3046 ne-

1505 3062 1744 3116 cessaria
1790 3068 1874 3117 est
1919 3063 2241 3118 coniectura
2293 3063 2544 3118 Nauckii
2590 3062 2662 3117 ad

1503 3131 1594 3203 Ep
1596 3133 1685 3188 od.
1721 3135 1773 3200 5,
1798 3135 1868 3186 25
1907 3133 2140 3199 maiora,
2180 3135 2328 3203 quod
2369 3135 2661 3204 coniungit

1504 3223 1633 3259 cum
1691 3205 2001 3260 ululantem.
2067 3235 2132 3244 -—
2195 3207 2469 3276 utrasque]
2536 3205 2659 3260 Non

1502 3275 1815 3332 necessaria
1854 3277 2175 3331 coniectura
2212 3283 2515 3347 utramque.
2590 3277 2659 3331 cf.

1502 3345 1669 3418 Verg.
1709 3350 1851 3402 Aen.
1890 3345 1985 3416 VI,
2026 3351 2149 3403 685.
2189 3347 2299 3404 Cic.
2337 3347 2447 3420 Lig
2448 3367 2531 3403 ar.
2573 3351 2658 3412 12,

1503 3421 1593 3474 36.
1614 3366 1765 3474 gSall
1808 3419 1927 3473 Cat.
1966 3420 2051 3474 30.
2091 3419 2245 3475 Caes.
2282 3419 2348 3474 B.
2386 3421 2449 3476 G.
2486 3419 2532 3486 Ι,
2569 3423 2660 3474 53.

1502 3490 1567 3545 Β.
1609 3489 2379 3563 c.11,6..—cruor]1÷10m
2420 3491 2524 3546 od.
2562 3491 2659 3560 XI,

1503 3564 1574 3616 44
1612 3580 1733 3631 sqq.
1791 3593 1856 3600 —
1916 3561 2135 3632 Manes]
2184 3563 2661 3632 Frequentissima

1502 3637 1627 3689 tum
1645 3634 1915 3704 temporis
1934 3639 2343 3704 νεκρομαντεία.
2368 3635 2479 3688 Cic.
2499 3632 2659 3688 Tusc.

1502 3705 1549 3768 1,
1575 3706 1653 3760 16.
1716 3705 1853 3759 Inde
1890 3705 2039 3774 apud
2074 3711 2269 3774 poetas
2304 3705 2495 3759 Manes
2534 3723 2659 3759 evo-

1503 3781 1722 3844 cantur,
1770 3776 2107 3845 ubicumque
2142 3794 2313 3848 grave
2352 3775 2569 3845 aliquid
2604 3781 2663 3830 et

1503 3865 1769 3903 arcanum
1808 3847 1889 3914 fit,
1927 3849 2105 3902 veluti
2142 3847 2292 3918 apud
2312 3847 2511 3902 Silium
2530 3847 2661 3902 Ital.

1503 3919 1653 3986 1,9'7
1709 3919 1783 3973 ad
1833 3889 2167 3974 Hannibalis
2232 3923 2659 3975 sacramentum.

1503 3991 1575 4048 οἱ
1614 3991 1791 4047 Tacit.
1828 3993 1975 4046 Ann.
2011 3991 2084 4058 11,
2120 3993 2215 4046 28:
2264 3991 2489 4060 „Iunius
2540 3991 2661 4060 qui·

1503 4063 1649 4132 dam,
1696 4067 1964 4132 tentatus,
2022 4033 2087 4118 ut
2137 4063 2385 4118 infernas
2434 4063 2661 4117 umbras

1505 4133 1843 4190 carminibus
1901 4136 2129 4190 eliceret
2178 4136 2318 4190 etc.“
2403 4133 2659 4188 Ceterum

1505 4207 1780 4278 coniunge
1804 4207 2007 4262 Manes
2042 4208 2275 4261 animas,
2312 4203 2385 4260 cf.
2407 4205 2587 4259 Carm.
2617 4205 2663 4274 Ι,

1505 4277 1760 4342 4,16.—-
1792 4277 2077 4349 responsa]
2107 4277 2176 4332 de
2203 4277 2355 4332 felici
2379 4277 2462 4331 rei
2486 4277 2658 4332 exitu.

1505 4349 1576 4404 of.
1611 4367 1664 4404 v.
1703 4351 1775 4404 40
1796 4367 1859 4418 sq
1906 4379 1971 4389 —
2012 4347 2265 4419 daturas]
2304 4349 2506 4418 partic.
2537 4348 2663 4418 fut„

1503 4419 1789 4476 utCarm.
1827 4421 1873 4491 1,
1912 4423 1999 4490 28,
2036 4421 2087 4474 6.
2148 4420 2221 4487 ΙΙ,
2261 4422 2312 4488 3,
2350 4423 2401 4474 4.
2476 4419 2660 4490 Epist.

1505 4491 1579 4556 11,
1628 4495 1679 4561 2,
1726 4495 1813 4547 48.
1872 4523 1933 4532 --
1984 4460 2221 4561 Laneus
2281 4461 2439 4546 1²)uae
2498 4496 2661 4546 erant

1507 4563 1799 4636 imagines,
1818 4563 1999 4619 altera
2019 4565 2181 4618 lanea
2201 4580 2345 4632 quae
2356 4561 2661 4636 Canidiam,

2190 4663 2260 4720 26
