3092 5059
431 217 556 282 &m

1463 220 1819 290 EPODON

731 412 931 489 Dedi
981 414 1160 489 satis
1213 442 1599 516 superque
1650 442 2077 516 poenarum
2131 416 2295 513 tibi,

645 567 698 605 2⁰
733 536 1016 615 Amata
1067 542 1316 616 nautis
1369 541 1697 617 multum
1754 555 1829 617 et
1880 542 2377 617 institoribus.

729 663 964 763 Fugit
1013 665 1359 741 iuventas
1415 679 1489 742 et
1542 668 2020 743 verecundus
2075 668 2289 743 color

730 789 1069 889 Reliquit
1117 817 1288 867 ossa
1331 791 1539 889 pelle
1592 792 1867 867 amicta
1911 793 2201 887 lurida3

733 914 916 990 Tuis
973 915 1295 1013 capillus
1349 917 1566 993 albus
1622 931 1734 993 est
1773 918 2167 1011 odoribus,

730 1037 1042 1115 Nullum
1091 1042 1187 1116 ab
1241 1040 1512 1117 labore
1564 1069 1687 1117 me
1732 1042 2055 1119 reclinat
2110 1042 2385 1131 otium3

647 1195 698 1237 π
732 1164 977 1262 Urget
1021 1166 1226 1241 diem
1278 1192 1434 1241 nox
1488 1178 1565 1241 et
1615 1165 1777 1242 dies
1824 1179 2149 1263 noctem,
2205 1191 2457 1265 neque
2509 1178 2621 1242 est

733 1288 1027 1366 Levare
1078 1304 1288 1366 tenta
1330 1292 1607 1389 spiritu
1658 1292 2137 1389 praecordia.

729 1416 936 1514 Ergo
991 1430 1356 1513 negatum
1411 1418 1675 1492 vincor
1724 1430 1810 1493 ut
1861 1417 2169 1493 credam
2222 1420 2476 1513 miser,

735 1540 1044 1618 Sabella
1095 1554 1360 1641 pectus
1411 1543 1813 1642 increpare
1857 1546 2200 1620 carmina

735 1664 1140 1765 Caputque
1188 1667 1448 1743 Marsa
1499 1666 1829 1743 dissilire
1880 1670 2128 1745 nenia.

651 1822 703 1863 ao
739 1789 945 1883 Quid
999 1791 1329 1892 amplius
1382 1794 1550 1868 vis?

1655 1791 1722 1868 O
1775 1818 2007 1888 mare,
2066 1818 2110 1866 o
2163 1806 2391 1885 terra,
2446 1792 2682 1869 ardeo

735 1915 1124 2008 Quantum
1173 1941 1424 2015 neque
1477 1929 1644 1992 atro
1691 1916 2076 1992 delibutus
2123 1917 2504 1993 Hercules

667 2110 670 2113 ,
729 2042 951 2118 Nessi
1005 2068 1297 2139 cruore,
1350 2068 1494 2118 nec
1545 2043 1822 2119 Sicana
1874 2042 2179 2119 fervida

731 2168 1000 2243 Virens
1047 2168 1126 2242 in
1181 2168 1436 2244 Aetna
1485 2168 1833 2243 flamma:
1886 2183 1991 2265 tu,
2048 2168 2292 2244 donec
2338 2168 2530 2243 cinis

725 2292 1124 2369 Iniuriosis
1175 2290 1437 2367 aridus
1491 2292 1738 2367 ventis
1792 2292 2027 2387 ferar,

647 2450 698 2490 su
736 2418 961 2496 Cales
1018 2417 1327 2492 venenis
1385 2416 1697 2493 officina
1750 2416 2159 2496 Colchicis.

431 2633 624 2688 tleius:
681 2634 776 2702 „in
830 2651 896 2689 eo
953 2633 1248 2689 dumtaxat
1297 2632 1585 2699 differunt,

431 2704 582 2773 quod
634 2705 840 2760 relatus
891 2710 1122 2760 externa
1175 2706 1233 2759 vi
1289 2706 1584 2759 reductum

431 2773 726 2846 significet,
777 2778 1026 2847 rampuns
1081 2779 1232 2832 ultro
1278 2781 1336 2831 et
1385 2781 1585 2846 sponte

431 2865 534 2903 sua
570 2850 908 2903 reversum.“
945 2878 1010 2888 —
1056 2847 1306 2917 multum]
1345 2848 1474 2903 vide
1510 2848 1582 2902 ad

436 2920 616 2974 Carm.
653 2920 697 2981 Ι,
729 2922 818 2981 25,
851 2923 902 2975 5.
942 2950 1006 2960 —
1045 2920 1412 2990 institoribus]
1453 2920 1583 2973 vide

435 2991 506 3047 ad
555 2992 736 3046 Carm-
780 2992 879 3062 111,
920 2994 972 3057 6,
1021 2995 1104 3047 30.
1177 2991 1286 3047 Sed
1335 2992 1581 3047 animad-

433 3068 592 3118 verte
662 3072 874 3132 quanta
933 3064 1070 3119 insit
1131 3064 1190 3117 in
1252 3064 1358 3120 hac
1417 3064 1583 3119 laude

432 3133 708 3189 acerbitas
745 3141 803 3189 et
837 3135 1192 3191 contumelia.

507 3204 567 3260 V.
605 3209 692 3260 21.
725 3205 899 3277 fuqit]
944 3206 1224 3262 Nimirum
1270 3206 1403 3262 ficta
1450 3212 1583 3261 sunt

433 3277 572 3332 haec
606 3278 822 3346 omnia3
858 3296 972 3333 non
1007 3279 1194 3333 verior
1230 3282 1316 3334 est
1350 3279 1581 3333 canities

433 3366 601 3419 quam
639 3349 854 3404 luridus
891 3351 1046 3406 color
1080 3352 1240 3406 cutis.
1304 3350 1580 3405 Verecun-

433 3420 538 3475 dus
576 3421 729 3475 color
779 3422 954 3476 rubor
991 3426 1076 3477 est
1123 3423 1402 3477 iuventuti
1451 3440 1580 3491 pro-

434 3492 614 3561 prius3
651 3493 699 3545 is
737 3509 864 3547 ossa
889 3494 1178 3563 relinquit,
1215 3512 1340 3548 cum
1378 3510 1579 3563 corpus

433 3564 610 3618 macie
646 3564 960 3619 confectum
1003 3566 1144 3621 nihil
1181 3570 1266 3621 est
1313 3565 1422 3619 nisi
1457 3582 1582 3621 ossa

433 3641 492 3689 et
527 3634 687 3689 cutis.
720 3634 906 3703 Quare
929 3638 1168 3693 tenenda
1205 3642 1289 3693 est
1323 3636 1581 3691 codicum

431 3706 599 3761 lectio
647 3721 773 3761 ossa
819 3713 1014 3763 contra
1053 3710 1269 3765 Bentlei
1303 3710 1587 3769 coniecti»,

433 3794 731 3917 ἱὲἑῗηὲιῖῗό,
742 3780 1293 3919 Ῑιίἱῗιῖἶίῖωεοῖἷὲἓέἲ
1309 3780 1582 3905 Ηθΐῗῖἓὲῗ

434 3922 567 3975 lero.
663 3920 919 3976 Kellerus
981 3924 1271 3995 vulgatam
1330 3918 1583 3977 defendit

433 3992 520 4045 his
557 3991 692 4047 locis
728 3993 996 4049 laudatis:
1036 3994 1217 4049 Plaut.
1255 3992 1585 4059 Au1u1.111‚

434 4066 486 4131 6,
523 4064 616 4117 28:
677 4064 850 4132 „Ossa
885 4071 1054 4134 atque
1089 4066 1254 4135 pellis
1290 4069 1442 4119 totus
1479 4069 1582 4132 est,

433 4136 516 4189 ita
555 4152 690 4189 cura
726 4138 970 4206 macet;“
1009 4138 1084 4191 id.
1117 4138 1275 4205 Capt.
1311 4135 1357 4197 Ι,
1397 4138 1446 4201 2,
1485 4137 1580 4189 30:

436 4223 577 4277 „ego
623 4224 746 4261 ossa
793 4212 960 4277 atque
1004 4209 1168 4278 pellis
1217 4224 1341 4261 sum
1379 4208 1584 4262 misera

433 4278 858 4334 macritudine.“
897 4280 994 4334 Sil.
1031 4280 1104 4347 11,
1139 4278 1272 4333 466:
1319 4279 1466 4347 „iam
1500 4280 1582 4333 lu-

435 4350 560 4404 rida
605 4350 723 4404 sola
759 4351 934 4406 Facta
981 4356 1108 4407 cute
1155 4356 1213 4405 et
1246 4352 1401 4405 venis
1436 4352 1585 4406 male

435 4422 626 4475 iuncta
697 4423 1065 4478 trementibus
1135 4440 1262 4477 ossa
1321 4422 1584 4491 Exstant,

435 4492 780 4561 consumptis
804 4495 928 4549 visu
953 4494 1230 4550 deformia
1264 4494 1581 4550 membris.“

436 4592 506 4604 -—·
559 4563 838 4635 odoribus]
884 4567 1184 4637 unguentis
1227 4567 1476 4639 magicis.
1517 4596 1583 4607 -

1676 2648 1846 2703 neque
1880 2634 1977 2703 est]
2012 2630 2131 2687 οὐδ’
2166 2632 2300 2688 ἔστι.
2337 2660 2403 2672 -
2452 2632 2732 2703 negatum]
2769 2631 2829 2687 id

1678 2705 1829 2774 quod
1874 2706 2009 2759 olim
2052 2722 2407 2776 negaveram.
2466 2734 2532 2743 —-
2588 2703 2829 2773 Sabella]

1676 2776 1790 2831 Sat.
1830 2778 1874 2844 l,
1912 2779 1965 2845 9,
2002 2778 2088 2831 29.
2160 2777 2239 2832 Ut
2284 2776 2459 2831 Marsi
2522 2776 2605 2830 sic
2656 2776 2831 2831 etiam

1678 2848 1887 2903 Sabelli
1908 2854 1967 2903 et·
1983 2848 2241 2919 Paeligni
2266 2847 2611 2917 magicarum
2638 2864 2830 2902 rerum

1675 2922 1864 2989 periti.
1904 2921 1973 2975 ef.
2010 2921 2099 2989 Ep
2102 2920 2191 2975 od.
2232 2922 2281 2985 5,
2322 2920 2408 2973 76.
2460 2919 2613 2973 infra
2647 2938 2701 2972 v.
2739 2920 2827 2972 60.

1677 2992 1819 3047 Vide
1856 2992 1928 3048 ad
1966 2938 2520 3059 Carm.11,1,38.-
2550 2990 2812 3045 Hercules

1676 3064 1765 3133 Ep
1768 3064 1855 3119 od.
1896 3067 1945 3129 3,
1986 3068 2067 3118 17.
2132 3092 2197 3102 -
2254 3064 2439 3117 virens
2472 3060 2715 3131 flamma]

1674 3137 1919 3191 colorem
1976 3134 2255 3189 sulfureae
2310 3132 2601 3200 flammae,
2662 3150 2832 3203 quam

1676 3208 1903 3263 exhalat
1962 3209 2161 3262 Aetna.
2264 3204 2459 3259 Potest
2514 3205 2829 3274 comparari

1676 3278 1839 3335 ovid.
1888 3278 2025 3334 Met.
2074 3278 2145 3339 11.
2186 3278 2311 3331 778:
2378 3280 2645 3345 „pectora
2697 3274 2833 3330 felle

1675 3351 1915 3405 virentf‘
1991 3349 2228 3405 Forcell.
2274 3365 2317 3401 s.
2371 3365 2449 3402 v.:
2510 3365 2831 3416 „nunquam

1674 3422 2084 3489 intermoriens,
2144 3420 2242 3475 sed
2292 3420 2579 3489 perpetuis
2634 3418 2831 3489 vigens

1674 3494 1733 3563 ig
1736 3492 1950 3560 nibusf‘
2004 3494 2085 3547 sic
2128 3494 2296 3546 etiam
2337 3490 2594 3545 Kellerus
2646 3491 2834 3545 virm

1674 3564 1945 3633 explicat;
1980 3564 2371 3645 Peerlkampio
2392 3563 2544 3617 idem
2572 3567 2657 3617 est
2677 3562 2837 3630 quod

1668 3636 1902 3705 fulgens.
1958 3636 2155 3691 Virem
2174 3634 2376 3705 optimi
2394 3634 2629 3700 codices,
2656 3634 2836 3689 etiam

1672 3706 1978 3770 Blandinii,
2012 3724 2151 3776 quos
2172 3706 2379 3761 Keller.
2400 3704 2659 3760 Mueller.
2683 3704 2835 3759 Euk-

1676 3779 1837 3833 stein.
1886 3778 2107 3834 Schiitz.
2158 3778 2335 3833 secuti
2383 3782 2530 3845 sunt,
2583 3778 2643 3831 in
2703 3777 2837 3831 aliis

1674 3848 2837 3991 2552?52u221²5¹⁸252152120q¹¹125¹n1232

1674 3993 1909 4048 Lehrsio
1944 3994 2173 4062 placuit.
2198 4021 2271 4031 —
2298 3990 2519 4061 οἰκίη,
2524 3991 2626 4059 ‚Tu
2652 3991 2837 4046 veluti

1676 4066 1949 4134 quaedam
2011 4081 2355 4119 venenorum
2429 4062 2657 4119 officina
2716 4080 2839 4119 non

1676 4138 1914 4192 cessabis
1977 4154 2067 4191 me
2122 4136 2238 4189 tuis
2292 4135 2518 4191 venenis
2574 4152 2832 4200 exurere,

1674 4209 1853 4263 donec
1900 4207 2215 4262 exaruerim
2268 4212 2325 4261 et
2370 4206 2571 4261 cineris
2618 4207 2678 4261 in
2714 4224 2835 4261 mo-

1677 4280 1811 4334 dum
1854 4284 2215 4349 consumptus
2251 4278 2457 4333 fuerim
2471 4278 2531 4332 '?“
2574 4308 2638 4317 —
2678 4278 2837 4331 iniu-

1676 4350 1861 4419 riosis]
1900 4350 2128 4406 Summa
2150 4350 2210 4404 in
2234 4355 2486 4405 mortuos
2512 4349 2721 4404 iniuria
2744 4354 2839 4403 est

1677 4424 1889 4477 cineres
1910 4440 2103 4477 eorum
2123 4422 2305 4476 ventis
2314 4420 2833 4491 dissipandosdare.

1680 4523 1745 4533 -
1768 4493 1917 4564 Quae
1930 4492 2083 4562 finis]
2112 4494 2311 4559 exitus,
2326 4498 2589 4559 eventus3
2614 4493 2697 4547 sic
2713 4509 2835 4547 non

1677 4582 1807 4655 raro
1831 4564 2101 4621 feminino
2120 4581 2352 4636 genere·
2391 4564 2555 4635 Verg.
2589 4566 2729 4619 Aen.
2756 4562 2838 4635 11,
