3092 5059
486 222 613 288 524

1378 223 1996 292 EPISTULARUM

584 411 668 488 Si
724 439 847 488 me
899 415 1161 491 vivere
1212 415 1329 489 vis
1381 441 1652 508 sanum
1703 427 2065 513 recteque
2115 414 2522 510 valentem,

591 537 841 630 Quam
891 538 1081 614 mihi
1134 538 1271 614 das
1322 565 1582 637 aegro,
1638 539 1856 616 dabis
1910 553 2311 637 aegrotare
2361 539 2683 632 timenti,

510 694 538 732 s
591 664 1013 760 Maecenas,
1068 663 1398 759 veniam,
1451 663 1636 737 dum
1686 664 1874 738 ficus
1925 663 2179 761 prima
2231 663 2598 762 calorque

583 789 1198 887 Dissignatorem'
1241 789 1556 866 decorat
1605 789 2006 865 lictoribus
2059 788 2266 883 atris,

582 912 787 988 Dum
838 913 1097 1012 pueris
1150 914 1393 989 omnis
1444 928 1668 1012 pater
1719 929 1794 990 et
1845 913 2264 990 matercula
2314 911 2574 1014 pallet,

586 1037 1111 1137 Officiosaque
1164 1038 1529 1115 sedulitas
1585 1054 1662 1115 et
1715 1039 1975 1138 opella
2026 1040 2358 1116 forensis

588 1159 933 1238 Adducit
984 1162 1241 1239 febres
1298 1178 1371 1239 et
1422 1178 1879 1242 testamenta
1929 1166 2292 1265 resignat.

484 1319 537 1358 ιο
588 1287 882 1381 Quodsi
935 1289 1210 1365 bruma
1260 1292 1475 1367 nives
1531 1291 1856 1367 Albanis
1911 1291 2181 1367 inlinet
2231 1291 2458 1388 agris,

586 1412 713 1488 Ad
768 1441 979 1490 mare
1026 1414 1438 1491 descendet
1487 1430 1698 1492 vates
1745 1429 1916 1491 tuus
1969 1428 2045 1492 et
2094 1416 2242 1492 sibi
2293 1428 2558 1517 parcet

585 1537 1192 1640 Contractusque
1247 1540 1481 1639 leget3
1539 1555 1640 1637 te,
1696 1540 1939 1617 dulcis
1992 1542 2260 1636 amice,
2316 1541 2600 1616 reviset

586 1663 783 1742 Cum
835 1663 1235 1764 ZephyriS,
1292 1665 1355 1739 si
1407 1666 1806 1759 concedes,
1861 1679 1936 1740 et
1987 1664 2404 1742 hirundine
2447 1665 2720 1763 prima.

483 1929 573 1983 vel
608 1928 745 1999 ipsis
777 1930 1031 1984 Arabum
1082 1931 1297 1986 divitiis
1348 1931 1636 2002 praeferre

486 2017 600 2054 non
636 2000 875 2055 dubitet.
939 2001 1059 2056 Sibi
1098 2003 1245 2058 enim
1283 2009 1471 2059 aetate
1503 2021 1633 2073 pro-

484 2072 723 2126 vectiori
778 2076 833 2126 et
892 2074 1140 2143 corporis
1196 2075 1409 2130 viribus
1462 2075 1632 2144 paulo

485 2142 666 2197 fracto
704 2142 819 2198 alia
852 2144 965 2199 iam
1003 2163 1142 2215 opus
1180 2163 1297 2201 esse
1315 2148 1468 2202 vitae
1505 2164 1634 2202 con-

483 2214 721 2282 dicione,
759 2233 928 2284 quam
954 2234 1064 2287 qua
1088 2235 1262 2286 usque
1293 2219 1365 2273 ad
1401 2219 1461 2272 id
1494 2223 1634 2273 tem·

482 2303 587 2355 pus
624 2305 657 2341 a
697 2287 773 2340 nd
810 2292 1111 2356 patronum
1145 2289 1465 2346 munificum
1502 2308 1636 2344 usus

486 2358 577 2412 sit.
696 2358 857 2414 uodsi
898 2357 1189 2415 Maecenas
1224 2361 1468 2428 vincula,
1513 2363 1634 2431 qui-

487 2429 590 2483 bus
639 2429 691 2484 ei
740 2429 1025 2486 beneficiis
1062 2433 1121 2485 in
1174 2432 1357 2501 ipsum
1414 2433 1634 2488 collatis

484 2519 544 2555 se
578 2502 787 2557 sentiat
824 2503 1178 2572 obstrictum,
1213 2504 1405 2559 laxare
1440 2503 1635 2573 nollet,

484 2572 599 2626 iam
645 2591 785 2642 quae
839 2574 987 2628 bona
1042 2576 1345 2645 accepisset
1400 2593 1459 2630 se
1508 2576 1634 2630 red-

486 2644 619 2698 dere
656 2650 713 2698 et
748 2663 811 2699 re
849 2663 983 2700 vera
1019 2647 1163 2702 velle
1207 2652 1265 2702 et
1300 2663 1476 2716 aequo
1517 2649 1634 2702 ani·

484 2733 577 2770 mo
638 2733 800 2785 posse
860 2716 1154 2787 significat.
1249 2717 1403 2774 Haec
1461 2720 1633 2773 animi

484 2803 645 2841 sensa
680 2792 799 2842 tam
836 2788 1065 2858 urbane,
1112 2795 1231 2844 tam
1282 2789 1463 2845 facete
1503 2795 1636 2845 ante

484 2858 673 2913 oculos
731 2860 895 2929 ponit
958 2860 1314 2931 Maecenatis,
1372 2868 1438 2917 ut
1497 2862 1636 2916 haec

485 2929 609 3012 ipsa
642 2931 885 3000 epistula
930 2931 1147 3003 insigne
1190 2934 1267 2988 sit
1311 2937 1369 2988 et
1404 2933 1632 2988 liberta·

485 3001 559 3054 tis
592 3007 651 3056 et
684 3003 1021 3058 urbanitatis
1046 3005 1454 3060 documentum.
1510 3005 1632 3058 Pri-

484 3089 639 3126 mum
677 3075 825 3128 enim
858 3076 1007 3143 quod
1044 3076 1113 3130 de
1149 3077 1509 3131 restituendis
1546 3095 1632 3131 re·

485 3144 589 3197 bus
622 3145 731 3200 sibi
768 3146 933 3200 facile
958 3148 1105 3202 obici
1140 3163 1301 3216 posse
1324 3149 1635 3218 praesumit

483 3221 670 3284 poeta,
726 3217 909 3272 iocose
964 3219 1232 3273 inlustrat
1292 3219 1478 3288 lepido
1532 3221 1631 3274 illo

483 3287 556 3340 de
578 3288 872 3356 vulpecula
896 3290 1151 3361 apolog0‚
1171 3308 1283 3360 qua
1310 3291 1537 3359 quidem
1562 3292 1632 3345 si-

483 3359 805 3442 militudine
828 3377 959 3415 usus
983 3362 1242 3417 omnibns
1280 3368 1415 3416 nota
1448 3362 1634 3424 simul,

484 3430 532 3483 si
558 3447 668 3499 qua
694 3431 823 3499 fuit,
852 3434 937 3486 rei
961 3433 1172 3488 lenitur
1198 3451 1365 3502 quam
1390 3436 1633 3488 maxime

484 3501 777 3558 acerbitas.
841 3503 985 3558 Tum
1020 3504 1093 3558 ad
1120 3504 1552 3576 significandum
1576 3509 1634 3560 et

487 3580 751 3642 paratum
803 3593 911 3643 quo
968 3577 1155 3631 omnia
1208 3577 1443 3632 reddere
1493 3577 1635 3631 velit

488 3646 733 3700 animum
787 3651 844 3700 et
887 3652 1161 3702 mutatam
1205 3655 1415 3703 sortem
1458 3665 1634 3717 aeque

485 3717 762 3772 ferentem
797 3717 1012 3773 duobus
1047 3719 1301 3789 apprime
1334 3721 1518 3774 utitur
1540 3737 1634 3775 ex-

488 3790 735 3914 enkrpllizm
756 3790 935 3914 altuero
986 3789 1404 3917 αᾶΤοὶειιιῖοΙιῖ,
1446 3792 1634 3917 &ffiro

486 3876 523 3913 a
596 3877 633 3914 u
736 3879 768 3914 o
870 3878 976 3915 ena
1052 3879 1205 3916 esum
1273 3881 1320 3916 is
1577 3880 1632 3917 a·

486 3931 621 3986 rius.
673 3935 871 3986 Annus
904 3949 1015 4002 quo
1041 3864 1355 4002 epistulium
1362 3935 1635 4003 scriptam

486 4019 603 4057 esse
646 4001 897 4058 dicamus
948 4005 1189 4059 inveniri
1224 4007 1445 4074 nequit3
1500 4023 1632 4060 nam

486 4073 704 4128 etiamsi
742 4075 1010 4130 concedas
1052 4093 1213 4146 posse
1260 4095 1381 4131 eam
1428 4077 1631 4131 referri

486 4143 561 4199 ad
611 4146 722 4200 iter
778 4147 929 4215 quod
964 4147 1183 4202 Veliam
1240 4153 1297 4202 et
1341 4147 1632 4203 Salernum

482 4221 709 4284 poetam
751 4217 947 4273 fecisse
980 4236 1047 4273 ex
1080 4219 1322 4288 epistula
1344 4219 1446 4274 XV
1483 4220 1635 4273 vide·

486 4303 627 4353 mus,
664 4289 805 4342 illud
841 4291 1023 4359 ipsum
1071 4290 1184 4374 iter
1221 4308 1333 4361 quo
1370 4308 1515 4345 anno
1555 4291 1634 4345 fa-

487 4328 639 4410 ctum
674 4359 749 4412 sit
772 4376 883 4414 non
910 4366 1099 4430 potest
1132 4361 1389 4416 inveniri.
1448 4361 1635 4417 Obba-

490 4427 595 4494 rio,
644 4429 733 4482 cui
782 4433 1051 4487 assentire
1095 4433 1323 4488 videtur
1372 4433 1635 4503 Orellius,

490 4498 700 4564 scripta
718 4501 958 4568 epistula
982 4502 1207 4558 videtur
1226 4523 1275 4559 a.
1298 4507 1427 4572 731;
1448 4504 1632 4558 Duen-

490 4569 645 4621 tzero
680 4569 832 4626 intra
868 4589 1040 4628 annos
1066 4575 1169 4631 732
1207 4581 1268 4630 et
1300 4577 1423 4630 735.

1799 1931 1867 1987 V.
1895 1935 1941 1986 1.
1981 1930 2218 2002 quinque
2241 1931 2385 2001 dies]
2407 1935 2594 1987 certus
2617 1947 2860 1985 numerus

1728 2021 1832 2074 pro
1887 2004 2101 2058 incerto
2154 2004 2370 2073 positus
2425 2003 2497 2059 ad
2554 2001 2858 2057 indicandos

1729 2093 1936 2146 paucos
1972 2075 2105 2130 dies.
2179 2075 2250 2130 cf.
2290 2075 2405 2130 Sat.
2442 2075 2488 2142 1,
2525 2077 2579 2139 3,
2609 2076 2691 2128 16.
2727 2073 2794 2138 11,
2815 2073 2858 2138 3,

1729 2149 1850 2202 289.
1887 2147 1960 2208 Η,
1988 2150 2040 2213 7,
2062 2146 2153 2201 89.
2187 2175 2252 2186 -
2291 2145 2572 2216 Βωὲίἱαη]
2611 2146 2858 2215 quiman-

1729 2219 1804 2273 sis
1841 2237 1891 2273 a.
1929 2237 1983 2272 u.
2017 2236 2062 2274 c·
2091 2219 2198 2273 746
2234 2219 2520 2288 Augustus
2557 2217 2856 2272 nominatus

1729 2295 1831 2345 est.
1843 2319 1916 2330 —-
1932 2305 2128 2346 sanum
2143 2295 2390 2359 recteque
2405 2288 2698 2357 valentem]
2723 2287 2860 2342 Hanc

1729 2363 2070 2431 optimorum
2097 2361 2350 2416 codicum
2374 2361 2676 2416 lectionem
2695 2375 2860 2414 recen·

1728 2434 1931 2488 tissimi
1987 2433 2231 2488 editores
2289 2439 2441 2487 recte
2505 2433 2858 2486 restituerunt

1727 2509 1926 2588 utpote
1945 2505 2214 2560 sermonis
2239 2503 2537 2560 cottidiani
2557 2503 2857 2568 formulam,

1727 2577 1936 2632 reiecta
1971 2577 2151 2631 altera
2193 2582 2436 2646 recteque
2479 2574 2665 2630 videre
2703 2574 2858 2629 valen·

1729 2653 1847 2702 tem.
1887 2648 1957 2703 cf.
1978 2648 2157 2717 Epist.
2176 2647 2221 2715 I,
2249 2648 2331 2712 16,
2357 2649 2442 2702 21.
2481 2647 2593 2701 Cic.
2615 2646 2786 2702 Ausd-
2800 2643 2858 2707 Π.

1729 2723 1778 2784 7,
1813 2722 1902 2773 19:
1938 2719 2032 2787 „Si
2070 2734 2260 2774 sensus
2297 2724 2355 2774 et
2386 2719 2508 2773 sani
2545 2723 2681 2774 sunt
2703 2723 2856 2772 etva-

1726 2791 1958 2846 lentes.“
1999 2821 2066 2830 —
2102 2791 2343 2861 veniam]
2379 2807 2493 2844 non
2535 2795 2652 2844 est.
2701 2805 2856 2858 „·com

1725 2868 1974 2917 meatum
1999 2861 2266 2932 (Urlaub)
2289 2861 2469 2929 dabis,
2491 2861 2589 2915 sed
2611 2861 2853 2931 precibus

1727 2933 2011 3002 concedes,
2045 2939 2112 2988 ut
2149 2935 2270 2988 ruri
2311 2935 2516 2988 vivam.
2518 2933 2552 2962 ‘⁶
2629 2933 2774 2988 Caes.
2807 2929 2844 2983 B

1727 2975 2132 3068 G.V111'5,ss.
2168 3005 2335 3076 Verg
2375 3003 2854 3070 Aen.1V,.435-

1721 3077 1859 3144 ficus
1885 3078 2100 3146 prima]
2139 3094 2282 3147 quae
2307 3093 2498 3130 mense
2522 3078 2780 3146 Augusto
2813 3077 2859 3126 et

1727 3148 2044 3218 Septembri
2114 3154 2491 3202 maturescens
2550 3163 2728 3217 grave
2779 3161 2858 3198 au·

1725 3221 1905 3274 tumni
1941 3225 2161 3290 tempus
2197 3219 2426 3274 indicat.
2473 3219 2589 3273 Sat.
2614 3219 2690 3282 Π,
2715 3218 2857 3284 6,19.

1727 3291 2397 3360 cnrm.11,14,16.—
2437 3287 2857 3369 dissipamus]

1729 3363 2174 3434 „Dissignatorcs
2211 3367 2342 3417 sunt
2373 3361 2642 3416 funerum
2675 3358 2858 3415 manci·

1725 3451 1823 3504 pes
1861 3441 1918 3489 et
1963 3435 2341 3500 ordinatores;
2389 3451 2522 3487 nam
2567 3433 2704 3487 dis'

1729 3510 1814 3560 est
1833 3505 2115 3561 ordinare.
2143 3505 2291 3560 unde
2310 3510 2368 3559 et
2387 3505 2484 3574 qui
2505 3504 2668 3559 loca
2649 3521 2710 3557 ιιι
2727 3503 2856 3556 thea-

1725 3577 1832 3631 tris
1857 3576 2262 3647 spectatoribus
2297 3576 2733 3638 distribuebant,
2765 3573 2856 3627 dis·

1727 3649 2038 3719 signatores
2057 3648 2439 3703 dicebanturf‘
2477 3647 2686 3702 Comm.
2713 3646 2854 3712 cruq

1728 3749 1794 3760 -
1853 3720 2094 3803 decorat]
2154 3718 2341 3774 Habet
2399 3719 2618 3788 aliquid
2675 3715 2854 3782 festivi,

1725 3807 1830 3862 pro
1885 3790 2060 3860 stipat
2123 3819 2182 3830 -
2251 3788 2564 3860 lictoribus]
2639 3789 2747 3845 Cic.
2799 3785 2855 3840 de

1725 3862 1863 3933 Leg.
1895 3861 1968 3930 H,
2004 3864 2089 3924 24,
2127 3865 2224 3917 61.
2317 3860 2597 3931 „Reliqua
2641 3865 2769 3915 sunt
2807 3859 2856 3912 in

1727 3951 1897 3998 more,
1953 3934 2120 3988 funus
2175 3938 2241 3988 ut
2295 3933 2600 4000 indicatur,
2649 3933 2701 3986 si
2741 3928 2854 4000 quid

1728 4005 2015 4071 ludorum3
2071 4005 2440 4075 dominusque
2495 4004 2712 4058 funeris
2757 4009 2852 4056 ut·-

1727 4081 1822 4131 tur
1877 4093 2104 4132 accenso
2179 4083 2346 4146 atque
2401 4075 2750 4130 lictoribusf‘
2799 4101 2852 4112 -

1727 4147 1946 4217 dulim]
1989 4165 2100 4217 quo
2152 4149 2322 4203 verbo
2373 4149 2561 4216 prima
2596 4148 2776 4228 hiems·
2797 4144 2850 4198 si·

1727 4218 2055 4290 gnificatur,
2115 4237 2242 4275 cum
2301 4225 2516 4274 montes
2577 4220 2708 4273 nive
2761 4217 2850 4270 iam

1727 4296 2219 4361 asperguntur.—
2152 4292 2326 4346 —ad
2359 4290 2533 4358 mars]
2569 4291 2699 4344 Non
2734 4287 2852 4342 mals

1727 4363 2085 4418 coniecerunt
2127 4363 2239 4417 viri
2283 4363 2438 4417 docti
2489 4379 2560 4415 ex
2609 4379 2768 4416 versu
2797 4359 2850 4410 ⁴5

1728 4433 2032 4489 Tarentum
2051 4433 2379 4505 significari3
2405 4450 2537 4488 nam
2557 4450 2686 4488 cum
2703 4431 2850 4486 Tibur

1729 4511 1787 4560 et
1825 4505 2130 4560 Tarentum
2167 4509 2364 4560 contra
2407 4505 2610 4560 urbem
2645 4503 2848 4560 nomm

1727 4575 1808 4630 ibi
1839 4577 2109 4647 posuerit,
2145 4595 2210 4632 eo
2247 4583 2438 4633 autem
2459 4577 2584 4647 ipso
2607 4583 2846 4646 tompore,
