3092 5059
487 230 611 297 618

1536 230 1620 295 LI
1629 229 1792 296 BER

584 417 1007 516 Fingentur
1054 418 1370 516 species,
1425 431 1509 492 ut
1563 444 1706 493 nec
1751 443 1888 516 pes
1941 445 2080 495 nec
2133 431 2359 519 caput
2407 418 2538 494 uni

585 541 981 619 Reddatur
1033 543 1352 620 formae.

1462 545 1950 640 „Pictoribus
2011 558 2240 643 atque
2285 545 2536 641 poetis

512 703 559 742 ιο
596 668 996 761 Quidlibet
1050 667 1386 744 audendi
1438 693 1746 770 semper
1795 669 1945 744 fuit
1995 695 2242 767 aequa
2291 665 2706 766 potestas.“

586 791 905 888 Scimus,
930 806 1004 867 et
1024 793 1223 868 hanc
1236 795 1541 869 veniam
1571 796 2054 892 petimusque
2073 795 2496 894 damusque
2513 795 2864 890 vicissim,

586 916 738 994 Sed
794 943 950 991 non
1002 932 1087 992 ut
1138 917 1464 1018 placidis
1520 931 1791 994 coeant
1839 920 2182 1014 immitia,
2237 945 2389 994 non
2445 931 2528 994 ut

586 1041 994 1139 Serpentes
1042 1042 1311 1118 avibus
1365 1045 1872 1140 geminentur,
1927 1045 2252 1142 tigribus
2295 1045 2502 1141 agni.

584 1165 919 1263 Inceptis
972 1166 1337 1264 gravibus
1390 1167 1852 1267 plerumque
1905 1184 1980 1244 et
2029 1191 2310 1266 magna
2359 1169 2735 1266 professis

502 1321 551 1364 ιε
588 1291 1052 1390 Purpureus,
1108 1291 1261 1367 late
1314 1293 1449 1390 qui
1498 1294 1932 1392 splendeat,
1982 1319 2175 1368 unus
2227 1307 2304 1369 et
2354 1294 2548 1370 alter

584 1413 937 1491 Assuitur
990 1441 1311 1516 pannus,
1367 1443 1534 1493 cum
1591 1417 1802 1494 lucus
1863 1432 1939 1494 et
1987 1445 2124 1493 ara
2173 1419 2466 1494 Dianae

580 1540 679 1615 Et
729 1544 1212 1639 properantis
1264 1568 1511 1641 aquae
1564 1569 1706 1644 per
1751 1569 2115 1618 amoenos
2172 1545 2502 1619 ambitus
2557 1569 2791 1640 agros

584 1665 746 1740 Aut
796 1665 1081 1742 flumen
1134 1667 1486 1744 Rhenum
1541 1682 1671 1743 aut
1719 1668 2026 1766 pluvius
2079 1667 2537 1744 describitur
2589 1695 2848 1764 arcus,

586 1789 741 1866 Sed
792 1817 998 1866 nunc
1032 1817 1189 1866 non
1237 1807 1402 1868 erat
1450 1793 1570 1868 his
1621 1793 1859 1869 locus.
1913 1795 2011 1868 Et
2061 1794 2386 1869 fortasse
2437 1819 2878 1892 cupressum

502 1949 555 1990 ιο
591 1913 754 1991 Scis
810 1916 1203 2014 simulare;
1261 1918 1444 2018 quid
1498 1918 1673 2010 hoc,
1725 1919 1786 1993 si
1841 1920 2103 1994 fractis
2159 1931 2418 1994 enatat
2469 1943 2748 2016 exspes

578 2039 946 2139 Navibus,
1002 2069 1181 2120 aere
1235 2043 1413 2119 dato
1471 2045 1606 2142 qui
1673 2044 2070 2141 pingitur?
2170 2041 2578 2141 Amphora
2630 2043 2880 2140 coepit

579 2163 919 2242 Instituit
972 2183 1323 2246 currente
1372 2182 1547 2244 rota
1599 2194 1734 2244 cur
1783 2193 2056 2244 urceus
2109 2169 2318 2244 exit?

580 2291 932 2392 Denique
984 2294 1079 2369 sit
1129 2293 1433 2393 quidvis
1484 2293 1815 2390 simplex
1867 2293 2267 2370 dumtaxat
2315 2305 2390 2367 et
2441 2319 2712 2370 unum.

483 2499 721 2555 fuerunt
766 2500 1189 2571 (Arabesken).“
1228 2531 1295 2544 --
1338 2519 1401 2558 ae
1481 2503 1509 2574 ']
1557 2503 1636 2558 fe·

483 2572 738 2627 brientis.
778 2601 845 2612 -
882 2573 1104 2643 species]
1142 2573 1211 2628 cf.
1250 2574 1375 2628 Liv.
1450 2575 1552 2642 111,
1577 2575 1634 2629 6:

482 2643 745 2712 „Consuli
814 2644 1025 2699 dicitur
1090 2645 1213 2699 visa
1270 2645 1468 2715 species
1522 2647 1636 2700 viri

480 2714 921 2840 ῗίἳὶίἔῆῗιιαιιόι
956 2733 1061 2785 pro
1098 2717 1343 2843 {gameno
1380 2718 1633 2820 habitat:

482 2804 501 2839 1
782 2825 798 2853 ,
924 2807 939 2840 ε
992 2805 1101 2854 „no
1158 2805 1335 2844 urnae
1446 2805 1596 2844 omes.

484 2857 583 2912 Sil.
604 2857 756 2925 xm,
780 2859 913 2912 394:
952 2857 1258 2926 „Versatur
1280 2806 1478 2930 εροὲσε
1504 2865 1635 2916 ante

486 2946 587 2983 ora
610 2929 911 2998 oculosque
933 2933 1287 2999 parentum.“
1314 2932 1476 2986 Ovid.
1496 2931 1633 2986 Met.

483 2999 583 3068 XI,
619 3001 739 3055 677.
811 3001 937 3057 Non
974 3008 1104 3057 sunt
1138 3003 1247 3058 loci
1283 3004 1532 3073 speciosi,
1570 3007 1636 3057 ut

482 3089 661 3142 nuper
711 3073 894 3129 voluit
937 3073 1343 3130 Doederlinius.
1445 3075 1635 3130 Vanae

482 3149 670 3198 autem
718 3151 865 3211 sunt,
916 3146 1049 3214 quia
1092 3147 1151 3200 in
1200 3151 1403 3200 natura
1446 3164 1636 3202 rerum

483 3232 759 3284 nusquam
804 3218 1177 3286 reperiuntur.
1214 3247 1284 3258 -
1312 3219 1634 3288 pictoribus]

484 3285 576 3342 Sic
612 3288 789 3356 possit
824 3288 1027 3357 aliquis
1064 3289 1300 3344 obicere.
1339 3319 1405 3328 —
1441 3289 1635 3358 aequa]

484 3359 609 3412 iure
630 3359 921 3428 permissa.
957 3359 1221 3428 Diphilus
1256 3361 1405 3430 apud
1429 3360 1634 3414 Athen.

484 3431 537 3497 6,
563 3434 617 3483 l:
659 3431 828 3498 ,,(τοΐς
868 3432 1192 3501 τραγῳδοῖς)
1218 3431 1435 3492 ἐξουσία
1447 3427 1638 3486 Ἔστιν

482 3503 665 3570 λέγειν
719 3498 937 3554 ἅπαντα
992 3507 1085 3556 καὶ
1148 3510 1327 3558 ποιεῖν
1385 3499 1634 3574 μόνοιςέ*

481 3573 717 3627 Lucian.
764 3590 869 3642 pro
914 3575 1121 3645 imagg.
1172 3577 1269 3629 18:
1352 3573 1638 3642 ,,Παλαιὸς

482 3627 638 3703 οὗτος
682 3641 715 3698 ὁ
760 3640 937 3714 λόγος,
984 3640 1315 3707 ἀνευθύνους
1358 3647 1495 3699 εἰναι
1542 3649 1636 3699 καὶ

481 3712 709 3782 ποιητὰς
743 3721 835 3769 καὶ
868 3719 1176 3788 γραφέας.“
1214 3747 1280 3760 --
1318 3717 1525 3787 coeant]
1563 3718 1636 3773 cf.

480 3787 661 3857 Epod.
705 3791 789 3856 16,
826 3790 911 3842 30.
958 3817 1024 3830 --
1079 3790 1306 3858 inceptis
1351 3789 1636 3860 gravibus]

482 3859 548 3913 In
584 3859 727 3913 illud
762 3876 927 3928 saepe
975 3861 1231 3915 incidunt
1264 3861 1469 3914 vitium
1502 3877 1636 3930 poe·

482 3935 576 3985 tas
620 3931 933 4000 splendoris
976 3932 1181 4000 studio,
1232 3950 1342 4001 quo
1400 3949 1637 4003 mag-nae

484 4003 911 4072 exspectationi,
938 4021 1101 4072 quam
1131 4003 1442 4074 magnificis
1478 4021 1635 4059 exor-

484 4074 593 4129 diis
630 4074 876 4129 excitare
916 4075 1143 4135 audent,
1178 4075 1503 4130 satisfacere
1526 4076 1636 4130 sibi

482 4146 765 4200 videntur.
840 4145 976 4201 Inde
1012 4146 1094 4214 fit,
1132 4151 1197 4201 ut
1240 4146 1301 4201 in
1336 4147 1634 4218 digressio-

484 4235 583 4272 nes
636 4235 751 4272 non
804 4235 935 4272 raro
1002 4217 1350 4274 deducantur
1425 4219 1640 4287 vilique

483 4289 646 4358 quasi
672 4289 1007 4343 vestimento
1034 4306 1343 4359 purpureos
1366 4291 1638 4360 quosdam

480 4377 695 4484 &annos
750 4365 979 4414 assuant
1034 4366 1327 4430 totumque
1380 4361 1636 4431 perdant.

534 4431 773 4485 iusmodi
822 4447 1139 4500 pannorum
1176 4434 1430 4502 exempla
1466 4451 1636 4502 quae-

482 4501 613 4554 dam
650 4502 845 4556 statim
876 4502 1259 4572 proferuntur,
1296 4505 1535 4558 fortasse
1567 4522 1637 4558 ex

484 4572 801 4639 aequalium
832 4580 1125 4642 poetarum
1164 4575 1503 4630 carminibus
1538 4593 1634 4646 pe·

1729 2505 1866 2568 tita;
1903 2519 2036 2558 nam
2055 2503 2254 2570 flumen
2277 2501 2526 2558 Rham
2547 2501 2622 2556 ad
2645 2501 2879 2556 Furium

1729 2575 2060 2628 Bibaculum
2095 2573 2448 2628 referendum
2486 2589 2606 2628 esse
2650 2591 2770 2628 non
2803 2577 2878 2627 est

1727 2646 2117 2716 improbabile.
2191 2646 2261 2700 cf.
2310 2644 2425 2699 Sat.
2470 2645 2514 2713 1,
2558 2647 2640 2712 10,
2685 2647 2776 2698 87.
2817 2673 2874 2683 -

1725 2719 1928 2786 fiumen
1953 2717 2226 2788 Rhemum]
2250 2717 2384 2770 vide
2407 2716 2480 2770 ad
2505 2716 2694 2770 Cam.
2715 2715 2810 2782 IV,
2829 2719 2877 2782 4,

1729 2791 1814 2843 38.
1855 2817 1918 2828 —
1958 2789 2042 2844 Et
2074 2789 2328 2857 fortasse]
2375 2787 2604 2855 ,Jrrisio
2647 2788 2878 2857 pictoris

1727 2861 1923 2930 inepti,
1962 2861 2059 2929 qui
2095 2861 2190 2913 vix
2226 2860 2381 2914 aliud
2426 2855 2670 2914 noverat
2717 2875 2876 2930 quam

1729 2933 2030 3002 depingere
2081 2947 2418 3001 cupressum.
2491 2933 2542 2984 A
2598 2947 2716 2999 quo
2759 2947 2874 2984 cnm

1729 3003 2033 3074 naufragus
2087 3003 2318 3072 quidam
2361 3005 2598 3074 peteret,
2647 3007 2720 3057 ut
2765 3001 2876 3056 vul-

1729 3080 1852 3129 tum
1877 3091 2037 3128 suum
2064 3081 2123 3128 et
2143 3073 2502 3145 naufragium
2521 3075 2876 3142 exprimeret,

1729 3147 2104 3216 interrogavit
2135 3163 2270 3200 num
2305 3163 2372 3201 ex
2410 3162 2680 3215 cupresso
2715 3145 2878 3200 vellet

1731 3219 1944 3287 aliquid
1983 3218 2268 3288 appingi.“
2327 3217 2534 3271 Comm.
2571 3216 2741 3286 Cruq.
2785 3216 2874 3269 Te·

1727 3289 1970 3344 nendum
2008 3294 2094 3343 est
2127 3295 2188 3343 et
2233 3287 2550 3358 pictoribus
2591 3293 2651 3342 et
2683 3287 2876 3357 poetis,

1729 3378 1888 3415 suum
1915 3361 2116 3430 cuique
2138 3360 2224 3414 rei
2249 3377 2366 3414 esse
2391 3361 2591 3414 locum.
2625 3359 2716 3414 De
2751 3375 2876 3414 nau·

1729 3433 1906 3504 fragis
1949 3431 2079 3486 vide
2117 3432 2294 3486 Carm.
2335 3431 2380 3499 I,
2417 3435 2468 3497 ὃ,
2515 3433 2598 3483 13.
2625 3459 2696 3470 -
2719 3431 2876 3486 οὐκ·

1727 3503 1865 3574 lare]
1917 3509 2235 3576 μιμεῖσθαι,
2271 3508 2338 3558 ut
2371 3503 2552 3572 Epist.
2579 3502 2651 3568 Π,
2686 3507 2735 3571 1,
2759 3503 2872 3554 241.

1729 3575 1889 3630 Ovid.
1928 3575 2064 3629 Met.
2089 3573 2183 3642 VI,
2209 3574 2292 3628 80.
2327 3603 2386 3614 -
2417 3574 2596 3644 coepit
2639 3571 2874 3640 institut]

1728 3647 2176 3716 „constructione
2213 3664 2247 3700 a
2283 3645 2548 3702 Cicerone
2593 3661 2873 3742 nunquan}

1727 3725 1998 3845 3255*ss
2019 3722 2552 3871 senectti,
2571 3722 2870 3843 cm.

1729 3863 1924 3931 Cruq.:
1961 3861 2332 3930 „procedente
2381 3877 2656 3928 carmin03
2701 3865 2872 3914 trans·

1727 3934 1868 3987 latio
1913 3951 1946 3986 a
1991 3933 2198 4002 figulis,
2247 3950 2282 3986 a
2327 3932 2530 4000 quibus
2577 3949 2706 3986 oum
2753 3935 2872 3984 rota

1729 4005 1995 4071 volvitur,
2023 4021 2157 4058 vasa
2179 4003 2523 4073 finguntur-‘⁶
2546 4031 2612 4042 —
2633 3999 2872 4071 datique]

1727 4077 1802 4131 cf.
1831 4075 1946 4131 Sat.
1971 4075 2015 4143 Ι,
2046 4078 2093 4142 1,
2119 4076 2206 4130 92.
2229 4103 2300 4115 —-
2325 4073 2562 4144 quidvis]
2603 4073 2696 4129 Sic
2727 4077 2871 4128 recte

1769 4148 1972 4202 lui-ima
2043 4164 2174 4216 pars
2233 4146 2605 4216 interpretum
2621 4185 2638 4213 ,
2709 4143 2869 4199 etiam

1728 4165 1968 4287 Riiiller„
2007 4219 2266 4288 Kriiger„
2301 4217 2606 4282 Eckstein„
2651 4216 2868 4278 Keller„

1729 4308 1840 4345 non
1875 4290 1994 4344 sine
2032 4290 2368 4344 auctoritate
2405 4289 2690 4356 codicum3
2733 4287 2866 4340 Doe-

1727 4361 2002 4417 derlinius
2059 4367 2250 4416 tamen
2305 4377 2434 4415 cum
2485 4359 2760 4414 Lambino
2813 4360 2868 4410 et

1732 4433 1976 4502 Cruquio
2001 4431 2144 4502 quod
2167 4433 2248 4487 vis
2275 4432 2312 4485 i.
2349 4449 2396 4485 e.
2433 4431 2588 4500 quod
2615 4429 2864 4485 instituis.

1733 4504 2168 4574 Comprehendit
2185 4502 2451 4558 Horatius
2475 4502 2728 4571 exempla
2743 4503 2864 4554 ante

1731 4577 2022 4647 proposita
2071 4576 2136 4630 in
2177 4591 2346 4630 uuam
2391 4575 2552 4644 quasi
2607 4571 2860 4644 mulam,
