3092 5059
1055 243 1214 309 LIB.
1259 245 1378 310 ΙΙΙ.
1426 244 1677 312 GARM.
1724 247 1839 313 XI.
2532 251 2649 316 197

657 431 1005 507 Muniant
1058 458 1348 532 angues
1396 448 1622 530 eaput
1676 437 1837 511 eius
1889 449 2120 534 atque

669 553 994 652 Spiritus
1047 570 1292 634 taeter
1343 559 1745 660 saniesque
1795 573 2053 637 manet

577 713 625 755 20
859 678 1017 758 Ore
1067 682 1436 778 trilingui.

659 827 865 919 Quin
918 842 994 905 et
1045 829 1271 907 Ixion
1319 832 1738 934 Tityosque
1794 837 2003 912 vultu

653 955 848 1030 Risit
897 955 1161 1052 invit0,
1219 958 1426 1066 stetit
1476 985 1671 1037 urna
1722 962 2037 1060 paulum

655 1077 895 1176 Sicca,
957 1079 1140 1154 dum
1193 1093 1412 1176 grato
1464 1082 1711 1159 Danai
1761 1085 2056 1186 puellas

856 1205 1216 1284 Carmine
1267 1205 1578 1283 mulces.

577 1384 625 1425 π
659 1355 952 1432 Audiat
1003 1354 1224 1455 Lyde
1275 1358 1518 1433 scelus
1571 1373 1801 1458 atque
1849 1375 2067 1438 notas

657 1481 1061 1578 Virginum
1111 1507 1400 1578 poenas
1451 1495 1526 1558 et
1572 1485 1798 1561 inane
1850 1487 2211 1586 lymphae

657 1605 966 1683 Dolium
1019 1606 1261 1682 fundo
1313 1611 1703 1706 pereuntis
1756 1612 1912 1687 imo

857 1729 1199 1829 Seraque
1250 1731 1433 1826 fata,

662 1879 878 1974 Quae
928 1892 1240 1956 manent
1292 1881 1556 1979 culpas
1614 1883 1841 1959 etiam
1898 1887 2037 1960 sub
2090 1885 2316 1962 Oreo.

579 2039 630 2079 so
661 2002 958 2102 Impiae
1015 2046 1096 2058 —
1158 2031 1340 2081 nam
1394 2007 1581 2105 quid
1632 2022 1956 2108 potuere
2006 2013 2294 2088 maius?
2356 2053 2436 2065 —-

658 2131 954 2230 Impiae
1005 2155 1326 2228 sponsos
1376 2145 1697 2229 potuere
1755 2133 1949 2211 duro

861 2256 1198 2333 Perdere
1251 2256 1488 2333 ferro.

657 2353 835 2483 [lna
881 2405 978 2483 de
1027 2408 1286 2484 multis
1339 2409 1512 2485 face
1564 2409 1890 2508 nuptiali

287 2585 585 2642 inferorum.
622 2587 889 2643 Immanis
925 2593 1112 2644 autem
1150 2607 1277 2644 eum
1313 2606 1412 2644 au·
1507 2591 1618 2645 lam
1678 2595 2066 2650 necessitatem
2112 2596 2208 2650 sed
2254 2597 2547 2651 eonsilium
2596 2602 2654 2652 et

287 2656 372 2723 lae,
397 2676 504 2714 non
537 2675 666 2714 enm
697 2660 910 2714 ianitor
945 2661 1410 2731 coniungendum.
1506 2665 1685 2717 artem
1739 2671 2094 2735 sequeretur:
2146 2666 2206 2721 id
2258 2667 2408 2735 quod
2444 2687 2513 2723 ex
2548 2669 2655 2724 hoe

286 2758 340 2768 —
363 2737 520 2800 eaput
544 2730 686 2800 eius]
715 2730 831 2786 VV.
863 2733 1072 2786 17-20
1108 2733 1217 2788 del.
1247 2733 1408 2788 Butt-
1505 2735 1786 2792 schemate
1822 2755 1983 2808 spero
2023 2739 2338 2808 intelleges:

281 2817 448 2857 mmm.
502 2801 764 2858 Naekius.
834 2803 1182 2874 Peerlkamp.
1240 2805 1406 2859 Eich·
1503 2827 1627 2865 inane
1678 2825 1865 2872 lymphae
1913 2827 2077 2866 dolium
2137 2827 2263 2866 mado
2314 2829 2520 2874 pereunti·
2572 2829 2653 2868 imo

280 2873 490 2928 stadius.
545 2873 848 2928 Hermann.
911 2875 1150 2930 Meinek.
1197 2875 1407 2945 Haupt.
1544 2878 1571 2929 1
1786 2877 1819 2929 2
1994 2879 2029 2932 3
2176 2880 2211 2930 4
2389 2880 2423 2932 5
2623 2883 2658 2936 6

281 2941 538 3000 Luebker.
593 2944 838 3014 Linker.,
897 2947 1152 3002 exilitate
1203 2965 1407 3017 prono-

279 3017 430 3070 minis
483 3017 598 3072 εἰπε
648 3022 707 3071 et
750 3018 942 3086 inepta
991 3035 1156 3087 quam
1215 3019 1412 3075 dieunt

280 3086 488 3144 Cerberi
505 3089 884 3159 descriptione
913 3091 1067 3145 moti.
1113 3091 1230 3145 Alii
1254 3111 1306 3146 v,
1344 3096 1409 3148 18

278 3161 598 3216 coniecturis
697 3160 993 3216 emendare
1073 3162 1410 3217 studuerunt

274 3237 538 3301 exeantque,
598 3233 911 3301 stylumque,
973 3234 1272 3304 emicatque,
1323 3251 1412 3289 ae-

274 3307 383 3357 stus
425 3310 604 3373 atque,
657 3303 742 3358 iai
790 3309 840 3358 et
885 3321 1068 3372 usque.
1151 3305 1236 3360 De
1281 3323 1409 3376 pro-

275 3375 486 3430 nomine
523 3377 660 3440 eius,
703 3375 852 3443 quod
887 3376 1008 3445 ipso
1044 3377 1166 3431 loeo
1205 3382 1262 3432 et
1297 3397 1409 3432 me-

273 3449 357 3498 tro
412 3446 661 3507 effertur,
719 3445 788 3501 ef.
847 3447 1027 3501 Carm.
1083 3447 1176 3516 IV,
1221 3451 1272 3518 8,
1327 3451 1408 3502 18.

275 3514 472 3572 Tibull.
509 3519 552 3584 1,
588 3520 642 3586 6,
667 3519 754 3572 25.
827 3517 1082 3588 Propert.
1120 3519 1190 3588 V,
1231 3522 1284 3588 2,
1322 3523 1409 3574 35.

277 3589 322 3650 6,
361 3591 450 3658 67;
486 3590 556 3645 de
591 3589 792 3660 partie.
833 3595 995 3659 atque
1032 3591 1092 3644 in
1137 3589 1248 3645 fine
1289 3610 1410 3646 ver·

274 3675 360 3714 sus
395 3661 572 3717 Carm.
607 3661 682 3728 11,
713 3662 796 3725 10,
835 3664 900 3714 21
939 3666 996 3716 et
1032 3662 1104 3716 ad
1146 3663 1324 3717 Carm.
1363 3663 1408 3726 1.

275 3733 322 3799 7,
357 3733 404 3786 6.
475 3733 673 3786 Voluit
708 3731 944 3787 fortasse
981 3731 1248 3789 Horatius
1284 3734 1410 3789 Cer-

273 3801 390 3857 beri
425 3803 680 3872 exemplo
716 3804 1024 3870 ostendere,
1063 3823 1231 3875 quam
1267 3806 1412 3860 nihil

275 3874 346 3928 sit
369 3875 498 3929 satis
521 3875 803 3929 munitum
829 3892 864 3928 a
895 3881 1174 3945 potestate
1209 3878 1410 3947 poesis,

277 3961 344 3998 ne
398 3945 782 4002 taeterrimum
839 3947 1066 4015 quidem
1119 3953 1176 4003 et
1231 3968 1264 4004 a
1319 3967 1411 4004 ve·

279 4021 492 4072 nustate
512 4018 910 4073 alienissimum
929 4025 1261 4074 monstrum.
1281 4021 1412 4075 Kel-

279 4086 418 4142 lerus
451 4089 742 4160 stropham
767 4090 908 4144 bene
931 4091 1184 4146 defendit
1208 4097 1266 4146 et
1300 4110 1412 4147 ser-

279 4161 542 4285 ἶξνίἑὶ-
583 4178 679 4216 ore
711 4161 990 4232 trilinqui]
1025 4163 1092 4218 ef.
1121 4164 1304 4219 Carm.
1341 4163 1414 4228 Π,

352 4270 367 4296 ,
489 4249 514 4286 s
557 4274 570 4289 .

353 4301 414 4354 V.
455 4250 552 4356 21(.1
591 4303 898 4374 Tityosque]
944 4305 1072 4360 vide
1121 4306 1192 4361 ad
1232 4305 1414 4360 Carm.

289 4369 358 4437 11,
393 4373 469 4440 14,
499 4376 550 4428 8.
584 4375 684 4443 ΙΙΙ,
723 4377 776 4442 4,
815 4377 899 4429 77.
923 4405 986 4414 --
1009 4377 1176 4432 inane
1210 4377 1414 4448 lymph.

293 4440 416 4512 doh]
466 4445 596 4501 Tria
650 4446 822 4502 etiam
877 4447 1228 4504 substantiva
1287 4467 1414 4502 cum

293 4513 398 4594 mis
447 4517 729 4572 adieetivis
783 4518 866 4574 ita
914 4517 1184 4574 Horatius
1232 4521 1414 4590 dispo-

299 4589 416 4656 smt,
447 4592 508 4643 ut
545 4607 658 4644 non
695 4607 882 4646 casum
923 4609 1101 4662 neque
1127 4593 1296 4647 metri
1331 4609 1415 4646 so-

1543 2950 2639 3096 w

1505 3160 1644 3214 Cum
1682 3178 1793 3229 qua
1827 3178 1889 3214 re
1927 3161 2183 3216 conferas
2220 3161 2349 3216 adn.
2376 3162 2449 3216 ad
2476 3161 2657 3216 Carm.

1503 3232 1549 3302 Ι,
1575 3235 1627 3299 9,
1656 3234 1720 3284 21
1745 3249 1823 3299 sq.
1852 3231 1925 3298 ΙΙ,
1954 3234 2003 3300 5,
2033 3235 2101 3285 10
2117 3250 2198 3302 sq.
2226 3263 2293 3272 -
2320 3233 2485 3288 inane
2522 3233 2655 3304 lym-

1497 3303 1665 3372 phae]
1702 3303 2002 3357 Genetivus
2038 3321 2161 3358 eum
2187 3304 2293 3358 hoe
2316 3305 2541 3359 nomine
2567 3321 2655 3360 eo-

1503 3375 1633 3428 dem
1660 3375 1779 3429 iure
1800 3375 2133 3429 coniunctus
2159 3393 2268 3445 quo
2297 3394 2421 3431 cum
2438 3377 2653 3447 plenus,

1504 3447 1575 3500 ef.
1622 3446 1732 3503 Cic.
1783 3446 1853 3500 de
1905 3451 2048 3501 orat.
2096 3447 2140 3514 1,
2176 3449 2226 3510 9.
2263 3449 2357 3500 37:
2418 3447 2659 3516 „Omnia

1503 3535 1689 3643 ponne
1713 3519 1881 3642 pleng
1922 3519 2299 3643 eonsj‘l‘iorum,
2326 3520 2525 3662 irtiania]
2536 3537 2657 3645 νεῖ

1543 3607 1705 3644 orum
1774 3607 1830 3643 vi
1873 3607 2024 3644 emus
2158 3619 2227 3629 —
2381 3607 2505 3646 uere
2586 3609 2617 3646 a

1505 3661 1691 3715 animo
1726 3661 2043 3730 impetrare.
2082 3661 2263 3730 Epist.
2285 3607 2414 3725 ἰοῦ,
2445 3666 2491 3717 1.
2529 3663 2667 3718 Noli

1504 3733 1955 3802 praetermittere
2049 3735 2335 3804 egregiam
2417 3733 2660 3789 formam

1505 3822 1768 3858 versuum
1806 3807 1876 3858 30
1910 3810 1969 3859 et
2005 3805 2093 3871 31,
2134 3823 2267 3860 nam
2316 3823 2429 3860 non
2478 3807 2658 3860 solum

1507 3876 1779 3930 voeabula
1812 3876 2030 3945 impiae,
2065 3883 2291 3945 potuere
2328 3877 2563 3932 eundem
2598 3878 2657 3930 in

1507 3952 1750 4016 utroque
1773 3948 1955 4002 locum
1980 3953 2343 4018 occuparunt,
2368 3949 2464 4003 sed
2496 3963 2657 4016 spon·

1506 4036 1597 4074 sos
1635 4020 1845 4088 optime
1883 4020 2185 4088 respondet
2230 4025 2287 4074 et
2330 4037 2392 4074 re
2438 4024 2495 4074 et
2533 4021 2655 4073 loeo

1507 4091 1887 4162 interroganti
1911 4093 2233 4160 pronomini
2258 4090 2406 4160 quid,
2438 4095 2494 4144 et
2522 4089 2659 4145 duro

1509 4162 1843 4216 vocabulum
1882 4163 2107 4233 egregie
2152 4161 2401 4217 refertur
2437 4161 2511 4216 ad
2544 4177 2655 4214 ma-

1505 4235 1615 4288 ius.
1670 4233 1927 4288 Ceterum
1946 4233 2227 4304 Hauptius
2266 4237 2323 4286 et
2343 4232 2657 4286 Meinekius

1507 4309 1567 4360 et
1624 4304 1874 4360 Ritterus
1921 4307 2001 4360 sie
2050 4307 2461 4360 coniunxerunt
2497 4322 2550 4358 v.
2588 4305 2658 4356 30

2216 4381 2397 4432 otuere
2439 4372 2659 4430 maius?

2213 4447 2234 4501 i
2271 4447 2407 4516 quid
2438 4451 2659 4502 mutan-

1511 4375 1761 4445 „Impius
1812 4393 1941 4431 nam
1999 4376 2131 4445 quid

1510 4447 1723 4515 Impia-2
1745 4463 1968 4518 sponsos
1995 4449 2135 4502 eet.“

1509 4520 1645 4574 dum
1705 4523 1806 4587 est,
1869 4523 2120 4588 praestat
2192 4517 2445 4584 fortasse,
2508 4517 2657 4589 quod

1513 4591 1789 4659 cruquius
1801 4591 1859 4644 in
1872 4590 2128 4644 omnibus
2140 4589 2301 4646 eodd.
2320 4589 2519 4645 Bland.
2531 4608 2652 4660 rep-
