3092 5059
1189 240 1463 306 LIBER.
1540 238 1793 309 CARM.
1838 242 1925 307 ΙΙ.

2631 244 2757 311 293

764 428 1207 529 Forumque
1265 429 1452 504 vitat
1495 442 1574 505 et
1625 432 1957 526 superba
2009 431 2290 508 civium

968 552 1493 630 Potentiorum
1534 553 1832 630 limina.

687 658 696 667 ’
762 679 967 777 Ergo
1020 691 1153 755 aut
1200 677 1469 756 adulta
1520 680 1794 755 vitium
1845 682 2275 781 propagine

681 840 728 879 ιο
968 804 1187 881 Altas
1235 805 1543 883 maritat
1592 805 1947 907 populos,

764 929 923 1007 Aut
977 932 1061 1005 in
1111 931 1433 1007 reducta
1487 932 1692 1008 valle
1741 932 2242 1030 mugientium

970 1056 1414 1155 Prospectat
1462 1070 1802 1133 errantes
1851 1082 2149 1157 greges,

760 1180 1181 1257 Inutilesve
1232 1181 1435 1258 falce
1484 1207 1740 1258 ramos
1791 1198 2194 1282 amputans

958 1304 1377 1384 Feliciores
1430 1308 1722 1404 inserit,

672 1463 723 1505 ιε
766 1429 920 1507 Aut
967 1457 1233 1530 pressa
1282 1433 1493 1530 puris
1549 1430 1784 1509 mella
1834 1435 2096 1511 condit
2145 1437 2558 1537 amphoris,

963 1556 1123 1634 Aut
1174 1558 1442 1635 tondet
1491 1558 1834 1635 infirmas
1888 1584 2106 1655 oves3

762 1684 913 1760 Vel
966 1708 1141 1759 cum
1196 1682 1562 1759 decorum
1612 1684 1924 1759 mitibus
1974 1686 2224 1785 pomis
2280 1700 2510 1784 caput

965 1808 1403 1886 Autumnus
1461 1809 1664 1907 agris
1713 1809 1998 1906 extulit,

762 1935 869 2012 Ut
912 1934 1197 2035 gaudet
1246 1935 1560 2012 insitiva
1610 1934 2030 2031 decerpens
2084 1960 2279 2035 pyra

678 2092 729 2135 πο
967 2062 1411 2141 Certantem
1464 2076 1541 2138 et
1589 2086 1818 2136 uvam
1867 2086 2282 2161 purpurae,

354 2308 423 2357 ut
457 2302 713 2358 hostibus
760 2304 842 2358 ita
887 2320 1052 2374 saepe
1096 2304 1507 2361 dormientibus

354 2374 445 2429 vel
481 2374 789 2430 otiantibus
843 2375 1119 2430 militibus
1175 2378 1505 2432 terribilem.

355 2445 565 2501 Lucan.
602 2446 699 2516 IV,
732 2449 861 2502 895:
924 2452 1140 2516 „certos
1186 2464 1303 2503 non
1357 2466 1506 2503 rum-

355 2524 501 2587 punt
561 2518 789 2573 classica
842 2520 1115 2574 somnos.“
1201 2519 1397 2591 Veget.
1435 2520 1507 2588 11,

357 2591 455 2642 22:
496 2590 834 2659 „Classicum
870 2590 1205 2661 appellatur,
1238 2610 1348 2661 quo
1372 2592 1506 2646 buc-

358 2661 633 2717 cinatores
728 2681 793 2717 er
848 2679 1023 2717 cornu
1084 2663 1296 2719 dicunt.
1388 2663 1509 2719 Hoc

356 2733 575 2805 insigne
623 2734 681 2789 vi
722 2738 849 2789 etur
894 2734 1137 2804 imperii,
1182 2737 1315 2805 quia
1372 2736 1508 2791 clas·

355 2805 530 2859 sicum
569 2806 792 2860 canitur
828 2807 1170 2876 imperatore
1216 2811 1508 2877 praesente

352 2876 447 2930 vel
486 2894 612 2931 cum
650 2878 710 2930 in
744 2878 984 2933 militem
1030 2879 1352 2948 capitaliter
1387 2879 1509 2933 ani·

355 2946 785 3003 madvertitur.“
810 2978 877 2989 —
904 2949 1053 3020 erqo]
1092 2951 1182 3005 Ab
1218 2950 1305 3005 his
1330 2949 1509 3022 igitur

356 3019 625 3074 molestiis
650 3020 899 3090 agricola
936 3038 1061 3076 cum
1105 3022 1251 3076 liber
1295 3022 1386 3090 sit,
1423 3027 1506 3077 to-

354 3095 479 3145 tum
515 3108 575 3146 se
610 3092 748 3147 dare
780 3096 968 3162 potest
990 3098 1230 3149 naturae
1267 3095 1507 3150 amoeni-

352 3161 567 3217 tatibus
582 3180 597 3229 ;
623 3180 861 3233 quarum
875 3164 1101 3234 quidem
1116 3182 1323 3235 mag-na
1342 3183 1507 3235 quae·

356 3234 485 3289 dam
506 3234 701 3290 tabula
726 3235 926 3290 deinde
946 3238 1299 3306 proponitur.
1321 3267 1387 3278 —
1408 3238 1507 3293 ad-

354 3306 476 3360 ulta
508 3306 837 3391 Μαρίου]
862 3306 1129 3363 Novellae
1154 3310 1298 3363 vites
1338 3310 1507 3364 tertio

358 3394 503 3432 anno
542 3394 669 3432 cum
704 3378 920 3433 radices
967 3380 1103 3433 satis
1140 3381 1320 3451 egisse
1354 3381 1506 3435 vide·

354 3454 570 3517 rentur,
607 3450 869 3505 maritari
916 3450 1183 3505 solebant.
1260 3450 1400 3507 Vide
1438 3453 1507 3507 sd

358 3520 537 3575 Garm-
563 3522 637 3590 11,
669 3524 753 3588 15,
781 3524 833 3575 4.
872 3522 1039 3577 Altus
1062 3523 1400 3578 adiectivum
1440 3542 1507 3579 ex

354 3596 561 3647 natura
598 3610 791 3647 earum
814 3594 1081 3649 arborum
1116 3596 1357 3665 petitum
1394 3613 1507 3651 non

357 3666 445 3717 est
478 3664 645 3719 inane
668 3681 851 3735 neque
885 3666 1211 3724 mutandum
1248 3668 1308 3721 in
1333 3668 1509 3737 albas,

356 3734 415 3788 in
454 3737 604 3805 quod
640 3737 843 3792 incidit
876 3737 1199 3793 Lambinus.
1229 3768 1293 3779 -
1320 3744 1419 3794 aut
1445 3740 1510 3794 in

356 3805 603 3878 reducta]
634 3808 719 3863 Ne
750 3810 1041 3865 maritatio
1090 3811 1294 3865 vitium
1333 3811 1404 3866 ab
1437 3811 1507 3866 si-

356 3878 481 3931 mili
527 3895 695 3949 opere
748 3882 1058 3950 putationis
1115 3887 1173 3937 et
1226 3883 1507 3937 insitionis

356 3950 619 4004 arborum
654 3956 1026 4021 separaretur,
1059 3954 1226 4008 multi
1263 3954 1507 4009 editores

356 4020 549 4075 invitis
602 4022 887 4077 codicibus
932 4024 1080 4080 hunc
1119 4042 1381 4080 versuum
1418 4043 1505 4081 or-

356 4092 544 4147 dinem
581 4094 991 4150 restituendum
1042 4102 1394 4165 censuerunt,
1441 4103 1508 4153 ut

356 4178 549 4219 versus
580 4168 664 4219 11.
695 4168 759 4218 12
796 4166 1211 4237 insequentium
1244 4184 1505 4223 versuum

361 4236 447 4288 is.
488 4238 555 4287 14
591 4237 776 4291 locum
812 4246 1167 4309 occuparent.
1213 4240 1505 4296 Maritatio

358 4310 549 4389 autem
589 4324 777 4364 mense
810 4308 879 4364 fit
904 4310 1156 4382 Octobri,
1189 4312 1412 4382 putatio
1449 4317 1507 4398 et

356 4378 549 4433 insitio
598 4379 831 4447 Marti03
890 4383 1037 4437 inter
1084 4388 1381 4453 utramque
1436 4385 1507 4439 ad

360 4448 612 4505 ordinem
635 4453 767 4506 anni
788 4458 844 4507 et
862 4458 1099 4510 naturae
1124 4460 1507 4511 armentorum

360 4527 689 4605 prospectus
714 4526 945 4594 ponitur
965 4530 1029 4579 ut
1054 4528 1307 4581 laborum
1339 4528 1510 4582 inter-

362 4596 551 4649 missio
589 4599 647 4651 et
688 4596 1064 4667 agricolarum
1099 4599 1380 4668 voluptas.
1440 4600 1512 4655 cf.

1613 2306 1792 2359 Garm-
1817 2306 1862 2369 Ι,
1894 2308 1978 2373 17,
2011 2305 2090 2358 17.
2116 2332 2183 2343 -
2207 2304 2514 2374 ἰηαείῑοευο]
2562 2302 2655 2359 Sic
2689 2320 2760 2359 ex

1609 2376 1853 2431 Bentleii
1913 2377 2232 2432 coniectura
2293 2376 2464 2429 etiam
2517 2376 2757 2430 Meinek.

1613 2448 1824 2517 Haupt.
1848 2448 2071 2503 Linker.
2105 2448 2486 2531 Mueller3pro
2499 2446 2757 2532 fugatim-

1607 2536 1727 2646 335:
1747 2518 2761 2646 33313335223313523330333333

1608 2662 1819 2718 Ritter.
1855 2668 1912 2717 et
1948 2662 2155 2717 Keller.
2206 2661 2360 2717 Idem
2400 2661 2760 2717 iudicandum

1609 2734 1678 2790 de
1715 2752 1879 2789 versu
1905 2736 1991 2788 35.
2017 2762 2090 2771 —
2111 2732 2398 2804 feliciores]
2431 2732 2760 2805 Frugiferae

1609 2806 1836 2861 arbores
1895 2805 2083 2861 felices
2133 2806 2515 2860 nominantur.
2594 2804 2759 2875 Verg.

1611 2878 1809 2949 Georg.
1847 2875 1919 2946 11,
1957 2877 2043 2931 81.
2117 2876 2238 2931 Liv.
2283 2876 2349 2946 V,
2391 2877 2476 2931 24.

1679 2949 1747 3004 V.
1774 2952 1856 3004 16.
1877 2949 2129 3017 infirmas
2153 2948 2294 3019 oves]
2319 2948 2591 3016 imbelles,
2621 2948 2760 3002 mol-

1609 3023 1705 3086 les,
1745 3022 1952 3091 quippe
1989 3038 2130 3090 quae
2167 3021 2311 3075 nihil
2347 3020 2612 3075 resistant
2635 3025 2756 3075 ton-

1609 3093 1886 3148 dentibus.
1963 3092 2124 3148 Ovid.
2162 3093 2244 3147 Ib.
2283 3093 2382 3145 93:
2460 3090 2612 3161 „Pax
2650 3092 2762 3147 erit

1609 3166 1747 3220 haec
1769 3164 1947 3234 nobis,
1973 3164 2149 3221 donec
2173 3164 2313 3219 mihi
2339 3164 2456 3219 vita
2493 3162 2760 3232 manebit,

1611 3236 1749 3291 Cum
1779 3252 1968 3305 pecore
2003 3236 2220 3304 infirmo
2273 3252 2416 3305 quae
2463 3236 2608 3289 solet
2644 3252 2760 3289 esse

1607 3308 1808 3377 lupis.“
1838 3337 1906 3347 —
1932 3309 2015 3363 vel
2051 3307 2195 3377 cum]
2235 3306 2370 3376 „Vel
2415 3307 2496 3361 sic
2527 3323 2760 3376 usurpa-

1609 3384 1731 3433 tum
1755 3396 1877 3433 eam
1903 3378 2072 3434 habet
2095 3384 2451 3450 potestatem,
2472 3383 2538 3431 ut
2557 3378 2758 3432 transi-

1609 3456 1731 3505 tum
1765 3456 1930 3520 paret
1965 3452 2036 3505 ad
2092 3451 2220 3513 alia,
2262 3466 2382 3505 cum
2419 3449 2652 3519 respicit
2688 3449 2759 3503 ad

1649 3522 1984 3593 raegressa.“
2019 3522 2268 3593 Wagner
2304 3520 2378 3575 ad
2400 3521 2571 3591 ‘Verg.
2620 3522 2760 3574 Aen.

1661 3595 1706 3662 Ι,
1735 3594 1856 3648 406.
1881 3624 1946 3635 -
1969 3594 2146 3664 cyris]
2174 3594 2296 3647 Hoc
2331 3592 2758 3662 praeferendum

1609 3665 1943 3721 auctoritate
2000 3665 2252 3720 codicum
2311 3664 2478 3719 alteri
2531 3663 2760 3747 lectioni

1608 3751 2764 3877 rrsa‘zsefflpffssz‘31201‘zuiffssgz

1607 3882 1682 3935 sis
1701 3881 1849 3935 Anio
1883 3898 1995 3949 qua
2015 3879 2286 3950 spumifer
2307 3878 2535 3933 incubat
2563 3877 2762 3931 arvis.“

1607 3980 1675 3993 -
1700 3957 1764 4007 ut
1780 3952 2004 4023 yaudet]
2025 3951 2096 4006 cf.
2120 3952 2298 4006 Garm.
2317 3949 2422 4013 111,
2443 3950 2530 4016 25,
2561 3951 2641 4001 12.
2680 3948 2760 4001 in-

1607 4025 1700 4080 fra
1733 4026 1821 4077 61.
1865 4054 1930 4063 —-
1969 4022 2218 4091 insitiva]
2259 4022 2328 4077 ab
2363 4023 2484 4091 ipso
2533 4020 2760 4074 inserta.

1606 4096 1672 4149 In
1709 4112 1775 4150 ea
1809 4112 1872 4150 re
1908 4112 2073 4150 causa
2099 4100 2182 4149 est
2207 4093 2421 4165 gaudii,
2444 4091 2594 4162 quod
2618 4108 2760 4161 pyra
2813 4140 2824 4149 .

1608 4168 1741 4223 licet
1765 4167 2080 4237 decerpere,
2108 4166 2180 4221 ab
2207 4166 2348 4235 ipso,
2376 4182 2488 4219 non
2515 4164 2585 4217 ab
2633 4162 2760 4217 aliis

1607 4240 1742 4295 olim
1806 4240 2032 4294 inserta.
2090 4268 2160 4277 —
2215 4236 2526 4308 purpurae]
2589 4233 2762 4289 codd.

1607 4311 1826 4381 aliquot
1854 4326 2143 4382 purpura3
2181 4308 2277 4363 sed
2313 4306 2439 4361 vide
2478 4306 2550 4361 ad
2578 4306 2758 4361 Carm.

1609 4384 1726 4451 La,
1750 4386 1832 4437 13.
1861 4410 1926 4421 --
1950 4380 2186 4452 Priape]
2224 4378 2582 4448 Priap.82,4:
2624 4380 2760 4462 ,ῥε-

1609 4454 1800 4508 siduus
1855 4458 2040 4509 custos
2094 4452 2243 4507 ruris
2296 4456 2362 4506 ut
2409 4468 2526 4505 esse
2571 4449 2760 4505 velis.“

1615 4526 1698 4581 De
1750 4524 1978 4580 Silvano
2023 4523 2151 4577 vide
2193 4524 2372 4578 Carm.
2410 4522 2509 4580 111.
2550 4524 2636 4583 29,
2676 4522 2764 4575 23.

1616 4598 1782 4669 Verg.
1808 4600 1949 4651 Aen.
1977 4595 2127 4664 vlu,
2165 4596 2288 4650 601.
2325 4624 2394 4634 —
2417 4594 2602 4651 maci
2637 4608 2759 4664 yra-
