3092 5059
1187 230 1344 296 LIB.
1390 230 1440 296 1.
1487 229 1675 296 SA'P.
1720 230 1794 296 V.

2561 229 2685 296 385

386 418 581 493 Tum
638 441 911 516 rapere
965 430 1195 516 atque
1247 442 1516 492 omnes
1581 418 2061 514 restinguere
2108 417 2312 494 velle
2360 417 2685 494 videres.

381 542 670 640 Incipit
723 568 812 616 ex
861 541 1000 616 illo
1053 555 1350 617 montes
1404 541 1699 640 Apulia
1747 555 1971 619 notos

387 664 792 742 Ostentare
843 667 1054 763 mihi,
1111 693 1304 766 quos
1358 679 1603 742 torret
1652 668 2035 746 Atabulus
2086 683 2161 745 et
2212 693 2403 769 quos

385 791 798 890 Nunquam
851 817 1313 892 erepsemus,
1361 792 1512 868 nisi
1562 819 1703 868 nos
1758 795 2007 870 vicina
2056 795 2346 870 Trivici

305 948 356 987 so
385 916 598 992 Villa
645 918 1060 1016 recepisset
1107 917 1522 994 lacrimoso
1578 945 1733 994 non
1785 921 1951 996 sine
2002 920 2241 1015 fumo,

382 1041 601 1118 Udos
657 1069 828 1118 cum
877 1042 1086 1118 foliis
1131 1070 1392 1118 ramos
1439 1059 1710 1120 urente
1762 1045 2089 1120 camino.

385 1167 538 1241 Hic
592 1192 738 1266 ego
794 1166 1242 1244 mendacem
1299 1167 1785 1244 stultissimus
1834 1193 2077 1268 usque
2127 1167 2466 1269 puellam

387 1288 514 1367 Ad
567 1292 904 1368 mediam
955 1305 1257 1368 noctem
1315 1306 1709 1392 exspect03
1762 1319 2071 1368 somnus
2125 1305 2379 1368 tamen
2434 1293 2690 1368 aufert

385 1415 774 1492 Intentum
829 1417 1130 1512 veneri3
1184 1431 1344 1492 tum
1399 1417 1801 1493 immundo
1850 1420 2151 1493 somnia
2202 1419 2369 1492 visu

299 1573 351 1612 ss
386 1541 860 1616 Nocturnam
911 1557 1204 1618 vestem
1249 1541 1641 1618 maculant
1691 1556 2191 1641 ventremque
2244 1543 2625 1642 supinum.

391 1667 769 1758 Quattuor
821 1666 1004 1740 hine
1053 1666 1395 1763 rapimur
1445 1669 1723 1764 viginti
1772 1680 1849 1744 et
1898 1667 2113 1744 milia
2160 1667 2413 1744 raedis

385 1791 736 1867 Mansuri
790 1790 1184 1889 oppidu10,
1243 1791 1453 1891 quod
1505 1819 1734 1868 versu
1782 1792 2040 1869 dicere
2086 1818 2241 1867 non
2294 1805 2427 1888 est,

282 1997 438 2052 avidi
473 2002 606 2052 sunt
643 2001 882 2067 propter
916 1997 1140 2054 famem.
1181 2027 1242 2037 —-
1280 1999 1438 2068 Apu-

281 2069 385 2139 lia]
431 2069 639 2123 Miiller
695 2069 814 2124 lnd.
870 2087 1106 2140 gramm.
1165 2075 1224 2124 et
1277 2075 1439 2124 metr.

283 2158 338 2209 p.
376 2141 631 2206 2890(ed.
653 2139 756 2210 2.):
794 2141 1030 2224 Apulus,
1066 2141 1282 2210 Apulia
1317 2141 1438 2224 ubi-

283 2212 1441 2367 3>giigssgffzgucxgussilzlggperalctgaeipliff

281 2359 394 2422 tur,
451 2361 512 2410 at
571 2373 630 2409 in
682 2362 994 2424 posteriore
1055 2356 1440 2424 producitur.“

283 2426 410 2482 Sed.
449 2426 519 2482 cf.
560 2427 741 2481 Carm.
779 2427 880 2488 111,
919 2429 1007 2495 24,
1043 2431 1093 2482 4.
1121 2457 1187 2468 -
1219 2444 1288 2482 ex
1319 2426 1438 2497 illo]

281 2499 430 2553 inde.
459 2527 525 2538 --
555 2497 741 2568 notos]
779 2499 1050 2553 nimirum
1073 2500 1248 2568 patrii
1283 2517 1439 2554 mon-

284 2575 368 2624 tes
419 2574 550 2624 sunt
589 2569 826 2624 Horatii.
868 2597 935 2610 —-
974 2570 1268 2639 Atabulus]

281 2641 528 2696 niciosus
575 2645 792 2710 ventus,
843 2659 992 2697 nunc
1025 2642 1222 2697 Altino
1263 2643 1438 2697 nomi-

279 2717 448 2768 natus
503 2711 796 2783 (Sirocco).
855 2743 921 2752 —
981 2713 1306 2784 crememus]
1365 2713 1438 2768 cf.

281 2784 398 2838 Sat.
435 2784 479 2851 Ι,
516 2787 568 2850 9,
605 2788 691 2839 73.
762 2785 834 2847 11,
873 2787 924 2852 3,
971 2787 1091 2840 169.
1153 2785 1226 2854 11,
1264 2787 1315 2852 7,
1352 2788 1439 2842 68.

283 2856 412 2911 vide
464 2855 537 2910 ad
585 2855 766 2911 Carm.
801 2855 874 2918 11,
911 2858 964 2924 2,
999 2858 1050 2910 2.
1090 2885 1158 2898 —-
1203 2857 1442 2926 Trivici]

281 2927 516 3054 ffiffiffi
535 2927 772 3054 ζῶε
804 2928 1438 3068 &maturatur

282 3088 418 3140 ergo
465 3071 734 3125 Horatius
781 3071 854 3126 ad
903 3071 1098 3126 villam
1139 3071 1437 3126 devertit.“

285 3142 468 3200 Schol.
506 3141 660 3196 Villa
704 3141 1006 3196 Trivicana
1053 3160 1168 3196 non
1214 3143 1440 3197 videtur

281 3232 403 3270 esse
439 3213 605 3268 amici
630 3213 936 3276 cuiusdam,
967 3213 1064 3268 sed
1086 3215 1178 3268 vel
1205 3214 1440 3284 parochi

285 3286 376 3340 vel
432 3285 718 3354 cauponis.
815 3285 1101 3340 Trivicum
1163 3302 1440 3355 nusquam

283 3362 510 3482 praeter
549 3357 602 3412 h.
643 3356 680 3409 1.
719 3363 1211 3425 commemoratur;
1247 3375 1438 3412 secun·

324 3445 419 3482 um
465 3428 878 3484 Romanellium
927 3446 1076 3484 nunc
1121 3429 1440 3498 appellatur

283 3498 466 3554 civita
503 3517 678 3569 prope
727 3499 1060 3554 hodiernum
1097 3499 1330 3556 Triviw.
1369 3529 1437 3540 -

281 3571 587 3642 lacrimoso]
623 3572 809 3654 fumus
843 3573 992 3626 enim
1028 3572 1286 3626 lacrimas
1323 3589 1439 3628 mo·

283 3648 408 3709 vet3
463 3643 560 3697 sed
595 3661 707 3698 non
745 3643 864 3698 sine
903 3644 1090 3698 iocosa
1127 3644 1440 3698 imitatione

283 3719 370 3768 est
405 3714 648 3782 dictum3
695 3732 824 3770 nam
862 3714 1206 3770 luminosum
1247 3716 1440 3772 benum

285 3786 496 3854 (Carm.
531 3787 574 3850 l,
611 3757 697 3848 2’1.
738 3785 792 3853 3)
831 3791 890 3840 et
927 3779 1179 3858 πόλεμον
1211 3786 1352 3856 δακρ
1351 3781 1440 3840 υό-

283 3875 411 3912 εντα
451 3857 632 3926 (Hom.
671 3857 735 3914 IL
773 3857 844 3926 V,
881 3857 1026 3928 737).

359 3927 424 3982 V.
446 3931 533 3983 87.
561 3945 718 3984 vorsu
756 3930 956 3999 dicere]
991 3929 1084 3986 Ad
1123 3931 1440 4000 exemplum

283 3999 520 4068 Lucilii,
566 4002 720 4057 cuius
765 4019 959 4056 versus
1011 4007 1220 4058 exstat·
1282 4001 1440 4070 „Ser-

282 4089 486 4128 vorum
539 4077 624 4128 est
677 4073 845 4128 festu'
902 4073 1018 4128 dies
1083 4074 1204 4141 hic,
1266 4041 1442 4141 Q'uem

281 4145 452 4214 plane
495 4144 822 4200 hexametro
871 4163 1038 4200 versu
1081 4164 1198 4200 non
1257 4145 1440 4201 dicere

281 4216 516 4286 possis‚“
571 4222 628 4271 et
673 4217 932 4281 aliorum,
975 4217 1150 4272 etiam
1199 4216 1434 4272 Graeco·

283 4306 431 4342 rum.
468 4287 692 4357 Equum
714 4286 976 4343 Tuticum
1015 4289 1108 4344 vel
1133 4288 1434 4358 Equotuti-

283 4359 752 4486 {iumtaseigniilcari
797 4359 947 4484 mffle
995 4360 1248 4415 scribunt
1281 4361 1434 4486 ezzo-

307 4449 390 4486 ωε
496 4448 510 4500 ;
547 4449 814 4486 nimirum
913 4448 1142 4486 aeeenas
1179 4449 1324 4486 comi
1387 4449 1436 4486 s·

285 4519 394 4572 que
433 4521 466 4558 a
509 4507 666 4558 recta
709 4504 806 4558 via
851 4503 1256 4572 septentriones
1313 4521 1434 4558 ver·

282 4593 378 4630 sus
413 4575 786 4630 declinassent
821 4579 880 4630 et
915 4592 984 4628 ex
1007 4575 1232 4642 Apulia,
1268 4591 1436 4642 quam

386 4696 613 4738 Horatius
639 4695 715 4738 ed.
741 4695 1078 4746 Dillenburger
1109 4693 1183 4734 ed.
1213 4693 1312 4734 vn.

1314 2588 1437 2640 per-
1533 2570 1689 2625 XLII
1734 2571 2119 2640 reliquissent3

1531 1999 1646 2054 iam
1693 1999 2047 2054 intraverant
2060 2038 2075 2067 ,
2116 2015 2309 2053 rursus
2352 1998 2411 2052 in
2457 1997 2591 2052 Cam
2628 2017 2686 2054 a·

1531 2071 1687 2124 niam
1739 2069 2127 2137 deflexissent;
2169 2069 2373 2125 deinde
2420 2087 2549 2124 cum
2632 2089 2687 2124 e-

1533 2145 1775 2196 nevento
1812 2142 1983 2196 tertio
2020 2142 2243 2196 demum
2271 2142 2363 2196 die
2390 2141 2689 2196 Canusium

1533 2213 1914 2283 pervenirent,
1970 2219 2027 2268 et
2077 2213 2160 2268 ita
2210 2213 2437 2282 quidem
2476 2221 2539 2266 ut
2574 2214 2686 2282 pri-

1533 2301 1686 2339 mam
1722 2290 1948 2339 noctem
1984 2285 2043 2338 in
2081 2283 2383 2339 Trivieana
2416 2283 2572 2352 villa,
2608 2285 2690 2339 al—

1531 2362 1713 2412 teram
1748 2357 1807 2410 in
1843 2356 1951 2411 hoc
1986 2356 2255 2426 oppidulo
2292 2357 2689 2426 transigerent,

1531 2427 1753 2482 duobus
1790 2429 1989 2498 primis
2026 2428 2225 2482 diebus
2260 2433 2483 2481 tantum
2526 2427 2691 2481 XXII

1531 2498 1608 2552 M.
1668 2499 1731 2554 Ρ.
1786 2500 2149 2555 confecissent
2162 2541 2176 2568 ,
2232 2499 2514 2568 tertioque
2574 2499 2689 2553 diei

2173 2571 2233 2626 id
2278 2570 2429 2639 quod
2474 2569 2685 2625 factum

1533 2660 1651 2698 esse
1698 2643 1897 2712 nequit
1958 2647 2017 2697 et
2075 2659 2179 2713 per
2234 2646 2413 2696 totam
2468 2642 2687 2696 itineris

1533 2713 1779 2770 faciendi
1815 2714 2093 2769 rationem
2140 2717 2199 2768 et
2240 2713 2373 2783 quia
2418 2729 2529 2767 uno
2574 2713 2687 2768 iam

1533 2785 1715 2840 altero
1750 2786 1844 2841 die
1876 2785 2057 2840 XXIV
2084 2785 2161 2840 M.
2191 2784 2251 2839 P.
2291 2801 2350 2839 se
2386 2784 2689 2840 confecisse

1531 2857 1675 2912 dicit
1720 2857 1987 2912 Horatius
2024 2875 2078 2911 v.
2115 2859 2203 2912 86.
2294 2857 2417 2912 Hoc
2462 2873 2687 2926 quoque

1533 2929 1755 2984 accedit
1789 2929 1941 2998 quod
1975 2928 2125 2998 Equi
2162 2927 2353 2983 Tutici
2388 2929 2477 2982 vel
2500 2929 2687 2997 Equo·

1532 3000 1701 3055 tutici
1744 3018 1963 3065 nomen,
1998 3001 2046 3054 si
2078 3017 2119 3054 u
2154 3000 2347 3054 littera
2393 3000 2561 3070 longa
2603 3003 2691 3054 est

1535 3099 1603 3111 ·—
1642 3073 1701 3127 id
1742 3072 1892 3142 quod
1923 3072 2047 3126 veri
2082 3071 2266 3126 simile
2298 3076 2384 3126 est
2416 3099 2489 3112 --
2523 3089 2687 3126 versu

1534 3141 1649 3198 non
1686 3143 2020 3199 excluditur.
2092 3141 2349 3198 Ceterum
2396 3142 2520 3197 fons
2568 3144 2687 3197 eius

1535 3215 2019 3285 interpretationis
2052 3213 2243 3269 Ovidii
2281 3215 2387 3284 Ep.
2422 3233 2491 3268 ex
2525 3213 2687 3268 Pont.

1533 3286 1631 3354 IV,
1673 3289 1739 3340 12
1780 3287 1857 3342 ad
1911 3286 2235 3342 stticamm
2280 3303 2397 3340 esse
2445 3284 2689 3353 videtur,

1533 3358 1633 3412 ubi
1675 3357 1909 3412 Ovidius
1944 3375 2047 3428 per
2084 3357 2531 3426 quattuordecim
2566 3375 2688 3412 ver·

1535 3447 1627 3484 sus
1662 3431 1968 3486 certamine
2005 3429 2171 3483 metri
2206 3433 2265 3483 et
2300 3429 2541 3483 nominis
2576 3429 2687 3482 Tu·

1533 3502 1709 3556 ticani
1744 3500 2049 3556 artificiose
2096 3501 2259 3567 ludit,
2297 3501 2497 3556 veluti:
2576 3500 2691 3569 „Et

1533 3571 1763 3642 pudeat,
1798 3573 1847 3627 si
1885 3579 1961 3641 te,
2000 3589 2110 3641 qua
2148 3572 2361 3640 syllaba
2385 3578 2549 3642 parte
2570 3589 2689 3626 mo-

1533 3649 1715 3711 ratur,
1739 3645 1937 3700 Artius
1962 3645 2239 3714 appellem
2264 3644 2691 3712 mecumque

1533 3731 1753 3784 vocem;
1802 3716 1925 3772 Hae
1964 3721 2125 3785 potes
2169 3716 2233 3769 in
2268 3732 2491 3770 versum
2536 3715 2689 3770 ffli—

1533 3788 1668 3842 cani
1704 3805 1859 3844 more
1904 3787 2115 3856 venire,
2158 3787 2289 3842 Fiat
2333 3792 2398 3840 ut
2444 3803 2477 3840 e
2522 3787 2690 3856 longa

1533 3859 1753 3928 syllaba
1786 3860 1973 3930 prima
2007 3859 2247 3914 brevisf‘
2297 3857 2482 3925 Quare
2518 3874 2687 3927 appo-

1534 3949 1668 3986 nam
1704 3932 1880 3986 verba
1915 3930 2313 3988 Walckenarii.
2366 3929 2464 3999 qui
2500 3929 2570 3983 de
2608 3929 2689 3982 lo·

1533 4003 1615 4058 cis
1650 4003 1981 4058 Horatianis
2024 4003 2227 4088 dignus
2276 4005 2361 4056 est
2406 4001 2505 4069 qui
2540 4000 2688 4070 lega-

1535 4079 1655 4128 tur:
1718 4075 1859 4143 „Les
1904 4073 2221 4129 itineraires
2266 4073 2491 4127 ancient
2544 4071 2687 4126 indi-

1537 4151 1713 4215 quent
1768 4147 1915 4201 deux
1968 4151 2159 4200 routes
2213 4161 2358 4214 pour
2408 4149 2690 4198 traverser

1531 4218 1615 4272 les
1650 4223 1977 4288 montagnes
2002 4235 2073 4274 en
2108 4234 2169 4272 se
2204 4215 2487 4271 tendant
2470 4233 2505 4268 a
2528 4215 2689 4268 Brin-

1532 4288 1651 4343 des.
1717 4289 1784 4343 L’
1787 4307 1895 4344 uns
1944 4307 2049 4358 par
2096 4289 2295 4358 Equus
2345 4287 2571 4342 Misus
2616 4303 2689 4340 ou

1533 4359 1731 4428 Equus
1782 4361 2024 4430 Maynus
2062 4359 2324 4429 (Fciam)
2371 4363 2429 4413 st
2482 4357 2691 4414 Civitas

1531 4431 1795 4486 Serdonis
1820 4431 2109 4501 (On-dona),
2144 4431 2349 4486 l'autre
2384 4435 2547 4486 route
2582 4447 2687 4499 par

1533 4503 1749 4558 Eelano
1770 4503 2035 4572 (Bonita),
2053 4501 2357 4572 Aquilonia
2378 4500 2689 4570 (cairam),

1544 4573 1784 4628 Venusia
1816 4573 2135 4644 (Venostes),
2170 4575 2225 4628 la
2260 4574 2447 4645 patrie
2484 4573 2555 4629 de
2591 4591 2689 4628 no·

2220 4672 2289 4732 25
