3092 5059
497 182 620 247 182

1455 183 1911 253 CARMINUM

991 370 1142 445 Pro
1199 371 1412 464 curia
1461 371 1902 470 inversique
1956 371 2245 447 moresl

1096 493 1518 571 Consenuit
1569 521 2011 572 socerorum
2062 497 2143 572 in
2194 497 2426 572 armis

897 641 1058 720 Sub
1109 669 1296 742 rege
1349 644 1578 721 Medo
1630 645 1927 721 Marsus
1982 659 2059 722 et
2110 643 2415 742 Apulus

813 803 864 844 ιο
901 767 1382 845 Anciliorum
1433 783 1510 846 et
1558 770 1892 846 nominis
1946 783 2019 846 et
2071 783 2301 868 togae

997 891 1300 970 Oblitus
1349 907 1860 994 aeternaeque
1916 894 2192 970 Vestae
2286 879 2293 884 ⁵

1093 1017 1479 1094 Incolumi
1529 1019 1716 1115 Iove
1768 1032 1845 1096 et
1886 1020 2077 1095 urbe
2119 1021 2413 1095 Roma?

892 1165 1066 1241 Hoc
1121 1180 1427 1242 caverat
1475 1193 1689 1244 mens
1741 1168 2070 1268 provida
2118 1169 2400 1268 Reguli

893 1289 1426 1368 Dissentientis
1479 1293 2063 1369 condicionibus

813 1445 862 1487 ιι
993 1413 1276 1491 Foedis
1330 1430 1408 1492 et
1457 1418 1813 1518 exemplo
1868 1419 2233 1494 trahentis

1094 1540 1525 1619 Perniciem
1581 1544 1893 1619 veniens
1944 1543 2024 1618 in
2072 1569 2369 1640 aevum,

893 1687 977 1765 Si
1029 1715 1188 1766 non
1239 1691 1526 1788 periret
1574 1692 2140 1769 immiserabilis

897 1815 1224 1912 Captiva
1272 1815 1539 1912 pubes.

1646 1815 1887 1913 Signa
1936 1841 2079 1914 ego
2134 1818 2436 1894 Punicis

993 1937 1274 2013 Adfixa
1325 1937 1669 2014 delubris
1717 1953 1797 2014 et
1846 1965 2062 2016 arma

812 2097 863 2138 m
1097 2061 1472 2136 Militibus
1519 2061 1683 2138 sine
1738 2063 1994 2160 caede,
2052 2066 2269 2164 dixit,

895 2215 1235 2311 Derepta
1289 2211 1484 2308 vidi3
1540 2213 1703 2289 vidi
1758 2239 1901 2312 ego
1957 2217 2240 2293 civium

893 2339 1206 2452 Retorta
1259 2351 1475 2434 tergo
1530 2338 1892 2414 bracchia
1940 2339 2189 2416 libero

493 2597 624 2651 vim.
673 2626 740 2636 —
789 2595 1050 2667 hostium]
1107 2597 1284 2668 Iunge
1335 2613 1463 2651 cum
1507 2611 1645 2652 soce-

495 2684 699 2722 rorum.
747 2697 810 2707 —
847 2668 1030 2738 maria]
1079 2669 1178 2723 ubi
1216 2671 1438 2724 senatus
1474 2667 1641 2723 habe-

493 2741 681 2806 batur,
717 2739 778 2793 in
861 2757 934 2794 uo
983 2740 1244 2794 maiestas
1289 2739 1486 2810 populi
1532 2739 1645 2794 Ro-

497 2812 650 2865 mani
687 2815 788 2865 est.
869 2811 938 2865 ic.
939 2828 1071 2912 “pro
1095 2811 1286 2866 Plane.
1315 2813 1439 2880 29,
1444 2815 1645 2879 ,stante

497 2883 638 2937 urbe
675 2887 734 2937 et
763 2883 954 2938 curiaf
1003 2911 1070 2922 —
1100 2882 1296 2952 armis]
1325 2883 1417 2937 Sic
1452 2899 1645 2937 omnes

497 2954 656 3037 codd.
692 2971 806 3008 non
841 2954 1005 3010 arvis.
1077 2953 1240 3022 Quod
1278 2954 1320 3008 ii
1357 2954 1456 3022 qui
1493 2955 1645 3024 capti

495 3030 554 3079 et
599 3025 660 3079 in
705 3027 1032 3080 servitutem
1071 3027 1290 3080 redacti
1335 3031 1498 3081 erant
1549 3025 1644 3080 do-

495 3114 776 3222 ιᾶιιοιίιίιοιιιιιι
837 3114 998 3222 agros
1049 3097 1324 3223 efflabant,
1372 3115 1489 3223 pon
1531 3096 1643 3222 {¹1¹st

605 3185 773 3236 econ,
815 3185 840 3222 s
949 3187 1059 3238 quo
1147 3187 1304 3223 arma
1340 3186 1370 3222 e
1397 3185 1510 3222 iam
1588 3186 1643 3222 o-

493 3241 648 3294 stilia
704 3241 763 3294 in
817 3187 1064 3308 patrilam
1119 3239 1392 3295 ferebant.
1476 3240 1645 3294 Gaius

497 3311 723 3381 quidem
776 3313 860 3365 rei
897 3312 1214 3381 exemplum
1257 3311 1645 3366 tristissimum

497 3383 676 3437 edidit
714 3382 776 3450 Q.
816 3383 1114 3450 Labienus,
1152 3383 1248 3451 qui
1287 3401 1321 3436 8
1357 3383 1533 3436 Bruto
1573 3383 1645 3436 ad

493 3453 735 3509 Parthos
787 3458 851 3507 ut
907 3454 1115 3508 auxilia
1171 3459 1391 3524 peteret
1443 3455 1641 3508 missus

493 3530 622 3594 post
665 3526 880 3580 cladem
937 3525 1354 3596 Philippensem
1411 3525 1643 3579 Partho-

493 3613 621 3650 rum
685 3597 801 3650 dux
869 3597 982 3651 fuit
1041 3598 1308 3652 adversus
1363 3597 1644 3651 Romanos

496 3686 544 3721 a.
601 3687 658 3722 ιι.
715 3685 759 3722 c.
815 3671 936 3722 714.
1017 3667 1124 3723 Dio
1181 3668 1328 3722 Cass.
1383 3671 1484 3736 48,
1545 3671 1642 3722 24:

497 3723 688 3806 ,,οἷπος
734 3737 764 3792 ὁ
805 3739 1084 3806 Λαβιῆνος
1132 3741 1320 3794 ἔπεισε
1355 3737 1454 3792 τὸν
1469 3709 1641 3806 Πάρ-

495 3819 606 3866 θον
639 3816 745 3869 τοῖς
783 3807 1064 3882 Ῥωμαίοις
1087 3811 1447 3882 ἐπιχειρησαι.
1454 3811 1485 3840 “
1517 3810 1644 3865 Vel-

495 3883 585 3936 lei.
621 3881 838 3937 Patere.
865 3883 936 3949 11,
961 3885 1054 3937 78:
1093 3883 1408 3951 „Labienus
1439 3900 1470 3936 e
1503 3882 1643 3936 Bru-

495 3954 665 4009 tianis
713 3955 912 4009 castris
947 3955 1234 4024 profectus
1279 3955 1348 4008 ad
1385 3953 1645 4021 Parthos,

496 4026 766 4096 perducto
803 4043 996 4080 eorum
1047 4026 1296 4081 exercitu
1333 4027 1392 4079 in
1427 4025 1645 4092 Syriam

493 4095 904 4165 interfectoque
927 4097 1115 4166 legato
1143 4097 1380 4150 Antonii
1419 4113 1644 4150 concus-

495 4173 648 4223 serat
683 4167 1102 4237 (provincias).“
1140 4168 1260 4222 ibid
1299 4185 1344 4222 c.
1383 4169 1478 4222 82:
1521 4185 1643 4234 „-ca

497 4240 642 4309 ptivi
679 4239 985 4306 cuiusdam,
1033 4239 1130 4292 sed
1169 4239 1452 4302 Romani,-
1469 4239 1645 4292 consi-

499 4311 577 4364 lio
615 4315 672 4364 et
706 4310 817 4364 fide
853 4313 1104 4364 servatus
1141 4315 1225 4363 est
1261 4309 1623 4380 (Antonius).‘
1628 4311 1643 4340 ‘

496 4411 565 4421 —
603 4382 932 4436 annaliorum
966 4381 1040 4450 ct]
1077 4399 1182 4449 pro
1219 4381 1500 4436 ancilium.
1563 4381 1644 4437 Et

497 4453 558 4506 in
591 4452 754 4506 bonis
805 4453 963 4507 codd.
1020 4450 1201 4522 deest3
1248 4453 1347 4507 sed
1393 4458 1643 4522 praestat

498 4523 922 4593 polysyndeton.
959 4523 1112 4578 Flor.
1143 4523 1238 4595 IV,
1272 4527 1358 4594 11,
1394 4527 1453 4579 3:
1491 4526 1641 4595 „An-

1743 2597 1931 2652 tonius
1985 2597 2221 2666 patriae,
2276 2597 2539 2666 nominis,
2812 2597 2883 2653 sa-

1744 2686 1933 2807 ἳῗῖιωὲ,
1963 2669 2881 2812 ()ι)8ἰ1Μ-8-“Ιῖιιεῖ(38.1)ι11ιοὶιιιο.0ἶὶ

1744 2811 1864 2866 Hoc
1898 2811 2136 2882 caverat]
2184 2810 2547 2868 observanda
2592 2813 2881 2870 sententia-

1744 2900 1869 2938 rum
1890 2883 2175 2939 iunctura:
2201 2884 2393 2937 Illud·
2378 2901 2563 2953 ipsum
2580 2891 2725 2955 erat,
2748 2884 2882 2954 quod

1743 2955 2043 3024 prohibere
2082 2956 2219 3010 olim
2254 2972 2355 3008 suo
2402 2956 2661 3026 exemplo
2706 2957 2879 3012 volue-

1744 3032 1836 3080 rat
1875 3026 2141 3097 Regulus,
2200 3030 2258 3081 et
2300 3031 2493 3081 ‘tamen
2538 3027 2759 3084 factum
2792 3033 2880 3082 est.

1746 3127 1813 3138 -
1836 3098 2129 3168 trahentis]
2168 3097 2261 3152 Sic
2292 3113 2485 3152 omnes
2522 3099 2770 3170 codiees3
2802 3116 2882 3152 ne-

1746 3185 1853 3238 que
1910 3187 2049 3238 opus
2103 3173 2187 3224 est
2244 3170 2569 3224 coniectura
2634 3142 2887 3227 trah'cnti.

1744 3241 1890 3295 Nam
1913 3241 2182 3295 trahentis
2206 3246 2293 3296 est
2326 3241 2425 3311 qui
2460 3243 2721 3308 traheret,
2749 3242 2886 3312 quod

1746 3313 2150 3453 {ffrssssffloff
2176 3313 2529 3439 mm?
2554 3314 2889 3454 3311ἳῆ3.

1748 3455 1956 3510 Criton.
2006 3473 2063 3524 p.
2103 3457 2187 3508 48.
2228 3455 2287 3510 C.
2334 3483 2403 3496 -—-
2449 3403 2679 3528 pariat]
2740 3456 2889 3511 Anti·

1746 3527 1870 3596 quis
1908 3526 2255 3595 temporibus
2290 3527 2349 3580 in
2382 3527 2664 3583 eiusmodi
2703 3528 2889 3583 formis

1746 3599 1987 3666 syllabas
2032 3603 2099 3666 et,
2134 3604 2214 3666 at,
2249 3599 2298 3654 it
2336 3598 2531 3654 Latini
2566 3600 2891 3684 produxisse

1744 3669 2035 3737 videntur,
2090 3671 2247 3724 cuius
2307 3671 2392 3725 rei
2451 3687 2521 3725 ve
2646 3672 2700 3726 'a
2764 3671 2889 3724 satis

1746 3741 2065 3809 frequentia
2114 3746 2529 3811 remanserunt3
2584 3743 2659 3798 cf.
2716 3743 2789 3812 ΙΙ,
2842 3743 2894 3808 6,

1749 3781 2894 3881 14.11,13,16.111,1’6‚26.Snt.

1745 3851 2035 3949 11‚2,'47.
2105 3851 2891 3953 '1‚,.590’,’,113187.11‚

1749 3958 1798 4022 1,
1834 3924 1921 4007 82⁹.
1995 3956 2085 4010 Ita
2116 3973 2221 4011 neo
2266 3955 2531 4010 Glareani
2576 3957 2897 4012 coniectura

1739 4025 2011 4096 pmrent,
2083 4043 2187 4081 nec
2266 4025 2617 4083 Lachmanni
2692 4028 2895 4098 pen'roe

1746 4115 1883 4166 opus
1922 4101 2021 4151 est.
2072 4127 2139 4138 ·—-
2184 4097 2617 4171 immiserabilis]
2672 4101 2893 4154 misera-

1745 4171 1899 4223 tione
1932 4169 2129 4239 indign
2131 4187 2179 4223 a.

1816 4240 1881 4293 V.
1923 4243 2005 4294 18.
2042 4240 2228 4310 atym]
2264 4240 2351 4295 De
2394 4241 2565 4296 rebus
2607 4246 2664 4297 et
2712 4240 2895 4296 verbis

1748 4329 2011 4380 compara
2050 4312 2229 4366 Carm.
2266 4312 2363 4380 IV,
2403 4313 2489 4382 15,
2523 4315 2559 4367 6
2595 4331 2661 4382 sq
2664 4313 2895 4382 .Epist.

1746 4382 1789 4450 Ι,
1842 4385 1925 4450 18,
1974 4385 2059 4437 56.
2107 4413 2175 4423 -
2220 4383 2467 4453 derepta]
2520 4384 2733 4440 Omnes
2784 4384 2897 4438 fere

1738 4421 1960 4508 abdices
1983 4453 2222 4524 direpta,
2260 4456 2425 4510 male.
2466 4485 2535 4496 -—-
2570 4453 2895 4527 portasque]

1742 4525 2125 4597 Karthaginis.
2174 4556 2241 4566 —
2285 4528 2583 4600 populata]
2625 4527 2895 4598 Pop-lm
