3092 5059
358 232 482 299 Ἀῶ

1387 228 1746 298 EPODON

672 450 723 491 a
757 418 1175 495 Iucundior
1217 444 1454 519 ·quam
1507 418 1710 525 lecta
1764 415 1861 490 de
1910 411 2438 512 pinguissimis

959 543 1189 622 Oliva
1239 542 1474 619 ramis
1524 542 1890 617 arborum

761 668 922 746 Aut
970 669 1210 745 herba
1259 668 1561 768 lapathi
1610 678 1833 764 prata
1884 663 2207 740 amantis
2262 674 2341 739 et
2389 662 2610 760 gravi

959 792 1266 870 Malvae
1316 791 1661 869 salubres
1710 791 2019 891 corpori

753 918 902 995 Vel
953 942 1156 1017 agna
1203 919 1418 994 festis
1471 942 1691 994 caesa
1741 912 2309 991 Terminalibus

677 1076 730 1117 eo
964 1043 1108 1120 Vel
1159 1042 1449 1118 haedus
1503 1055 1813 1141 ereptus
1864 1040 2073 1140 lupe.

763 1168 928 1243 Has
975 1168 1176 1244 inter
1227 1167 1491 1267 epulas
1547 1179 1633 1241 ut
1682 1167 1892 1241 iuvat
1932 1176 2189 1263 pastas
2237 1186 2417 1237 oves

959 1292 1248 1368 Videre
1297 1305 1807 1393 properantes
1862 1291 2201 1385 domum,

764 1418 1054 1495 Videre
1105 1418 1349 1493 fessos
1398 1442 1791 1493 vomerem
1843 1418 2228 1491 inversum
2284 1412 2520 1489 boves

960 1541 1185 1620 Collo
1243 1527 1631 1619 trahentes
1682 1539 2053 1640 languido

672 1701 723 1741 σε
764 1668 1220 1768 Positosque
1269 1692 1569 1764 vernas,
1625 1666 1805 1746 ditis
1860 1688 2177 1744 examen
2231 1663 2529 1760 domus,

965 1792 1273 1870 Circum
1322 1791 1764 1865 renidentes
1812 1789 2071 1865 Lares.

761 1916 982 1995 Haeo
1031 1917 1167 1993 ubi
1215 1916 1514 1993 loeutus
1568 1915 2008 1992 faenerator
2059 1912 2333 2010 Alfius,

961 2042 1131 2119 Iam
1181 2043 1335 2119 iam
1382 2043 1686 2118 futurus
1738 2042 2084 2137 rusticus,

769 2167 1096 2247 Omnem
1148 2166 1453 2265 redegit
1501 2165 1769 2242 Idibus
1814 2166 2243 2266 peeuniam,

684 2326 736 2366 το
973 2293 1288 2386 Quaerit
1331 2290 1710 2368 Kalendis
1762 2314 2078 2390 ponere.

367 2536 578 2596 ‚virusf‘
607 2566 674 2576 —
711 2536 955 2606 attagen]
983 2534 1127 2591 Pljn.
1151 2536 1220 2593 N.
1239 2536 1308 2591 H.
1328 2536 1398 2605 X,
1419 2538 1516 2590 48:

369 2610 656 2678 „Attagen
691 2608 935 2663 maxime
957 2607 1147 2661 Ionius
1183 2608 1516 2676 celebratur,

365 2677 578 2733 vocalis
625 2678 782 2747 alias,
838 2682 1032 2749 eaptus
1079 2696 1210 2735 vero
1266 2679 1516 2735 obmute-

369 2767 542 2814 soens,
613 2750 893 2819 quondam
957 2750 1306 2806 existimatus
1369 2751 1518 2805 inter

367 2838 526 2875 raras
562 2839 711 2876 aves.
748 2822 868 2876 Iam
905 2827 963 2876 et
1002 2823 1061 2875 in
1101 2822 1282 2877 Gallia
1318 2822 1517 2892 Hispa-

367 2893 598 3018 32:2321
609 2898 847 3018 “m
881 2898 944 3019 εἴ
965 2894 1266 3020 affl...
1295 2894 1515 2949 ...aa

368 3034 551 3089 fertur
586 3004 788 3091 alitum
815 2982 1520 3109 'primus”10ni⁶o¹anli1i³⁰g¹iffi

369 3112 487 3161 stus
522 3108 968 3178 attagenamm.“
1015 3138 1082 3147 —
1125 3108 1363 3179 lapathi]
1402 3106 1518 3163 Sat.

369 3177 442 3246 H,
462 3182 514 3240 4,
541 3180 624 3231 25.
665 3173 968 3248 Λάπαθον,
1004 3180 1180 3234 latine
1216 3196 1422 3235 rumex.
1447 3210 1520 3221 —

368 3248 596 3319 malvae]
637 3250 818 3305 Carm.
854 3250 896 3319 1,
923 3252 1012 3320 31,
1042 3254 1123 3307 16.
1163 3251 1411 3306 Martial.
1447 3252 1516 3315 X,

368 3322 460 3388 48,
497 3322 554 3375 7:
602 3320 1054 3390 „Exoneraturas
1090 3328 1346 3378 ventrem
1381 3324 1520 3377 mihi

367 3392 538 3447 vilica
571 3393 784 3447 malvas
805 3394 1070 3449 Attulitf‘
1101 3424 1170 3434 —
1200 3394 1518 3449 Terminali-

369 3462 492 3533 bus]
514 3481 562 3517 a.
583 3462 636 3517 d.
651 3462 754 3519 VII
773 3464 898 3519 Kal.
910 3465 1078 3520 Mart.
1101 3464 1263 3520 Ovid.
1281 3464 1431 3521 Fast.
1448 3466 1521 3535 11,

371 3534 500 3599 653:
551 3534 886 3607 „Spargitur
921 3542 980 3592 et
1015 3552 1176 3592 caesa
1213 3538 1520 3593 eommunis

370 3604 666 3660 Terminus
833 3608 916 3662 a.“
971 3638 1038 3649 —
1093 3613 1313 3681 ereptus
1364 3610 1384 3663 1
1463 3608 1518 3679 ο]

371 3676 537 3731 Paroi
573 3626 854 3748 agriffle
876 3697 993 3734 non
1022 3685 1273 3735 mactant
1297 3680 1402 3734 hae
1441 3697 1521 3748 os,

369 3748 468 3802 sed
513 3749 647 3818 lupo
697 3755 919 3819 ereptos
966 3756 1020 3806 et
1075 3752 1189 3806 iam
1236 3751 1520 3806 admorsos

371 3837 484 3873 non
521 3826 808 3891 spernunt,
845 3822 929 3878 ita
958 3840 1026 3878 ex
1061 3823 1264 3877 damno
1303 3824 1520 3877 luorum

373 3890 533 3961 quasi
557 3894 853 3961 capientes.
891 3894 1151 3950 Imitatus
1171 3899 1256 3949 est
1275 3892 1518 3949 Martial.

373 3962 442 4030 X,
461 3964 660 4030 48,14:
703 3964 959 4035 „Haedus
996 3966 1288 4021 inhumani
1323 3971 1520 4035 raptus

372 4034 443 4089 ab
485 4052 584 4089 ore
620 4035 794 4106 lupi.“
828 4067 894 4078 —
932 4054 1192 4093 vomerem
1226 4036 1520 4106 inversum]

374 4104 534 4161 Ovid.
575 4104 726 4163 Fast.
764 4108 832 4171 V,
873 4111 1002 4163 497:
1053 4107 1329 4179 „Tempus
1377 4114 1518 4177 erat,

373 4194 484 4246 quo
522 4194 684 4234 versa
729 4179 862 4252 iugo
909 4180 1232 4237 referuntur
1275 4180 1520 4235 aratra.“

1618 2535 1733 2591 Ver
1775 2575 1786 2588 .
1822 2535 1956 2590 Bne.
1996 2535 2047 2597 2,
2122 2535 2173 2588 6.
2216 2563 2290 2575 --
2376 2539 2475 2589 stne
2591 2538 2773 2590 oetioe

1732 2554 1772 2607 ε
2084 2534 2121 2588 ⁰
2263 2534 2400 2618 ..α’
2435 2533 2587 2617 ·1.P
2651 2534 2703 2617 .·

1618 2608 1758 2663 haee
1792 2607 1978 2662 forma
2011 2623 2046 2660 a
2090 2623 2359 2689 prosam-ns
2403 2606 2771 2676 scriptoribus

1619 2684 1847 2763 recepta
1866 2682 1951 2733 est
1969 2677 2043 2732 ab
2055 2679 2299 2803 Augu&
2325 2677 2549 2732 demum
2567 2680 2769 2733 aetate.

1620 2752 1744 2805 Liv.
1777 2748 1953 2819 XLII,
1990 2750 2077 2803 34.
2116 2766 2147 2803 e
2174 2788 2187 2803 .
2226 2747 2431 2804 T1bun.
2470 2748 2559 2831 11‚·
2585 2752 2633 2817 1,
2668 2750 2768 2802 23:

1622 2822 2605 2975 z’ifflbtssffiniss‘e‘s‘ffffi’efsssslnss
2624 2820 2770 2945 22¹2?

1624 2965 1765 3048 naevi]
1813 2966 1891 3019 im
1966 2980 2001 3017 o
2046 2963 2118 3046 ah
2164 2964 2361 3047 apibus
2382 2966 2663 3089 ‚repetita
2680 2991 2767 3045 .—

1618 3036 1923 3121 rendentes
1968 3042 2110 3118 tersi⁸
2130 3052 2197 3090 ae
2231 3035 2429 3105 polit13
2477 3033 2771 3117 pllpohrt,

1622 3108 2023 3191 spiegelblanlf.
2057 3106 2365 3161 Simulaera
2379 3106 2607 3190 larium,
2627 3123 2770 3161 mar·

1622 3196 1815 3235 morea
1838 3178 1928 3233 vel
1966 3179 2169 3249 lig-nea,
2210 3196 2339 3234 oera
2374 3178 2773 3245 ilhnebantur3

1620 3250 1879 3306 Juvenal.
1916 3250 2041 3310 XII,
2078 3252 2170 3303 88:
2210 3250 2545 3319 „simulacra
2592 3250 2772 3303 niten-

1624 3323 1705 3377 tia
1741 3322 1922 3378 oera.“
1981 3320 2157 3377 Lares
2192 3322 2451 3377 renident
2489 3338 2557 3376 ae
2592 3321 2771 3391 splen-

1622 3394 1775 3459 dent,
1810 3410 1921 3449 non
1952 3409 2171 3462 vernae3
2209 3393 2267 3448 id
2305 3393 2456 3461 quod
2490 3392 2617 3448 aliis
2653 3392 2772 3461 pla·

1622 3466 1754 3521 cuit.
1795 3495 1860 3504 —-
1900 3465 2015 3519 iam
2051 3463 2187 3535 iam]
2225 3464 2353 3519 vide
2386 3463 2460 3519 ad
2494 3462 2673 3519 Carm.
2700 3462 2774 3532 11,

1622 3540 1710 3605 20,
1747 3539 1796 3591 9.
1861 3566 1925 3577 -
1991 3536 2203 3606 Idibus]
2262 3536 2373 3591 Cio.
2419 3536 2583 3590 Catil.
2627 3534 2672 3597 1.
2723 3535 2773 3589 6.

1622 3608 1753 3663 Hor.
1791 3608 1906 3663 Sat.
1942 3610 1988 3677 l,
2022 3610 2073 3674 3,
2111 3608 2197 3663 87.
2240 3607 2542 3673 Kalendis,
2577 3606 2770 3671 Nonis,

1621 3680 1816 3734 Idibus
1838 3680 2081 3750 pecunia
2112 3697 2147 3733 a
2185 3677 2637 3735 faeneratoribus
2676 3683 2776 3732 aut

1624 3752 1684 3805 in
1699 3751 1933 3877 dfzenus
1944 3751 2221 3877 bdabatur
2266 3754 2367 3805 aut
2412 3750 2535 3891 ijedi
2574 3748 2776 3875 egani?

1624 3842 1659 3877 a
1738 3823 2063 3877 eitorius.
2117 3837 2427 3891 —ponere
2556 3860 2570 3875 .
2662 3861 2674 3875 .
2762 3862 2774 3875 .

1624 3894 1745 3949 421.
1821 3894 1931 3949 Cio.
1990 3894 2131 3965 Imp.
2181 3894 2279 3949 Gn.
2338 3892 2531 3963 Pomp.
2580 3894 2643 3961 7,
2693 3892 2775 3945 18.

1624 3964 1889 4091 Rediqerlelx
1920 3966 2218 4036 pecuniam
2251 3967 2337 4019 est
2372 3963 2523 4034 apud
2559 3962 2774 4019 debito·

1624 4054 1713 4093 res
1776 4055 1841 4093 eo
1886 4042 2109 4093 oeatam
2170 4036 2259 4093 exi
2300 4054 2411 4091 ere.
2474 4064 2543 4075 —
2616 4051 2773 4105 quae-

1621 4109 1722 4180 rit]
1752 4104 2184 4234 Ignpocddxntov
2214 4054 2451 4163 mffrifioo
2475 4106 2776 4163 adiuvatur

1623 4176 1765 4235 ἀσυν
1804 4184 1923 4250 lup.

1373 4436 1770 4449 u———s
