3092 5059
1026 239 1185 304 Lm.
1228 237 1279 304 1.
1324 237 1594 306 EPIST.
1635 237 1811 304 x1v.
1869 221 1874 224 ’

276 455 301 496 ι
335 423 643 500 Evellas
692 450 883 523 agro
936 437 1011 500 et
1060 451 1134 500 m

2503 239 2630 304 545

1139 423 1333 500 elior
1386 426 1482 500 sit
1530 425 1898 502 Horatius
1953 453 2052 501 an
2105 449 2249 500 res.

332 551 463 628 Me
512 552 861 651 quamvis
906 551 1223 628 Lamiae
1268 553 1515 652 pietas
1575 565 1649 628 et
1702 577 1886 629 cura
1937 565 2305 647 moratur,

330 675 683 753 Fratrem
736 677 1165 773 maerentis,
1218 689 1443 777 rapto
1499 677 1598 753 de
1648 678 1892 754 fratre
1948 676 2281 752 dolentis

328 800 875 898 Insolabiliter,
926 814 1182 878 tamen
1236 803 1433 878 istuc
1482 827 1700 878 mens
1749 803 2206 900 animusque

332 926 513 1003 Fert
564 939 639 1001 et
688 939 895 1002 amat
944 927 1209 1023 spatiis
1263 928 1644 1002 obstantia
1689 951 2050 1025 rumpere
2091 927 2442 1002 claustra.

252 1085 303 1124 ιο
336 1051 543 1125 Rure
596 1075 741 1148 ego
794 1051 1205 1147 viventem,
1259 1064 1343 1126 tu
1398 1050 1588 1125 dicis
1635 1052 1716 1126 in
1769 1051 1962 1127 urbe
2016 1051 2357 1126 beatum:

333 1173 482 1251 Cui
532 1175 787 1272 placet
836 1176 1179 1274 alterius,
1232 1203 1371 1252 sua
1419 1178 1788 1252 nimirum
1843 1190 1959 1252 est
2010 1176 2190 1252 odio
2243 1201 2432 1252 sors.

334 1299 627 1376 Stultus
680 1313 1002 1401 uterque
1052 1300 1307 1376 locum
1352 1303 1822 1378 immeritum
1879 1313 2230 1378 causatur
2277 1302 2436 1401 iniq
2447 1327 2577 1378 ue:

332 1423 428 1500 In
480 1425 710 1526 culpa
760 1437 875 1502 est
920 1426 1245 1522 animus,
1302 1427 1439 1525 qui
1488 1451 1572 1502 se
1622 1451 1780 1502 non
1833 1425 2107 1523 effugit
2153 1451 2524 1526 unquam.

332 1549 449 1626 Tu
500 1550 999 1626 mediastinus
1052 1551 1281 1627 tacita
1330 1576 1563 1648 prece
1611 1577 1796 1626 rura
1845 1551 2188 1649 petebas,

248 1707 299 1750 ιε
330 1676 555 1752 Νιιιιο
602 1679 880 1754 urbem
932 1690 1009 1754 et
1057 1677 1280 1754 ludos
1334 1689 1411 1754 et
1462 1678 1740 1754 balnea
1789 1678 2063 1755 vilicus
2115 1691 2364 1779 optas3

332 1801 463 1879 Me
514 1817 863 1879 constare
918 1803 1106 1878 mihi
1156 1804 1304 1879 scis
1354 1815 1434 1880 et
1484 1802 1882 1880 discedere
1930 1804 2249 1899 tristem,

336 1926 993 2027 Quandocumque
1036 1927 1349 2004 trahunt
1398 1928 1650 2004 invisa
1701 1929 2018 2028 negotia
2065 1929 2412 2032 Romam.

332 2052 511 2128 Non
562 2051 833 2129 eadem
885 2054 1294 2148 miramur3
1342 2080 1436 2129 eo
1490 2053 1978 2130 disconvenit
2019 2053 2221 2128 inter

336 2177 619 2277 Meque
673 2190 747 2254 et
797 2190 909 2253 te:
962 2205 1143 2255 nam
1196 2203 1395 2278 quae
1445 2177 1749 2256 deserta
1799 2191 1876 2255 et
1924 2177 2314 2277 inhospita
2364 2189 2636 2276 tesqua

250 2335 301 2376 no
338 2302 635 2397 Credis,
694 2328 1019 2379 amoena
1060 2315 1292 2380 vocat
1338 2303 1830 2404 mecum·qui
1879 2304 2132 2402 sentit,
2187 2316 2267 2380 et
2318 2302 2486 2378 odit

337 2426 555 2519 Quae
602 2439 686 2501 tu
740 2425 1065 2524 pulchra
1108 2439 1351 2525 putas.
1404 2426 1695 2502 Fornix
1741 2427 1889 2503 tibi
1939 2440 2014 2504 et
2060 2440 2294 2503 uncta
2339 2428 2632 2528 popina

338 2549 727 2626 Incutiunt
776 2547 989 2624 urbis
1036 2547 1529 2644 desiderium,
1582 2550 1838 2646 video,
1895 2565 1972 2628 et
2023 2551 2233 2654 quod

336 2674 694 2774 Angulus
745 2675 887 2750 iste
940 2675 1141 2750 feret
1190 2675 1415 2774 piper
1468 2687 1543 2751 et
1592 2689 1712 2751 tus
1767 2676 1974 2784 ocius
2018 2703 2190 2774 uva,

334 2800 497 2876 Nec
526 2800 803 2876 vicina
850 2801 1111 2876 subest
1154 2801 1426 2876 vinum
1476 2803 1854 2902 praebere
1904 2804 2226 2879 taberna

235 3089 379 3140 teste
434 3083 739 3139 Columella
794 3084 1129 3152 11‚13.-
1188 3086 1388 3156 spinas

238 3155 507 3224 eninm]
570 3173 731 3211 curas
790 3173 857 3210 ao
914 3156 1387 3226 perturbationes,

236 3227 1235 3369 ffiffi⁸33⁸r2312212¹23¹3¹30115035
1262 3229 1387 3354 ἔῗὲἶ

238 3399 309 3410 -
346 3371 579 3425 Lamiae
608 3369 815 3454 pietas]
860 3372 919 3425 in
966 3371 1204 3426 fratrem
1238 3389 1387 3426 mor-

236 3446 426 3510 tuum;
469 3457 607 3496 cura
650 3442 722 3496 ad
758 3443 939 3512 ipsum
978 3442 1228 3498 Lamiam
1263 3461 1387 3514 per-

237 3513 403 3573 tinet,
448 3513 547 3581 qui
584 3513 721 3581 quid
764 3519 893 3597 post
935 3519 1159 3569 tantum
1198 3532 1389 3570 casum

238 3583 493 3639 facturus
529 3585 621 3652 sit,
644 3585 858 3640 nescire
882 3585 1123 3641 videtur.
1156 3615 1220 3626 -
1246 3603 1387 3641 mae-

235 3655 427 3724 rentis]
468 3655 577 3710 Cic.
614 3655 685 3710 ad
721 3659 841 3711 Att.
878 3657 1007 3727 XII,
1043 3659 1139 3712 28:
1198 3659 1387 3728 „-Mae

236 3744 425 3782 rorem
483 3727 679 3796 minui,
738 3729 992 3784 dolorem
1052 3747 1167 3784 non
1226 3731 1387 3800 potui

237 3816 343 3854 neo
387 3799 437 3852 si
478 3815 697 3868 possem
739 3801 991 3856 vellemf‘
1040 3831 1108 3842 —
1164 3801 1387 3872 spatiis]

238 3869 477 3940 Sumpta
511 3876 597 3925 est
618 3872 951 3943 metaphora
986 3891 1057 3928 ex
1096 3873 1243 3929 ludis
1268 3873 1387 3928 cir-

238 3941 519 4010 censibus3
574 3960 707 3997 nam
750 3945 943 4014 spatia
986 3962 1152 4014 saepe
1202 3945 1413 4004 locum.

428 4019 559 4068 cant
598 4015 669 4068 ad
706 4017 1041 4072 currendum
1078 4018 1167 4072 vel
1203 4017 1388 4072 deam-

236 4085 543 4140 bulandum
605 4091 905 4157 patentem.
982 4117 1051 4128 -
1120 4089 1387 4172 claustra]

237 4163 371 4212 sunt
408 4175 671 4212 carceres.
712 4187 776 4198 -
813 4160 875 4214 in
909 4159 1063 4229 urbe]
1100 4177 1173 4215 so.
1198 4161 1388 4215 viven-

238 4234 371 4283 tem.
408 4229 535 4300 Ego
558 4247 691 4283 rure
724 4231 1026 4298 viventem,
1062 4236 1125 4285 tu
1164 4231 1223 4284 in
1250 4231 1391 4285 urbe

234 4301 521 4355 viventem
583 4299 811 4356 beatum
868 4302 1025 4357 diois.
1104 4301 1259 4369 Quae
1319 4302 1389 4356 de

238 4371 699 4426 dissentientibus
732 4373 973 4428 Horatio
1010 4376 1069 4428 et
1104 4373 1273 4428 vilico
1307 4373 1389 4427 di·

240 4447 337 4498 ota
384 4449 531 4510 sunt,
586 4444 647 4497 iu
694 4460 1047 4499 communem
1104 4445 1391 4500 hominum

236 4515 675 4570 inconstantiam
749 4515 972 4584 cadunt,
1042 4532 1174 4570 nam
1248 4533 1391 4585 quae

238 4603 361 4642 sors
416 4585 583 4641 alteri
637 4587 843 4656 placet,
895 4588 1058 4642 alteri
1114 4587 1391 4658 displicet.

340 4705 567 4748 Horatius
593 4707 665 4750 cd.
691 4707 1027 4759 nmenburger
1050 4709 1127 4751 cd.
1155 4707 1261 4752 Vn.

1480 3085 1554 3141 cf.
1592 3085 1708 3140 Sat.
1735 3085 1778 3152 Ι,
1813 3085 1868 3154 1,
1895 3087 1918 3136 1
1949 3101 2070 3154 sqq.
2095 3113 2166 3124 —
2203 3083 2432 3154 stultus]
2471 3085 2636 3140 Uter-

1481 3174 1590 3227 que
1623 3162 1814 3212 tamen
1850 3156 2058 3210 stultus
2095 3161 2195 3216 est.
2235 3157 2368 3226 quia
2397 3173 2639 3226 oausam,

1480 3247 1582 3284 cur
1605 3247 1706 3283 sua
1741 3233 1895 3283 sorte
1927 3244 2041 3282 non
2065 3227 2144 3283 sit
2171 3233 2484 3297 contentus,
2521 3245 2640 3282 non

1480 3301 1541 3355 in
1577 3306 1753 3356 semet
1789 3301 1928 3370 ipso,
1955 3300 2054 3354 sed
2077 3301 2137 3354 in
2175 3301 2422 3355 externis
2448 3300 2634 3363 rebus,

1480 3373 1543 3426 in
1579 3372 1716 3436 loco,
1757 3371 1857 3426 ubi
1880 3372 2055 3442 degit,
2087 3372 2278 3440 inique
2304 3373 2542 3440 quaerit.
2569 3401 2635 3411 —

1480 3444 1906 3569 ffi’ffiffl
1952 3443 2066 3570 2¹3⁸
2107 3443 2640 3569 fflflffffiffistff

1488 3615 1549 3624 -
1589 3586 1977 3657 mediastinus]
2029 3603 2221 3640 servus
2271 3555 2450 3640 infn’ni
2488 3554 2636 3640 o’rdi·

1482 3657 1588 3726 nis,
1629 3658 1701 3713 ad
1748 3659 1938 3714 omnia
1975 3658 2205 3728 negotia
2243 3662 2491 3726 paratus.
2533 3656 2641 3725 Qui

1482 3735 1620 3784 tunc
1653 3731 1854 3784 vilicus
1891 3732 2154 3799 praeerat
2188 3729 2433 3784 rusticae
2479 3728 2640 3782 fami-

1482 3802 1608 3862 liae,
1659 3802 1708 3856 is
1752 3803 1904 3865 olim,
1955 3818 2082 3855 cum
2117 3799 2385 3855 Horatius
2423 3801 2643 3854 iuvenis

1483 3877 1631 3928 esset
1665 3875 1741 3942 (v.
1781 3874 2038 3941 32-34),
2075 3889 2338 3943 magnam
2386 3889 2544 3926 suam
2579 3870 2641 3925 fi-

1482 3945 1612 4000 dem
1645 3944 1986 4014 probaverat
2022 3945 2081 3998 in
2119 3945 2350 4012 eiusque
2393 3944 2477 3998 rei
2513 3961 2640 4014 gra-

1482 4019 1628 4072 tiam
1663 4035 1730 4072 eo
1765 4034 1997 4072 munere
2035 4021 2234 4071 auctus
2263 4019 2404 4071 erat.
2429 4044 2502 4056 —
2538 4021 2642 4070 tes·

1484 4089 1685 4158 quaJ„
1693 4090 1816 4144 loca
1851 4089 2008 4144 aditu
2032 4086 2294 4143 difficilia
2331 4092 2390 4142 et
2423 4087 2644 4143 inculta

1486 4161 1682 4231 lingua
1718 4160 2056 4216 Sabinorum
2100 4160 2182 4215 sic
2221 4159 2642 4214 nominanturfl

1486 4232 1697 4288 Gomm.
1736 4233 1903 4303 Oruq.
1957 4229 2641 4314 ——uneta]cf.Sat.·II,

1486 4303 1539 4370 4,
1579 4307 1666 4358 62.
1725 4333 1792 4344 —
1847 4304 1978 4375 uva]
2038 4303 2127 4360 Ex
2175 4301 2649 4356 h.1.n0n1ioet

1486 4375 1839 4443 concludere,
1893 4377 1952 4430 in
1991 4374 2200 4430 Sabino
2237 4373 2460 4428 Horatii
2501 4373 2644 4427 vites

1488 4451 1546 4500 et
1571 4448 1764 4502 vinum
1787 4450 2013 4502 omnino
2049 4463 2162 4500 non
2189 4445 2377 4508 fuisse,
2405 4445 2464 4499 id
2493 4443 2644 4514 quod

1490 4517 1670 4572 Oarm.
1714 4517 1758 4584 1,
1805 4521 1878 4572 20
1935 4523 2132 4588 aperte
2186 4516 2494 4584 refutatur,
2549 4515 2647 4570 sed

1487 4594 1608 4645 tam
1657 4589 1770 4645 vile
1820 4590 1935 4645 fuit
1987 4589 2138 4661 quod
2184 4588 2266 4644 ibi
2311 4589 2648 4646 nascebatur

2180 4687 2250 4742 85
