3092 5059
1099 228 1263 295 LIB.
1307 228 1392 295 II.
1435 229 1621 297 SAT.
1668 230 1783 297 111.

2415 232 2651 318 *445

343 417 484 517 Te,
538 419 828 515 Tiberi,
877 444 1309 517 numerare,
1361 421 1569 497 cavis
1618 422 2096 499 abscondere
2147 422 2487 516 tristem3

339 544 709 642 Extimui,
763 570 862 621 ne
914 571 1052 621 vos
1104 559 1371 643 ageret
1423 548 1735 623 vesania
1787 546 2103 645 discors,

239 700 318 741 ms
343 670 468 745 Tu
520 669 1117 767 Nomentanum,
1172 683 1251 747 tu
1297 696 1396 747 ne
1447 696 1857 771 sequerere
1912 674 2281 753 Cicutam.

344 791 612 885 Quare
661 821 804 893 per
853 794 1076 872 divos
1129 807 1386 873 oratus
1437 809 1765 896 uterque
1811 798 2159 894 Penates,

343 918 470 993 Tu
521 944 710 996 cave
759 946 858 997 ne
909 920 1236 1018 minuas,
1293 935 1376 998 tu
1427 946 1526 999 ne
1574 922 1825 999 maius
1876 922 2115 1000 facias
2166 923 2275 1018 id,

341 1043 580 1137 Quod
631 1045 812 1121 satis
865 1070 1032 1123 esse
1082 1058 1303 1146 putat
1351 1059 1573 1147 pater
1626 1058 1707 1123 et
1752 1060 2027 1125 natura
2078 1061 2399 1157 coercet.

339 1167 757 1246 Praeterea
802 1194 904 1247 ne
950 1195 1090 1247 vos
1141 1169 1403 1247 titillet
1453 1169 1727 1269 gloria,
1780 1172 1951 1249 iure

237 1328 318 1367 18⁰
339 1292 687 1371 Iurando
731 1294 1210 1394 obstringam
1259 1296 1530 1371 ambo:
1582 1307 1753 1372 uter
1796 1296 2070 1374 aedilis
2124 1296 2455 1375 fueritve

343 1417 712 1497 Vestrum
766 1432 1104 1519 praetor,
1155 1420 1220 1495 is
1276 1418 1733 1497 intestabilis
1786 1432 1863 1497 et
1912 1446 2131 1498 sacer
2178 1434 2369 1499 esto.

340 1542 438 1620 In
495 1545 745 1623 cicere
795 1558 1034 1647 atque
1088 1546 1273 1623 faba
1328 1547 1532 1622 bona
1582 1558 1667 1620 tu
1713 1546 2153 1647 perdasque
2193 1547 2507 1649 lupinis,

341 1668 584 1745 Latus
634 1684 720 1747 ut
767 1674 850 1749 in
895 1672 1123 1751 Circo
1182 1672 1516 1769 spatiere
1566 1683 1645 1749 et
1694 1684 1977 1749 aeneus
2030 1685 2115 1749 ut
2164 1685 2340 1770 stes,

340 1793 616 1871 Nudus
667 1798 897 1897 agris,
949 1798 1204 1875 nudus
1257 1798 1617 1893 nummis,
1667 1797 1958 1893 insane,
2009 1799 2385 1897 paternis3

243 1952 315 1993 ιω
343 1922 660 2003 Scilicet
709 1939 794 2002 ut
841 1926 1176 2026 plausus,
1235 1952 1428 2025 quos
1482 1925 1637 2000 fert
1686 1922 2067 2022 Agrippa,
2124 1927 2329 2003 feras
2380 1938 2485 2021 tu,

343 2049 626 2127 Astuta
672 2051 1099 2150 ingenuum
1151 2051 1423 2153 vulpes
1474 2051 1773 2128 imitata
1822 2047 2204 2129 leonem.“

341 2172 464 2250 Ne
518 2174 690 2272 quis
741 2174 1100 2253 humasse
1149 2176 1342 2253 velit
1389 2175 1741 2273 Aiacem,
1793 2174 2097 2273 Atrida,
2151 2189 2361 2254 vetas
2414 2179 2599 2252 cur?

344 2301 564 2396 „Rex
613 2297 859 2377 sum.“
923 2300 1052 2375 Nil
1103 2299 1308 2377 ultra
1351 2326 1643 2401 quaero
1676 2298 2061 2401 plebeius.
2132 2299 2275 2398 „Et
2322 2326 2651 2400 aequam

339 2424 539 2501 Rem
587 2426 990 2523 imperit03
1045 2450 1138 2503 ac
1187 2425 1249 2499 si
1307 2423 1430 2501 cui
1480 2424 1755 2501 videor
1806 2452 1963 2502 non
2014 2426 2278 2523 iustus,
2332 2425 2581 2502 inulto

248 2583 320 2623 290
342 2550 625 2627 Dicere
677 2549 888 2650 quod
940 2551 1169 2629 sentit
1217 2549 1609 2650 permitte.

1616 2546 1661 2586 “
1758 2548 2101 2627 Maxime
2150 2576 2447 2649 regum,

343 2675 446 2751 Di
499 2676 642 2752 tibi
693 2676 880 2751 dent
933 2688 1156 2773 capta
1197 2676 1516 2753 classem
1570 2675 1939 2753 reducere
1992 2676 2259 2753 Troia!

247 2930 555 3001 Oppidium
600 2951 714 2987 non
749 2934 985 3003 antiquo
1029 2938 1283 3006 tempore
1321 2935 1400 2991 vi-

247 3004 390 3059 xisse
429 3022 483 3057 v.
529 3006 630 3059 185
669 3006 933 3060 ostendit.

317 3074 382 3129 V.
424 3078 546 3130 172.
594 3076 726 3130 sinu
764 3078 912 3145 laxo]
958 3095 1028 3131 ex
1079 3095 1189 3146 quo
1235 3076 1402 3133 facile

247 3152 514 3213 poterant
554 3148 829 3203 excidere.
867 3148 1030 3215 Quod
1064 3149 1266 3203 deinde
1303 3167 1400 3218 po·

248 3218 418 3272 situm
460 3222 544 3273 est
579 3218 760 3275 ludere
794 3220 928 3289 vidi,
964 3220 1403 3291 intellegendum

249 3288 318 3343 de
357 3290 425 3344 iis
456 3290 604 3346 ludis
637 3308 960 3360 puerorum,
999 3309 1110 3360 quo
1129 3309 1216 3346 res
1240 3292 1403 3362 perdi

250 3364 540 3429 petel-ann
596 3362 696 3417 hos
747 3363 886 3417 vitio
931 3364 1030 3417 dat
1075 3368 1256 3433 pater,
1290 3381 1404 3417 non

249 3432 383 3487 item
421 3434 684 3503 reliquos.
705 3464 773 3473 —
811 3435 979 3504 cavis]
1017 3433 1132 3489 Sat.
1151 3435 1222 3504 11,
1245 3438 1297 3502 6,
1314 3437 1401 3489 81.

255 3506 372 3557 116.
413 3535 478 3544 —
529 3506 952 3576 Nomentanum]
1009 3506 1077 3560 cf.
1116 3506 1232 3562 Sat.
1269 3508 1317 3575 1,
1359 3510 1402 3561 1.

253 3576 369 3628 102.
408 3576 493 3631 De
532 3577 728 3631 Cicuta
764 3577 892 3632 vide
931 3595 1100 3647 supra
1137 3597 1189 3632 v.
1211 3580 1297 3632 69.
1331 3607 1404 3617 --

248 3646 600 3718 intestabilis]
656 3648 781 3702 Etsi
843 3650 1135 3719 proprium
1191 3655 1275 3703 est
1333 3648 1406 3703 de

252 3734 316 3771 eo
354 3720 442 3773 cui
479 3720 842 3775 interdictum
877 3725 962 3775 est
993 3722 1115 3776 iure
1139 3720 1404 3789 testandi,

253 3792 568 3845 testamenti
623 3790 864 3847 faciendi
923 3792 1014 3847 vel
1067 3796 1406 3848 testamento

251 3860 465 3931 aliquid
489 3863 818 3932 accipiendi,
841 3868 1032 3919 tamen
1064 3881 1228 3932 saepe
1255 3863 1405 3933 apud

159 3984 168 3993 ,
253 3930 509 3989 Tacitum
547 3942 604 3989 et
633 3934 878 3989 Plinium
927 3936 1138 4005 legitur
1173 3954 1278 4004 pro
1317 3934 1404 3991 de-

253 4005 536 4074 tes-stabilis,
571 4006 951 4063 exsecrandus.
987 4008 1122 4063 Sall.
1145 4007 1268 4077 Iug.
1306 4009 1374 4060 67
1392 4023 1406 4054 =

253 4072 575 4147 „Turpilius
632 4078 920 4148 improbus
970 4078 1407 4147 intestabilisque

255 4150 424 4201 esto.“
487 4178 558 4188 --
617 4150 679 4203 in
739 4149 930 4219 cicere]
1005 4149 1406 4221 Significantur

254 4214 372 4270 ludi
407 4220 692 4279 aedilium.
729 4222 934 4291 quibus
974 4222 1188 4277 cibaris
1215 4222 1405 4277 distri·

254 4287 569 4346 buebsntur
608 4292 777 4361 plebi.
818 4323 886 4332 —
925 4298 975 4347 et
1012 4294 1234 4364 aeneus]
1273 4292 1405 4349 Voc-

257 4361 456 4415 aeneus
499 4381 716 4433 semper
763 4368 1032 4433 quattuor
1078 4364 1256 4420 efficit
1299 4366 1404 4433 syl·

255 4428 436 4501 labas;
492 4440 836 4505 quapropter
889 4437 1263 4504 plurimorum
1316 4454 1406 4491 co·-

257 4500 442 4558 dicum
477 4507 812 4561 auctoritate
856 4508 1058 4563 relicta
1100 4525 1227 4563 cum
1263 4507 1404 4563 Ben-

257 4572 420 4643 tlei0,
476 4576 748 4641 Holdero,
805 4579 930 4634 aliis
967 4579 1166 4650 scripsi
1208 4584 1260 4635 et
1301 4597 1406 4650 pro

1497 2940 1613 2991 aut.
1680 2963 1747 2973 —-
1808 2933 1940 3002 stes]
1996 2932 2065 2989 cf.
2119 2933 2298 2987 Carm.
2342 2930 2438 2997 IV,
2479 2935 2523 2998 1,
2565 2932 2649 2985 19.

1495 3004 1711 3090 Vergil.
1731 3004 1924 3060 Bucol.
1942 3006 1995 3074 7,
2018 3007 2105 3058 31.
2128 3006 2215 3059 35.
2239 3004 2388 3058 Plut.
2408 3002 2567 3059 Brut.
2595 3006 2651 3057 1:

1499 3073 1759 3147 „'Iovvnov
1800 3078 2051 3145 Βροῦτον
2086 3072 2401 3141 ἀνέστησαν
2444 3076 2506 3129 ἐν
2542 3082 2654 3129 Κα-

1497 3154 1737 3218 πιτωλίῳ
1770 3148 2013 3219 χαλκοῦν
2052 3150 2105 3200 οἱ
2142 3144 2313 3201 πάλαι
2344 3145 2651 3230 Ῥωμαῖοι.“

1499 3250 1569 3259 -
1604 3218 1775 3290 latus]
1822 3225 1889 3273 ut
1923 3219 2105 3289 Epod.
2142 3223 2195 3288 4,
2234 3222 2285 3275 7.
2326 3248 2391 3257 —
2431 3218 2655 3273 tmitata

1498 3292 1721 3360 leonem]
1750 3292 1843 3346 Ad
1866 3292 2015 3345 hunc
2036 3308 2101 3345 us
2142 3308 2213 3346 ue
2246 3291 2433 3347 locum
2466 3289 2654 3359 pergit

1499 3361 1732 3433 Oppidii
1772 3364 1957 3417 oratio
1996 3362 2069 3417 ad
2149 3363 2268 3417 lios.
2336 3362 2458 3429 Qus
2496 3362 2653 3415 abso·

1499 3434 1623 3489 luta
1662 3434 1881 3489 Stoicus
1904 3434 2093 3504 pergit
2124 3434 2183 3489 in
2218 3433 2655 3488 demonstranda

1499 3506 1825 3561 ambitionis
1882 3506 2117 3574 insania,
2178 3510 2235 3561 et
2290 3509 2355 3559 ut
2411 3522 2655 3559 summos

1499 3578 1673 3632 etiam
1708 3576 1959 3632 homines
1995 3577 2189 3631 eodem
2215 3577 2354 3631 vitio
2395 3576 2655 3631 laborare

1500 3650 1779 3718 ostendat,
1816 3666 2094 3703 summum
2140 3654 2197 3703 et
2244 3648 2654 3703 nobilissimum

1499 3721 1651 3777 inter
1675 3738 1865 3775 omnes
1890 3738 2049 3791 reges
2072 3723 2551 3791 Agamemnonem
2568 3736 2654 3773 ar·

1499 3792 1668 3847 cessit
1704 3797 1763 3847 et
1798 3794 2056 3861 explorat
2096 3794 2174 3857 (v.
2215 3789 2537 3859 187—223).
2586 3790 2653 3843 In

1503 3882 1615 3933 quo
1652 3865 1774 3919 loco
1812 3864 1929 3919 noli
1966 3862 2209 3932 credere,
2260 3862 2399 3933 fingi
2436 3862 2508 3917 ab
2542 3860 2652 3915 Ho-

1501 3936 1650 3991 ratio
1696 3935 2039 4004 colloquium
2088 3934 2237 3989 inter
2286 3938 2653 4006 Agamemno-

1501 4025 1632 4063 nem
1679 4012 1737 4063 et
1782 4007 2105 4079 gregarium
2159 4007 2425 4074 militem3
2482 4006 2655 4059 immo

1503 4096 1639 4135 vero
1677 4080 1796 4148 ipse
1820 4078 2123 4133 Stertinius
2160 4083 2246 4132 est
2282 4078 2377 4147 qui
2416 4078 2655 4145 alloqui·

1502 4156 1599 4205 tur
1716 4168 2096 4205 amemnonem
2133 4154 2193 4204 et
2220 4149 2535 4204 Stoicorum
2572 4149 2656 4203 vi·

1503 4222 1638 4277 vida
1714 4220 1995 4291 inputandi
2046 4222 2266 4276 ratione
2300 4238 2371 4275 ex
2408 4220 2653 4275 eiusdem

1502 4294 1783 4349 sententia
1834 4298 1893 4348 et
1935 4310 2177 4363 persona
2229 4292 2339 4346 sibi
2392 4292 2511 4361 ipse
2568 4308 2653 4346 re-

1503 4364 1756 4434 spondet.
1840 4364 2090 4419 Stoicum
2135 4381 2413 4420 arcessere
2462 4380 2653 4419 omnes

1504 4436 1741 4507 legimus
1788 4454 1839 4491 v.
1878 4438 1948 4490 80
1972 4454 2053 4505 sq.
2100 4464 2167 4477 —
2212 4434 2481 4505 humasse]
2524 4452 2652 4504 per-

1505 4508 1717 4563 fectum
1761 4526 1828 4562 ex
1874 4507 2107 4577 antiqua
2161 4507 2347 4577 legum
2392 4504 2652 4562 formula.

1509 4610 1570 4620 --
1622 4580 1687 4633 di
1731 4579 1837 4633 tibi
1878 4578 2031 4649 dent]
2069 4578 2139 4633 cf.
2178 4578 2339 4633 Hom.
2380 4578 2445 4633 ll.
2482 4578 2527 4647 I,
2568 4578 2653 4635 18.
