3092 5059
510 204 638 271 610

1846 0 1882 7 .-

1004 205 1620 276 EPISTULARUM
1663 205 1826 274 LIB.
1870 205 1958 274 11.
2005 203 2273 273 EPIST.
2319 203 2403 270 H.

615 390 1109 470 Ambitione?
1164 407 1371 472 caret
1420 395 1690 470 mortis
1725 392 2164 498 ⁸formidine
2217 403 2294 470 et
2349 391 2522 468 ira?

615 514 951 614 Somnia,
1000 530 1331 595 terrores
1384 519 1752 616 magicos,
1808 516 2200 612 miracula,
2253 539 2499 616 sagas,

612 639 1046 718 Nocturnos
1096 642 1429 720 lemures
1480 655 1992 743 portentaque
2041 640 2410 720 Thessala
2457 639 2672 716 rides
2691 638 2728 711 ’Β

510 801 587 842 210
610 765 921 842 Natales
974 780 1193 866 grate
1243 770 1652 844 numeras?
1705 768 2040 864 ignoscis
2093 767 2415 844 amieis?

610 891 901 970 Lenior
948 903 1024 970 et
1074 891 1351 968 melior
1400 891 1489 966 fis
1541 890 1958 968 accedente
2001 894 2358 968 senecta?

612 1017 819 1110 Quid
871 1030 947 1094 te
998 1028 1357 1117 exempta
1405 1015 1614 1093 levat
1663 1018 1902 1113 spinis
1957 1018 2056 1092 de
2108 1015 2464 1117 pluribus
2513 1017 2726 1092 una?

608 1141 889 1217 Vivere
937 1141 1006 1217 si
1052 1153 1263 1218 reete
1314 1143 1586 1238 neseis,
1641 1141 1930 1218 decede
1980 1142 2275 1241 peritis.

608 1265 891 1342 Lusisti
940 1268 1147 1362 satis,
1204 1266 1429 1342 edisti
1480 1267 1661 1342 satis
1710 1279 1946 1366 atque
1997 1267 2293 1362 bibisti;

506 1423 583 1464 ω
606 1392 944 1488 Tempus
998 1392 1214 1467 abire
1266 1393 1405 1467 tibi
1456 1405 1592 1488 est,
1647 1419 1744 1470 ne
1793 1405 2062 1493 potum
2113 1391 2406 1491 largius
2459 1416 2714 1491 aequo

608 1516 887 1591 Rideat
938 1529 1015 1590 et
1065 1515 1319 1613 pulset
1368 1516 1656 1593 lasciva
1703 1517 2096 1594 decentius
2147 1530 2380 1596 aetas.

502 1736 711 1808 fayore]
764 1737 834 1792 In
886 1738 1081 1793 multis
1138 1742 1198 1794 et
1256 1739 1660 1809 antiquissimis

507 1809 791 1864 oodioibus
844 1827 915 1864 ex
966 1811 1330 1880 corruptione
1384 1813 1659 1882 seriptum

506 1885 592 1936 est
624 1883 770 1952 fuya.
808 1881 936 1936 Rite
984 1887 1149 1937 earet.
1189 1882 1491 1954 Coi-ruptio
1528 1889 1657 1938 orta

507 1951 732 2008 videtur
786 1969 854 2008 ex
910 1953 1151 2024 perfecti
1205 1971 1318 2010 non
1367 1955 1660 2010 intellecta

506 2023 689 2078 forma
728 2023 938 2095 fuyere:
998 2031 1056 2082 et
1108 2025 1315 2080 rectius
1352 2025 1528 2096 quid?
1575 2025 1656 2080 in·

506 2099 801 2166 terrogans
848 2113 1156 2166 pronomen
1204 2098 1382 2152 altera
1420 2098 1657 2152 interro-

508 2168 737 2238 gatione
773 2169 1069 2239 excipitur.
1108 2168 1178 2223 cf.
1217 2168 1329 2224 Sat.
1356 2168 1428 2236 H,
1455 2171 1507 2238 3,
1535 2170 1655 2226 159.

508 2269 573 2279 -—
601 2239 827 2294 lemures
887 2240 1105 2295 animae
1139 2246 1493 2295 mortuorum
1526 2258 1656 2310 pro·

505 2313 635 2380 pter
690 2310 809 2365 desi
850 2312 1029 2366 etium
1085 2312 1315 2380 aliquod
1369 2312 1428 2366 in
1486 2313 1656 2368 terris

504 2399 619 2435 non
672 2383 955 2451 expletum
1012 2382 1086 2438 ad
1145 2385 1303 2438 vivos
1361 2382 1656 2438 redeuntes

504 2469 709 2521 eosque
744 2459 913 2508 nootu
948 2459 1241 2510 terrentes.
1271 2485 1338 2494 —
1378 2454 1654 2524 Thessala]

502 2524 631 2579 vide
676 2523 748 2579 ad
796 2525 974 2580 Carm.
1015 2525 1061 2594 1,
1098 2527 1187 2594 27,
1225 2526 1313 2580 21.
1385 2525 1565 2595 Epod.
1603 2528 1654 2596 ὅ,

503 2597 592 2649 45.
645 2627 710 2637 -
758 2600 917 2665 yrate
966 2597 1253 2668 numeras]
1306 2597 1492 2666 „quod
1541 2615 1654 2651 non

504 2666 721 2722 faciunt
755 2669 991 2722 nimium
1026 2668 1215 2722 timidi
1260 2668 1560 2724 senectutis
1597 2673 1654 2724 et

503 2740 720 2808 mortis,
790 2739 921 2808 quia
984 2757 1055 2794 ex
1117 2740 1401 2795 natalibus
1459 2741 1653 2794 multis

502 2815 741 2865 mortem
801 2812 916 2865 iam
981 2811 1297 2881 proximam
1360 2812 1653 2880 perhorre-

503 2881 717 2936 seunt.“
756 2881 835 2936 Po
906 2882 1028 2952 hyr.
1064 2882 1134 2937 ef.
1172 2883 1355 2953 Epist.
1384 2883 1428 2951 1,
1458 2886 1541 2952 11,
1563 2885 1648 2936 22.

502 2953 555 3021 4,
612 2955 695 3008 14.
745 2983 817 2992 —-
837 2900 1039 3023 Γῖουαί]
1094 2953 1186 3009 sie
1232 2955 1389 3010 codd.
1436 2953 1652 3020 mand..

506 3041 644 3093 quos
680 3025 853 3080 secuti
890 3029 1023 3080 sunt
1068 3027 1239 3082 etiam
1276 3025 1469 3081 Lehrs.
1506 3025 1652 3079 Miil-

498 3095 601 3152 ler.
668 3095 989 3152 Doederlin.
1052 3097 1294 3169 Kriiger.
1364 3097 1650 3152 Eekstein.

1755 1737 1918 1808 Quod
1977 1739 2222 1810 plurima
2293 1756 2426 1809 pars
2501 1738 2667 1795 oodd.
2739 1739 2886 1794 habet

1751 1813 1924 1879 iuvat,
1967 1811 2250 1868 immerito
2307 1811 2526 1881 placuit
2571 1811 2886 1878 Damnem,

1753 1883 1995 1950 Rittero,
2031 1883 2286 1952 Kella-03
2336 1883 2586 1938 alienum
2633 1885 2782 1938 enim
2819 1887 2886 1935 est

1751 1955 1824 2010 ab
1891 1955 2012 2026 ipsa
2075 1954 2380 2023 sententia,
2439 1955 2703 2024 quamvis
2759 1971 2886 2010 seer·

1751 2025 1894 2080 rime
1930 2025 2189 2082 Kellerus
2225 2029 2408 2082 tentet
2448 2025 2770 2082 defendere.
2819 2024 2884 2080 De

1751 2099 1921 2152 verbo
1975 2097 2200 2152 levandi
2257 2115 2522 2168 compara
2567 2097 2688 2153 Sat.
2738 2097 2804 2164 11,
2845 2098 2884 2160 3,

1749 2170 1873 2223 292.
1948 2167 2128 2239 Epod.
2173 2171 2258 2237 11,
2305 2173 2389 2223 17.
2432 2173 2514 2237 1⁷,
2555 2171 2648 2224 26.
2727 2169 2882 2223 Carm-

1749 2239 1904 2295 Saeo.
1941 2239 2028 2295 6³.
2103 2239 2283 2310 Epist.
2333 2240 2380 2310 1,
2417 2239 2468 2310 8,
2503 2243 2554 2295 8.
2593 2270 2670 2280 —
2704 2237 2880 2310 spinis]

1749 2311 1820 2366 of.
1858 2311 2039 2381 Epist.
2077 2312 2122 2382 1,
2165 2315 2248 2381 14,
2287 2313 2338 2364 4.
2367 2310 2650 2367 —doeodc
2689 2309 2882 2394 peritis]

1749 2382 2060 2452 „Quoniam
2110 2387 2264 2438 recte
2307 2383 2498 2439 vivere
2563 2400 2762 2451 neseis,
2807 2381 2884 2450 qui

1746 2455 1906 2509 vivas
1943 2455 2170 2510 omnino
2219 2455 2485 2526 indignus
2527 2471 2609 2518 es,
2648 2453 2882 2524 quocirca

1747 2527 2037 2581 moriendo
2090 2526 2164 2581 da
2217 2527 2404 2582 loeum
2447 2525 2880 2598 sapientioribus,

1747 2597 1950 2666 quibus
1992 2601 2092 2651 tua
2127 2599 2414 2668 pravitate
2449 2615 2517 2654 ao
2552 2597 2773 2652 desidia
2808 2595 2883 2650 ob-

1747 2670 1913 2724 stas.“
2006 2668 2264 2724 Orellius.
2339 2669 2445 2724 Est
2499 2674 2696 2724 antem
2753 2670 2880 2722 loeus

1747 2741 2072 2808 communis,
2109 2758 2221 2810 quo
2257 2741 2460 2796 Florus
2495 2757 2684 2810 neque
2715 2743 2880 2809 tange·

1745 2811 1914 2866 batur
1950 2829 2132 2882 neque
2167 2811 2577 2868 offendebatur.
2607 2841 2676 2852 —·
2703 2807 2878 2878 haia]

1746 2883 1816 2938 de
1872 2901 2093 2952 amore3
2149 2884 2231 2938 sio
2281 2901 2484 2956 graece
2543 2887 2774 2946 παίζειν.
2821 2909 2876 2919 -

1745 2953 1952 3010 lasciva
1986 2955 2278 3026 decentius]
2318 2973 2490 3024 quam
2525 2955 2710 3026 magis
2744 2953 2878 3008 decet
2984 2971 2985 2987 ἢ

1745 3025 2006 3081 lascivire
2032 3044 2100 3081 ao
2120 3025 2316 3086 ludere
2347 3045 2519 3096 quam
2541 3030 2877 3082 senectutem.
