<?xml version="1.0" encoding="UTF-8"?>
<!DOCTYPE html PUBLIC "-//W3C//DTD XHTML 1.0 Transitional//EN"
    "http://www.w3.org/TR/xhtml1/DTD/xhtml1-transitional.dtd">
<html xmlns="http://www.w3.org/1999/xhtml" xml:lang="en" lang="en">
 <head>
  <title>
</title>
<meta http-equiv="Content-Type" content="text/html;charset=utf-8" />
  <meta name='ocr-system' content='tesseract 3.04.00' />
  <meta name='ocr-capabilities' content='ocr_page ocr_carea ocr_par ocr_line ocrx_word'/>
</head>
<body>
  <div class='ocr_page' id='page_1' title='image "./qhoratiiflaccio05unkngoog/qhoratiiflaccio05unkngoog_0529.png"; bbox 0 0 3092 5059; ppageno 0'>
   <div class='ocr_carea' id='block_1_1' title="bbox 1090 280 1766 348">
    <p class='ocr_par' dir='ltr' id='par_1_1' title="bbox 1090 280 1766 348">
     <span class='ocr_line' id='line_1_1' title="bbox 1090 280 1766 348; baseline -0.004 0"><span class='ocrx_word' id='word_1_1' title='bbox 1090 281 1252 348; x_wconf 88' lang='lat' dir='ltr'><strong>LIB.</strong></span> <span class='ocrx_word' id='word_1_2' title='bbox 1299 281 1347 347; x_wconf 94' lang='grc' dir='ltr'><strong>Ι.</strong></span> <span class='ocrx_word' id='word_1_3' title='bbox 1392 280 1664 348; x_wconf 81' lang='lat' dir='ltr'><strong>EPIST.</strong></span> <span class='ocrx_word' id='word_1_4' title='bbox 1713 281 1766 346; x_wconf 92' lang='grc' dir='ltr'><strong>Ι.</strong></span> 
     </span>
    </p>
   </div>
   <div class='ocr_carea' id='block_1_2' title="bbox 2497 272 2620 339">
    <p class='ocr_par' dir='ltr' id='par_1_2' title="bbox 2497 272 2620 339">
     <span class='ocr_line' id='line_1_2' title="bbox 2497 272 2620 339; baseline -0.024 0"><span class='ocrx_word' id='word_1_5' title='bbox 2497 272 2620 339; x_wconf 87' lang='grc'><strong>499</strong></span> 
     </span>
    </p>
   </div>
   <div class='ocr_carea' id='block_1_3' title="bbox 317 463 2419 693">
    <p class='ocr_par' dir='ltr' id='par_1_3' title="bbox 317 463 2419 693">
     <span class='ocr_line' id='line_1_3' title="bbox 317 463 2419 564; baseline -0.003 -22"><span class='ocrx_word' id='word_1_6' title='bbox 317 467 455 543; x_wconf 88' lang='lat' dir='ltr'><strong>Est</strong></span> <span class='ocrx_word' id='word_1_7' title='bbox 507 469 811 545; x_wconf 88' lang='lat' dir='ltr'><strong>animus</strong></span> <span class='ocrx_word' id='word_1_8' title='bbox 861 467 1029 564; x_wconf 91' lang='lat' dir='ltr'><strong>tibi,</strong></span> <span class='ocrx_word' id='word_1_9' title='bbox 1060 480 1261 548; x_wconf 78' lang='lat' dir='ltr'><strong>,sunt</strong></span> <span class='ocrx_word' id='word_1_10' title='bbox 1300 492 1556 542; x_wconf 89' lang='lat' dir='ltr'><strong>mores</strong></span> <span class='ocrx_word' id='word_1_11' title='bbox 1614 478 1688 542; x_wconf 92' lang='lat' dir='ltr'><strong>et</strong></span> <span class='ocrx_word' id='word_1_12' title='bbox 1735 465 2002 562; x_wconf 84' lang='lat' dir='ltr'><strong>lingua</strong></span> <span class='ocrx_word' id='word_1_13' title='bbox 2047 463 2419 562; x_wconf 90' lang='lat' dir='ltr'><strong>fidesque,</strong></span> 
     </span>
     <span class='ocr_line' id='line_1_4' title="bbox 320 589 2276 693; baseline -0.005 -23"><span class='ocrx_word' id='word_1_14' title='bbox 320 593 473 670; x_wconf 86' lang='lat' dir='ltr'><strong>Sed</strong></span> <span class='ocrx_word' id='word_1_15' title='bbox 528 593 1113 693; x_wconf 78' lang='lat' dir='ltr'><strong>quadringentis</strong></span> <span class='ocrx_word' id='word_1_16' title='bbox 1166 617 1297 668; x_wconf 86' lang='lat' dir='ltr'><strong>sex</strong></span> <span class='ocrx_word' id='word_1_17' title='bbox 1348 605 1642 688; x_wconf 78' lang='lat' dir='ltr'><strong>septem</strong></span> <span class='ocrx_word' id='word_1_18' title='bbox 1701 590 1912 667; x_wconf 84' lang='lat' dir='ltr'><strong>milia</strong></span> <span class='ocrx_word' id='word_1_19' title='bbox 1967 589 2276 666; x_wconf 82' lang='lat' dir='ltr'><strong>desunt:</strong></span> 
     </span>
    </p>
   </div>
   <div class='ocr_carea' id='block_1_4' title="bbox 228 717 972 919">
    <p class='ocr_par' dir='ltr' id='par_1_4' title="bbox 228 717 972 919">
     <span class='ocr_line' id='line_1_5' title="bbox 318 717 771 794; baseline 0.004 -2"><span class='ocrx_word' id='word_1_20' title='bbox 318 717 545 794; x_wconf 83' lang='lat' dir='ltr'><strong>Plebs</strong></span> <span class='ocrx_word' id='word_1_21' title='bbox 598 719 771 794; x_wconf 89' lang='lat' dir='ltr'><strong>eris.</strong></span> 
     </span>
     <span class='ocr_line' id='line_1_6' title="bbox 228 841 972 919; baseline 0.001 -3"><span class='ocrx_word' id='word_1_22' title='bbox 228 877 283 916; x_wconf 78' lang='grc' dir='ltr'><strong>ω</strong></span> <span class='ocrx_word' id='word_1_23' title='bbox 319 841 399 919; x_wconf 87' lang='lat' dir='ltr'><strong>Si</strong></span> <span class='ocrx_word' id='word_1_24' title='bbox 449 855 656 919; x_wconf 88' lang='lat' dir='ltr'><strong>recte</strong></span> <span class='ocrx_word' id='word_1_25' title='bbox 707 844 972 919; x_wconf 83' lang='lat' dir='ltr'><strong>facies.</strong></span> 
     </span>
    </p>
   </div>
   <div class='ocr_carea' id='block_1_5' title="bbox 878 715 2408 917">
    <p class='ocr_par' dir='ltr' id='par_1_5' title="bbox 878 715 2408 917">
     <span class='ocr_line' id='line_1_7' title="bbox 878 715 2408 816; baseline -0.005 -22"><span class='ocrx_word' id='word_1_26' title='bbox 878 720 983 794; x_wconf 88' lang='lat' dir='ltr'><strong>At</strong></span> <span class='ocrx_word' id='word_1_27' title='bbox 1031 719 1255 816; x_wconf 87' lang='lat' dir='ltr'><strong>pueri</strong></span> <span class='ocrx_word' id='word_1_28' title='bbox 1308 716 1684 812; x_wconf 90' lang='lat' dir='ltr'><strong>ludentes,</strong></span> <span class='ocrx_word' id='word_1_29' title='bbox 1739 717 1896 792; x_wconf 86' lang='lat' dir='ltr'><strong>Rex</strong></span> <span class='ocrx_word' id='word_1_30' title='bbox 1948 715 2120 812; x_wconf 89' lang='lat' dir='ltr'><strong>eris,</strong></span> <span class='ocrx_word' id='word_1_31' title='bbox 2175 715 2408 810; x_wconf 86' lang='lat' dir='ltr'><strong>aiunt,</strong></span> 
     </span>
     <span class='ocr_line' id='line_1_8' title="bbox 1079 841 2142 917; baseline -0.004 0"><span class='ocrx_word' id='word_1_32' title='bbox 1079 841 1235 917; x_wconf 89' lang='lat' dir='ltr'><strong>Hic</strong></span> <span class='ocrx_word' id='word_1_33' title='bbox 1288 867 1550 916; x_wconf 89' lang='lat' dir='ltr'><strong>murus</strong></span> <span class='ocrx_word' id='word_1_34' title='bbox 1602 855 1885 917; x_wconf 73' lang='lat' dir='ltr'><strong>aeneus</strong></span> <span class='ocrx_word' id='word_1_35' title='bbox 1939 852 2142 914; x_wconf 85' lang='lat' dir='ltr'><strong>esto:</strong></span> 
     </span>
    </p>
   </div>
   <div class='ocr_carea' id='block_1_6' title="bbox 233 965 2400 1691">
    <p class='ocr_par' dir='ltr' id='par_1_6' title="bbox 316 965 2400 1418">
     <span class='ocr_line' id='line_1_9' title="bbox 320 965 2118 1067; baseline -0.003 -25"><span class='ocrx_word' id='word_1_36' title='bbox 320 968 451 1044; x_wconf 88' lang='lat' dir='ltr'><strong>Nil</strong></span> <span class='ocrx_word' id='word_1_37' title='bbox 502 969 845 1044; x_wconf 79' lang='lat' dir='ltr'><strong>conscire</strong></span> <span class='ocrx_word' id='word_1_38' title='bbox 896 968 1063 1062; x_wconf 85' lang='lat' dir='ltr'><strong>sibi,</strong></span> <span class='ocrx_word' id='word_1_39' title='bbox 1118 967 1333 1043; x_wconf 90' lang='lat' dir='ltr'><strong>nulla</strong></span> <span class='ocrx_word' id='word_1_40' title='bbox 1390 966 1814 1067; x_wconf 84' lang='lat' dir='ltr'><strong>pallescere</strong></span> <span class='ocrx_word' id='word_1_41' title='bbox 1869 965 2118 1061; x_wconf 87' lang='lat' dir='ltr'><strong>culpa.</strong></span> 
     </span>
     <span class='ocr_line' id='line_1_10' title="bbox 318 1091 2400 1189; baseline -0.002 -22"><span class='ocrx_word' id='word_1_42' title='bbox 318 1093 612 1189; x_wconf 85' lang='lat' dir='ltr'><strong>Roscia,</strong></span> <span class='ocrx_word' id='word_1_43' title='bbox 669 1092 795 1168; x_wconf 90' lang='lat' dir='ltr'><strong>dic</strong></span> <span class='ocrx_word' id='word_1_44' title='bbox 848 1092 1097 1188; x_wconf 89' lang='lat' dir='ltr'><strong>sodes,</strong></span> <span class='ocrx_word' id='word_1_45' title='bbox 1150 1091 1429 1169; x_wconf 87' lang='lat' dir='ltr'><strong>melior</strong></span> <span class='ocrx_word' id='word_1_46' title='bbox 1479 1091 1611 1167; x_wconf 85' lang='lat' dir='ltr'><strong>lex</strong></span> <span class='ocrx_word' id='word_1_47' title='bbox 1662 1118 1760 1168; x_wconf 89' lang='lat' dir='ltr'><strong>an</strong></span> <span class='ocrx_word' id='word_1_48' title='bbox 1812 1115 2232 1187; x_wconf 89' lang='lat' dir='ltr'><strong>puerorum</strong></span> <span class='ocrx_word' id='word_1_49' title='bbox 2287 1104 2400 1164; x_wconf 84' lang='lat' dir='ltr'><strong>est</strong></span> 
     </span>
     <span class='ocr_line' id='line_1_11' title="bbox 316 1214 2293 1317; baseline -0.002 -25"><span class='ocrx_word' id='word_1_50' title='bbox 316 1216 583 1315; x_wconf 73' lang='lat' dir='ltr'><strong>Nema,</strong></span> <span class='ocrx_word' id='word_1_51' title='bbox 634 1242 829 1317; x_wconf 90' lang='lat' dir='ltr'><strong>quae</strong></span> <span class='ocrx_word' id='word_1_52' title='bbox 885 1242 1212 1316; x_wconf 87' lang='lat' dir='ltr'><strong>regnum</strong></span> <span class='ocrx_word' id='word_1_53' title='bbox 1269 1229 1473 1294; x_wconf 88' lang='lat' dir='ltr'><strong>recte</strong></span> <span class='ocrx_word' id='word_1_54' title='bbox 1527 1215 1992 1292; x_wconf 79' lang='lat' dir='ltr'><strong>facientibus</strong></span> <span class='ocrx_word' id='word_1_55' title='bbox 2044 1214 2293 1310; x_wconf 86' lang='lat' dir='ltr'><strong>offert,</strong></span> 
     </span>
     <span class='ocr_line' id='line_1_12' title="bbox 316 1337 2152 1418; baseline -0.001 -4"><span class='ocrx_word' id='word_1_56' title='bbox 316 1341 411 1414; x_wconf 84' lang='lat' dir='ltr'><strong>Et</strong></span> <span class='ocrx_word' id='word_1_57' title='bbox 461 1342 798 1416; x_wconf 86' lang='lat' dir='ltr'><strong>maribus</strong></span> <span class='ocrx_word' id='word_1_58' title='bbox 850 1341 1105 1418; x_wconf 86' lang='lat' dir='ltr'><strong>Curiis</strong></span> <span class='ocrx_word' id='word_1_59' title='bbox 1158 1355 1235 1417; x_wconf 93' lang='lat' dir='ltr'><strong>et</strong></span> <span class='ocrx_word' id='word_1_60' title='bbox 1287 1342 1693 1417; x_wconf 86' lang='lat' dir='ltr'><strong>decantata</strong></span> <span class='ocrx_word' id='word_1_61' title='bbox 1746 1337 2152 1416; x_wconf 79' lang='lat' dir='ltr'><strong>Camillis?</strong></span> 
     </span>
    </p>

    <p class='ocr_par' dir='ltr' id='par_1_7' title="bbox 233 1462 2399 1691">
     <span class='ocr_line' id='line_1_13' title="bbox 233 1462 2319 1566; baseline 0.001 -30"><span class='ocrx_word' id='word_1_62' title='bbox 233 1497 285 1536; x_wconf 72' lang='grc' dir='ltr'>ω</span> <span class='ocrx_word' id='word_1_63' title='bbox 321 1462 499 1542; x_wconf 88' lang='lat' dir='ltr'><strong>Isne</strong></span> <span class='ocrx_word' id='word_1_64' title='bbox 553 1467 695 1542; x_wconf 93' lang='lat' dir='ltr'><strong>tibi</strong></span> <span class='ocrx_word' id='word_1_65' title='bbox 746 1467 1019 1542; x_wconf 91' lang='lat' dir='ltr'><strong>melius</strong></span> <span class='ocrx_word' id='word_1_66' title='bbox 1071 1467 1365 1562; x_wconf 84' lang='lat' dir='ltr'><strong>suadet,</strong></span> <span class='ocrx_word' id='word_1_67' title='bbox 1416 1467 1549 1566; x_wconf 91' lang='lat' dir='ltr'><strong>qui</strong></span> <span class='ocrx_word' id='word_1_68' title='bbox 1601 1491 1762 1541; x_wconf 90' lang='lat' dir='ltr'><strong>rem</strong></span> <span class='ocrx_word' id='word_1_69' title='bbox 1815 1465 2077 1561; x_wconf 88' lang='lat' dir='ltr'><strong>facias,</strong></span> <span class='ocrx_word' id='word_1_70' title='bbox 2132 1489 2319 1560; x_wconf 90' lang='lat' dir='ltr'><strong>rem,</strong></span> 
     </span>
     <span class='ocr_line' id='line_1_14' title="bbox 320 1588 2399 1691; baseline -0.001 -25"><span class='ocrx_word' id='word_1_71' title='bbox 320 1590 405 1666; x_wconf 88' lang='lat' dir='ltr'><strong>Si</strong></span> <span class='ocrx_word' id='word_1_72' title='bbox 454 1591 721 1688; x_wconf 87' lang='lat' dir='ltr'><strong>possis,</strong></span> <span class='ocrx_word' id='word_1_73' title='bbox 776 1605 1007 1690; x_wconf 88' lang='lat' dir='ltr'><strong>recte,</strong></span> <span class='ocrx_word' id='word_1_74' title='bbox 1062 1594 1125 1667; x_wconf 91' lang='lat' dir='ltr'><strong>si</strong></span> <span class='ocrx_word' id='word_1_75' title='bbox 1170 1618 1327 1667; x_wconf 90' lang='lat' dir='ltr'><strong>non</strong></span> <span class='ocrx_word' id='word_1_76' title='bbox 1383 1615 1874 1691; x_wconf 88' lang='lat' dir='ltr'><strong>quocumque</strong></span> <span class='ocrx_word' id='word_1_77' title='bbox 1925 1588 2158 1664; x_wconf 89' lang='lat' dir='ltr'><strong>modo</strong></span> <span class='ocrx_word' id='word_1_78' title='bbox 2211 1615 2399 1684; x_wconf 90' lang='lat' dir='ltr'><strong>rem,</strong></span> 
     </span>
    </p>
   </div>
   <div class='ocr_carea' id='block_1_7' title="bbox 220 1835 1382 4697">
    <p class='ocr_par' dir='ltr' id='par_1_8' title="bbox 220 1835 1381 4251">
     <span class='ocr_line' id='line_1_15' title="bbox 220 1835 1373 1907; baseline 0.003 -19"><span class='ocrx_word' id='word_1_79' title='bbox 220 1835 399 1906; x_wconf 84' lang='lat' dir='ltr'><strong>igitur</strong></span> <span class='ocrx_word' id='word_1_80' title='bbox 434 1839 521 1890; x_wconf 84' lang='lat' dir='ltr'><strong>est</strong></span> <span class='ocrx_word' id='word_1_81' title='bbox 556 1835 710 1905; x_wconf 83' lang='lat' dir='ltr'><strong>quod</strong></span> <span class='ocrx_word' id='word_1_82' title='bbox 746 1837 895 1892; x_wconf 76' lang='lat' dir='ltr'><strong>cives</strong></span> <span class='ocrx_word' id='word_1_83' title='bbox 930 1837 1081 1907; x_wconf 86' lang='lat' dir='ltr'><strong>ipsos</strong></span> <span class='ocrx_word' id='word_1_84' title='bbox 1117 1837 1373 1893; x_wconf 82' lang='lat' dir='ltr'><strong>tabulam</strong></span> 
     </span>
     <span class='ocr_line' id='line_1_16' title="bbox 223 1907 1371 1964; baseline 0.002 -2"><span class='ocrx_word' id='word_1_85' title='bbox 223 1907 643 1963; x_wconf 81' lang='lat' dir='ltr'><strong>calculatoriam</strong></span> <span class='ocrx_word' id='word_1_86' title='bbox 682 1916 740 1963; x_wconf 84' lang='lat' dir='ltr'><strong>et</strong></span> <span class='ocrx_word' id='word_1_87' title='bbox 772 1909 982 1963; x_wconf 85' lang='lat' dir='ltr'><strong>loculos</strong></span> <span class='ocrx_word' id='word_1_88' title='bbox 1018 1910 1261 1964; x_wconf 86' lang='lat' dir='ltr'><strong>nummis</strong></span> <span class='ocrx_word' id='word_1_89' title='bbox 1285 1926 1371 1964; x_wconf 90' lang='lat' dir='ltr'><strong>re-</strong></span> 
     </span>
     <span class='ocr_line' id='line_1_17' title="bbox 222 1977 1372 2052; baseline 0.003 -20"><span class='ocrx_word' id='word_1_90' title='bbox 222 1977 397 2033; x_wconf 82' lang='lat' dir='ltr'><strong>fertos</strong></span> <span class='ocrx_word' id='word_1_91' title='bbox 443 1978 721 2035; x_wconf 82' lang='lat' dir='ltr'><strong>bracchiis</strong></span> <span class='ocrx_word' id='word_1_92' title='bbox 768 1985 1049 2052; x_wconf 84' lang='lat' dir='ltr'><strong>gestantes</strong></span> <span class='ocrx_word' id='word_1_93' title='bbox 1094 1980 1201 2036; x_wconf 89' lang='lat' dir='ltr'><strong>hoc</strong></span> <span class='ocrx_word' id='word_1_94' title='bbox 1250 1981 1372 2036; x_wconf 87' lang='lat' dir='ltr'><strong>loco</strong></span> 
     </span>
     <span class='ocr_line' id='line_1_18' title="bbox 221 2050 1373 2124; baseline 0.002 -20"><span class='ocrx_word' id='word_1_95' title='bbox 221 2050 415 2105; x_wconf 86' lang='lat' dir='ltr'><strong>videre</strong></span> <span class='ocrx_word' id='word_1_96' title='bbox 447 2067 548 2105; x_wconf 86' lang='lat' dir='ltr'><strong>nos</strong></span> <span class='ocrx_word' id='word_1_97' title='bbox 586 2055 778 2122; x_wconf 81' lang='lat' dir='ltr'><strong>eogat3</strong></span> <span class='ocrx_word' id='word_1_98' title='bbox 825 2052 965 2107; x_wconf 84' lang='lat' dir='ltr'><strong>talia</strong></span> <span class='ocrx_word' id='word_1_99' title='bbox 999 2054 1147 2108; x_wconf 85' lang='lat' dir='ltr'><strong>servi</strong></span> <span class='ocrx_word' id='word_1_100' title='bbox 1182 2057 1373 2124; x_wconf 84' lang='lat' dir='ltr'><strong>porta-</strong></span> 
     </span>
     <span class='ocr_line' id='line_1_19' title="bbox 220 2120 1375 2194; baseline 0.003 -19"><span class='ocrx_word' id='word_1_101' title='bbox 220 2122 377 2176; x_wconf 85' lang='lat' dir='ltr'><strong>bant.</strong></span> <span class='ocrx_word' id='word_1_102' title='bbox 454 2120 725 2177; x_wconf 78' lang='lat' dir='ltr'><strong>Similiter</strong></span> <span class='ocrx_word' id='word_1_103' title='bbox 761 2140 952 2178; x_wconf 82' lang='lat' dir='ltr'><strong>versus</strong></span> <span class='ocrx_word' id='word_1_104' title='bbox 1002 2141 1129 2178; x_wconf 84' lang='lat' dir='ltr'><strong>suos</strong></span> <span class='ocrx_word' id='word_1_105' title='bbox 1164 2123 1375 2194; x_wconf 87' lang='lat' dir='ltr'><strong>repetit</strong></span> 
     </span>
     <span class='ocr_line' id='line_1_20' title="bbox 222 2192 1373 2264; baseline 0.002 -17"><span class='ocrx_word' id='word_1_106' title='bbox 222 2192 492 2248; x_wconf 81' lang='lat' dir='ltr'><strong>Horatius</strong></span> <span class='ocrx_word' id='word_1_107' title='bbox 529 2193 644 2249; x_wconf 85' lang='lat' dir='ltr'><strong>Sat.</strong></span> <span class='ocrx_word' id='word_1_108' title='bbox 672 2194 715 2258; x_wconf 86' lang='lat'><strong>1,</strong></span> <span class='ocrx_word' id='word_1_109' title='bbox 752 2197 805 2264; x_wconf 85' lang='lat'><strong>2,</strong></span> <span class='ocrx_word' id='word_1_110' title='bbox 845 2198 911 2248; x_wconf 84' lang='grc'><strong>18</strong></span> <span class='ocrx_word' id='word_1_111' title='bbox 950 2199 1007 2250; x_wconf 90' lang='lat' dir='ltr'><strong>et</strong></span> <span class='ocrx_word' id='word_1_112' title='bbox 1043 2197 1111 2251; x_wconf 81' lang='lat' dir='ltr'><strong>A.</strong></span> <span class='ocrx_word' id='word_1_113' title='bbox 1148 2195 1207 2249; x_wconf 92' lang='lat' dir='ltr'><strong>P.</strong></span> <span class='ocrx_word' id='word_1_114' title='bbox 1250 2197 1373 2250; x_wconf 82' lang='lat'><strong>421.</strong></span> 
     </span>
     <span class='ocr_line' id='line_1_21' title="bbox 222 2264 1373 2336; baseline 0.003 -18"><span class='ocrx_word' id='word_1_115' title='bbox 222 2264 337 2319; x_wconf 82' lang='lat' dir='ltr'><strong>Sat.</strong></span> <span class='ocrx_word' id='word_1_116' title='bbox 375 2264 419 2333; x_wconf 94' lang='lat' dir='ltr'><strong>I,</strong></span> <span class='ocrx_word' id='word_1_117' title='bbox 458 2267 513 2332; x_wconf 84' lang='lat'><strong>2,</strong></span> <span class='ocrx_word' id='word_1_118' title='bbox 548 2267 620 2319; x_wconf 82' lang='lat'><strong>27</strong></span> <span class='ocrx_word' id='word_1_119' title='bbox 654 2272 713 2321; x_wconf 89' lang='lat' dir='ltr'><strong>et</strong></span> <span class='ocrx_word' id='word_1_120' title='bbox 748 2266 793 2330; x_wconf 85' lang='lat'><strong>1,</strong></span> <span class='ocrx_word' id='word_1_121' title='bbox 831 2271 883 2336; x_wconf 80' lang='lat'><strong>4,</strong></span> <span class='ocrx_word' id='word_1_122' title='bbox 920 2269 1007 2321; x_wconf 88' lang='grc'><strong>92.</strong></span> <span class='ocrx_word' id='word_1_123' title='bbox 1056 2267 1173 2322; x_wconf 81' lang='lat' dir='ltr'><strong>Sat.</strong></span> <span class='ocrx_word' id='word_1_124' title='bbox 1210 2267 1281 2335; x_wconf 93' lang='lat'><strong>11,</strong></span> <span class='ocrx_word' id='word_1_125' title='bbox 1320 2269 1373 2335; x_wconf 76' lang='lat'><strong>8,</strong></span> 
     </span>
     <span class='ocr_line' id='line_1_22' title="bbox 226 2337 1375 2409; baseline 0.003 -19"><span class='ocrx_word' id='word_1_126' title='bbox 226 2337 329 2390; x_wconf 78' lang='grc'><strong>168</strong></span> <span class='ocrx_word' id='word_1_127' title='bbox 372 2341 431 2391; x_wconf 92' lang='lat' dir='ltr'><strong>et</strong></span> <span class='ocrx_word' id='word_1_128' title='bbox 464 2337 645 2406; x_wconf 87' lang='lat' dir='ltr'><strong>Epist.</strong></span> <span class='ocrx_word' id='word_1_129' title='bbox 685 2337 730 2406; x_wconf 91' lang='lat'><strong>1,</strong></span> <span class='ocrx_word' id='word_1_130' title='bbox 769 2339 823 2407; x_wconf 83' lang='lat'><strong>6,</strong></span> <span class='ocrx_word' id='word_1_131' title='bbox 855 2339 941 2391; x_wconf 88' lang='grc'><strong>28.</strong></span> <span class='ocrx_word' id='word_1_132' title='bbox 985 2337 1167 2408; x_wconf 82' lang='lat' dir='ltr'><strong>Epist.</strong></span> <span class='ocrx_word' id='word_1_133' title='bbox 1206 2337 1249 2409; x_wconf 90' lang='lat'><strong>1,</strong></span> <span class='ocrx_word' id='word_1_134' title='bbox 1290 2339 1375 2408; x_wconf 83' lang='lat'><strong>14,</strong></span> 
     </span>
     <span class='ocr_line' id='line_1_23' title="bbox 222 2408 1373 2479; baseline 0 -17"><span class='ocrx_word' id='word_1_135' title='bbox 222 2409 294 2462; x_wconf 74' lang='lat'><strong>⁸4</strong></span> <span class='ocrx_word' id='word_1_136' title='bbox 330 2413 389 2462; x_wconf 91' lang='lat' dir='ltr'><strong>et</strong></span> <span class='ocrx_word' id='word_1_137' title='bbox 424 2408 607 2478; x_wconf 82' lang='lat' dir='ltr'><strong>Epist.</strong></span> <span class='ocrx_word' id='word_1_138' title='bbox 643 2409 687 2476; x_wconf 95' lang='lat' dir='ltr'><strong>I,</strong></span> <span class='ocrx_word' id='word_1_139' title='bbox 732 2412 813 2478; x_wconf 83' lang='lat'><strong>18,</strong></span> <span class='ocrx_word' id='word_1_140' title='bbox 850 2411 937 2464; x_wconf 82' lang='lat'><strong>91.</strong></span> <span class='ocrx_word' id='word_1_141' title='bbox 978 2409 1157 2465; x_wconf 86' lang='lat' dir='ltr'><strong>Carm.</strong></span> <span class='ocrx_word' id='word_1_142' title='bbox 1195 2409 1244 2479; x_wconf 89' lang='lat'><strong>1,</strong></span> <span class='ocrx_word' id='word_1_143' title='bbox 1290 2410 1373 2478; x_wconf 83' lang='lat'><strong>19,</strong></span> 
     </span>
     <span class='ocr_line' id='line_1_24' title="bbox 227 2479 1375 2548; baseline 0 -14"><span class='ocrx_word' id='word_1_144' title='bbox 227 2483 252 2534; x_wconf 88' lang='lat'><em>1</em></span> <span class='ocrx_word' id='word_1_145' title='bbox 281 2483 341 2534; x_wconf 86' lang='lat' dir='ltr'><strong>et</strong></span> <span class='ocrx_word' id='word_1_146' title='bbox 364 2479 459 2548; x_wconf 82' lang='lat' dir='ltr'><strong>IV,</strong></span> <span class='ocrx_word' id='word_1_147' title='bbox 494 2485 537 2545; x_wconf 88' lang='lat'><strong>1,</strong></span> <span class='ocrx_word' id='word_1_148' title='bbox 564 2484 615 2534; x_wconf 69' lang='grc' dir='ltr'><strong>ὁ.</strong></span> <span class='ocrx_word' id='word_1_149' title='bbox 651 2479 993 2536; x_wconf 84' lang='lat' dir='ltr'><strong>Meinekium</strong></span> <span class='ocrx_word' id='word_1_150' title='bbox 1029 2482 1205 2536; x_wconf 90' lang='lat' dir='ltr'><strong>secuti</strong></span> <span class='ocrx_word' id='word_1_151' title='bbox 1242 2487 1375 2536; x_wconf 85' lang='lat' dir='ltr'><strong>sunt</strong></span> 
     </span>
     <span class='ocr_line' id='line_1_25' title="bbox 221 2551 1374 2621; baseline 0.001 -15"><span class='ocrx_word' id='word_1_152' title='bbox 221 2551 433 2621; x_wconf 84' lang='lat' dir='ltr'><strong>Haupt.</strong></span> <span class='ocrx_word' id='word_1_153' title='bbox 469 2551 697 2606; x_wconf 85' lang='lat' dir='ltr'><strong>Linker.</strong></span> <span class='ocrx_word' id='word_1_154' title='bbox 736 2552 931 2607; x_wconf 89' lang='lat' dir='ltr'><strong>Lehrs.</strong></span> <span class='ocrx_word' id='word_1_155' title='bbox 972 2553 1195 2608; x_wconf 80' lang='lat' dir='ltr'><strong>Miiller.</strong></span> <span class='ocrx_word' id='word_1_156' title='bbox 1228 2553 1374 2607; x_wconf 71' lang='lat' dir='ltr'><strong>Krfi·</strong></span> 
     </span>
     <span class='ocr_line' id='line_1_26' title="bbox 222 2623 1374 2694; baseline 0.002 -18"><span class='ocrx_word' id='word_1_157' title='bbox 222 2640 370 2694; x_wconf 88' lang='lat' dir='ltr'><strong>ger.;</strong></span> <span class='ocrx_word' id='word_1_158' title='bbox 408 2623 550 2677; x_wconf 89' lang='lat' dir='ltr'><strong>nihil</strong></span> <span class='ocrx_word' id='word_1_159' title='bbox 587 2623 943 2679; x_wconf 80' lang='lat' dir='ltr'><strong>offenderunt</strong></span> <span class='ocrx_word' id='word_1_160' title='bbox 978 2623 1183 2679; x_wconf 87' lang='lat' dir='ltr'><strong>Ritter.</strong></span> <span class='ocrx_word' id='word_1_161' title='bbox 1224 2625 1374 2680; x_wconf 83' lang='lat' dir='ltr'><strong>Eck-</strong></span> 
     </span>
     <span class='ocr_line' id='line_1_27' title="bbox 222 2694 1377 2765; baseline 0.001 -16"><span class='ocrx_word' id='word_1_162' title='bbox 222 2694 387 2749; x_wconf 90' lang='lat' dir='ltr'><strong>stein.</strong></span> <span class='ocrx_word' id='word_1_163' title='bbox 434 2694 754 2750; x_wconf 84' lang='lat' dir='ltr'><strong>Doederlin.</strong></span> <span class='ocrx_word' id='word_1_164' title='bbox 770 2733 783 2758; x_wconf 90' lang='lat'><strong>,</strong></span> <span class='ocrx_word' id='word_1_165' title='bbox 831 2697 928 2765; x_wconf 85' lang='lat' dir='ltr'><strong>qui</strong></span> <span class='ocrx_word' id='word_1_166' title='bbox 974 2696 1117 2750; x_wconf 89' lang='lat' dir='ltr'><strong>bene</strong></span> <span class='ocrx_word' id='word_1_167' title='bbox 1160 2713 1377 2751; x_wconf 87' lang='lat' dir='ltr'><strong>memor</strong></span> 
     </span>
     <span class='ocr_line' id='line_1_28' title="bbox 222 2765 1374 2830; baseline 0.002 -10"><span class='ocrx_word' id='word_1_168' title='bbox 222 2765 352 2830; x_wconf 84' lang='lat' dir='ltr'><strong>fuit,</strong></span> <span class='ocrx_word' id='word_1_169' title='bbox 376 2767 613 2821; x_wconf 88' lang='lat' dir='ltr'><strong>eundem</strong></span> <span class='ocrx_word' id='word_1_170' title='bbox 638 2768 973 2822; x_wconf 83' lang='lat' dir='ltr'><strong>versiculum</strong></span> <span class='ocrx_word' id='word_1_171' title='bbox 1005 2767 1176 2822; x_wconf 88' lang='lat' dir='ltr'><strong>etiam</strong></span> <span class='ocrx_word' id='word_1_172' title='bbox 1200 2767 1374 2822; x_wconf 89' lang='lat' dir='ltr'><strong>Schil·</strong></span> 
     </span>
     <span class='ocr_line' id='line_1_29' title="bbox 220 2838 1374 2910; baseline 0.003 -19"><span class='ocrx_word' id='word_1_173' title='bbox 220 2838 327 2893; x_wconf 89' lang='lat' dir='ltr'><strong>leri</strong></span> <span class='ocrx_word' id='word_1_174' title='bbox 361 2839 633 2893; x_wconf 85' lang='lat' dir='ltr'><strong>nostratis</strong></span> <span class='ocrx_word' id='word_1_175' title='bbox 667 2839 753 2892; x_wconf 87' lang='lat' dir='ltr'><strong>bis</strong></span> <span class='ocrx_word' id='word_1_176' title='bbox 786 2840 1023 2910; x_wconf 85' lang='lat' dir='ltr'><strong>reperiri</strong></span> <span class='ocrx_word' id='word_1_177' title='bbox 1061 2839 1121 2893; x_wconf 90' lang='lat' dir='ltr'><strong>in</strong></span> <span class='ocrx_word' id='word_1_178' title='bbox 1157 2839 1374 2894; x_wconf 90' lang='lat' dir='ltr'><strong>duabus</strong></span> 
     </span>
     <span class='ocr_line' id='line_1_30' title="bbox 222 2909 1376 3034; baseline 0.003 -71"><span class='ocrx_word' id='word_1_179' title='bbox 222 2909 529 3034; x_wconf 58' lang='lat' dir='ltr'><strong>tragoediis</strong></span> <span class='ocrx_word' id='word_1_180' title='bbox 564 2909 720 2980; x_wconf 82' lang='lat' dir='ltr'><strong>(,‚das</strong></span> <span class='ocrx_word' id='word_1_181' title='bbox 758 2911 891 2966; x_wconf 73' lang='lat' dir='ltr'><strong>Vozk</strong></span> <span class='ocrx_word' id='word_1_182' title='bbox 915 2913 991 2965; x_wconf 80' lang='lat' dir='ltr'><strong>ist</strong></span> <span class='ocrx_word' id='word_1_183' title='bbox 1015 2911 1073 2966; x_wconf 68' lang='lat' dir='ltr'><strong>la</strong></span> <span class='ocrx_word' id='word_1_184' title='bbox 1146 2927 1203 2966; x_wconf 86' lang='lat' dir='ltr'><strong>er</strong></span> <span class='ocrx_word' id='word_1_185' title='bbox 1228 2911 1376 2966; x_wconf 72' lang='lat' dir='ltr'><strong>nicht</strong></span> 
     </span>
     <span class='ocr_line' id='line_1_31' title="bbox 220 2981 1377 3053; baseline 0 -17"><span class='ocrx_word' id='word_1_186' title='bbox 220 2997 289 3036; x_wconf 72' lang='lat' dir='ltr'><strong>zu</strong></span> <span class='ocrx_word' id='word_1_187' title='bbox 344 2981 645 3050; x_wconf 67' lang='lat' dir='ltr'><strong>findiym;“</strong></span> <span class='ocrx_word' id='word_1_188' title='bbox 686 2981 746 3035; x_wconf 89' lang='lat' dir='ltr'><strong>in</strong></span> <span class='ocrx_word' id='word_1_189' title='bbox 779 2982 1073 3053; x_wconf 83' lang='lat' dir='ltr'><strong>tragoedia</strong></span> <span class='ocrx_word' id='word_1_190' title='bbox 1138 2999 1168 3037; x_wconf 90' lang='lat' dir='ltr'><strong>e</strong></span> <span class='ocrx_word' id='word_1_191' title='bbox 1193 2981 1377 3037; x_wconf 83' lang='lat' dir='ltr'><strong>Maria</strong></span> 
     </span>
     <span class='ocr_line' id='line_1_32' title="bbox 223 3051 1372 3124; baseline -0.001 -18"><span class='ocrx_word' id='word_1_192' title='bbox 223 3051 421 3107; x_wconf 86' lang='lat' dir='ltr'><strong>Stnart</strong></span> <span class='ocrx_word' id='word_1_193' title='bbox 465 3058 523 3106; x_wconf 91' lang='lat' dir='ltr'><strong>et</strong></span> <span class='ocrx_word' id='word_1_194' title='bbox 568 3053 627 3106; x_wconf 91' lang='lat' dir='ltr'><strong>in</strong></span> <span class='ocrx_word' id='word_1_195' title='bbox 662 3052 897 3124; x_wconf 81' lang='lat' dir='ltr'><strong>Virgine</strong></span> <span class='ocrx_word' id='word_1_196' title='bbox 942 3054 1372 3124; x_wconf 87' lang='lat' dir='ltr'><strong>Aurelianensi).</strong></span> 
     </span>
     <span class='ocr_line' id='line_1_33' title="bbox 220 3123 1377 3180; baseline 0.003 -3"><span class='ocrx_word' id='word_1_197' title='bbox 220 3123 416 3178; x_wconf 86' lang='lat' dir='ltr'><strong>Etiam</strong></span> <span class='ocrx_word' id='word_1_198' title='bbox 463 3123 671 3179; x_wconf 84' lang='lat' dir='ltr'><strong>Keller.</strong></span> <span class='ocrx_word' id='word_1_199' title='bbox 732 3143 957 3180; x_wconf 82' lang='lat' dir='ltr'><strong>versum</strong></span> <span class='ocrx_word' id='word_1_200' title='bbox 1004 3126 1256 3180; x_wconf 81' lang='lat' dir='ltr'><strong>servavit</strong></span> <span class='ocrx_word' id='word_1_201' title='bbox 1312 3143 1377 3180; x_wconf 90' lang='lat' dir='ltr'><strong>ac</strong></span> 
     </span>
     <span class='ocr_line' id='line_1_34' title="bbox 223 3194 1379 3267; baseline 0.002 -18"><span class='ocrx_word' id='word_1_202' title='bbox 223 3194 479 3249; x_wconf 85' lang='lat' dir='ltr'><strong>defendit</strong></span> <span class='ocrx_word' id='word_1_203' title='bbox 514 3196 574 3249; x_wconf 90' lang='lat' dir='ltr'><strong>in</strong></span> <span class='ocrx_word' id='word_1_204' title='bbox 598 3195 817 3267; x_wconf 87' lang='lat' dir='ltr'><strong>Epileg.</strong></span> <span class='ocrx_word' id='word_1_205' title='bbox 851 3214 906 3266; x_wconf 90' lang='lat' dir='ltr'><strong>p.</strong></span> <span class='ocrx_word' id='word_1_206' title='bbox 934 3199 1038 3250; x_wconf 80' lang='grc'><strong>597</strong></span> <span class='ocrx_word' id='word_1_207' title='bbox 1068 3213 1147 3266; x_wconf 88' lang='lat' dir='ltr'><strong>sq.</strong></span> <span class='ocrx_word' id='word_1_208' title='bbox 1176 3225 1242 3236; x_wconf 92' lang='grc'><strong>-</strong></span> <span class='ocrx_word' id='word_1_209' title='bbox 1268 3197 1379 3251; x_wconf 75' lang='lat' dir='ltr'><strong>Est</strong></span> 
     </span>
     <span class='ocr_line' id='line_1_35' title="bbox 221 3266 1376 3336; baseline 0.001 -15"><span class='ocrx_word' id='word_1_210' title='bbox 221 3266 463 3336; x_wconf 73' lang='lat' dir='ltr'><strong>animus]</strong></span> <span class='ocrx_word' id='word_1_211' title='bbox 498 3266 663 3322; x_wconf 89' lang='lat' dir='ltr'><strong>Hunc</strong></span> <span class='ocrx_word' id='word_1_212' title='bbox 686 3285 949 3322; x_wconf 82' lang='lat' dir='ltr'><strong>versuum</strong></span> <span class='ocrx_word' id='word_1_213' title='bbox 986 3267 1239 3323; x_wconf 87' lang='lat' dir='ltr'><strong>ordinem</strong></span> <span class='ocrx_word' id='word_1_214' title='bbox 1275 3285 1376 3322; x_wconf 89' lang='lat' dir='ltr'><strong>nos</strong></span> 
     </span>
     <span class='ocr_line' id='line_1_36' title="bbox 222 3338 1379 3480; baseline 0.003 -16"><span class='ocrx_word' id='word_1_215' title='bbox 222 3338 1379 3480; x_wconf 53' lang='grc' dir='ltr'><strong>ἓέἕὲῗιῗῃῖθῗέἶῗΐηξῗὲἐω“ἷ&gt;ἑ.ἓέἑῖ.ἓὲἓῗ</strong></span> 
     </span>
     <span class='ocr_line' id='line_1_37' title="bbox 222 3481 1377 3553; baseline 0.001 -18"><span class='ocrx_word' id='word_1_216' title='bbox 222 3481 323 3536; x_wconf 86' lang='lat' dir='ltr'><strong>sed</strong></span> <span class='ocrx_word' id='word_1_217' title='bbox 360 3485 583 3535; x_wconf 80' lang='lat' dir='ltr'><strong>servata</strong></span> <span class='ocrx_word' id='word_1_218' title='bbox 620 3483 901 3550; x_wconf 86' lang='lat' dir='ltr'><strong>particula</strong></span> <span class='ocrx_word' id='word_1_219' title='bbox 936 3483 991 3536; x_wconf 74' lang='lat' dir='ltr'><strong>si</strong></span> <span class='ocrx_word' id='word_1_220' title='bbox 1026 3500 1128 3553; x_wconf 89' lang='lat' dir='ltr'><strong>pro</strong></span> <span class='ocrx_word' id='word_1_221' title='bbox 1166 3482 1273 3538; x_wconf 75' lang='lat' dir='ltr'><strong>sed.</strong></span> <span class='ocrx_word' id='word_1_222' title='bbox 1310 3484 1377 3537; x_wconf 89' lang='lat' dir='ltr'><strong>In</strong></span> 
     </span>
     <span class='ocr_line' id='line_1_38' title="bbox 224 3552 1375 3620; baseline 0.001 -14"><span class='ocrx_word' id='word_1_223' title='bbox 224 3556 420 3607; x_wconf 88' lang='lat' dir='ltr'><strong>nostro</strong></span> <span class='ocrx_word' id='word_1_224' title='bbox 457 3553 654 3607; x_wconf 81' lang='lat' dir='ltr'><strong>ordine</strong></span> <span class='ocrx_word' id='word_1_225' title='bbox 700 3552 1051 3608; x_wconf 83' lang='lat' dir='ltr'><strong>difficultatis</strong></span> <span class='ocrx_word' id='word_1_226' title='bbox 1097 3553 1257 3620; x_wconf 89' lang='lat' dir='ltr'><strong>nihil,</strong></span> <span class='ocrx_word' id='word_1_227' title='bbox 1294 3555 1375 3608; x_wconf 81' lang='lat' dir='ltr'><strong>vi·</strong></span> 
     </span>
     <span class='ocr_line' id='line_1_39' title="bbox 223 3623 1378 3696; baseline 0 -18"><span class='ocrx_word' id='word_1_228' title='bbox 223 3625 379 3695; x_wconf 87' lang='lat' dir='ltr'><strong>goris</strong></span> <span class='ocrx_word' id='word_1_229' title='bbox 416 3623 655 3678; x_wconf 84' lang='lat' dir='ltr'><strong>multum</strong></span> <span class='ocrx_word' id='word_1_230' title='bbox 690 3625 867 3680; x_wconf 84' lang='lat' dir='ltr'><strong>inest:</strong></span> <span class='ocrx_word' id='word_1_231' title='bbox 907 3625 1115 3694; x_wconf 85' lang='lat' dir='ltr'><strong>„habes</strong></span> <span class='ocrx_word' id='word_1_232' title='bbox 1152 3624 1378 3696; x_wconf 87' lang='lat' dir='ltr'><strong>quidem</strong></span> 
     </span>
     <span class='ocr_line' id='line_1_40' title="bbox 226 3694 1380 3767; baseline 0 -17"><span class='ocrx_word' id='word_1_233' title='bbox 226 3711 607 3765; x_wconf 80' lang='lat' dir='ltr'><strong>quaecumque</strong></span> <span class='ocrx_word' id='word_1_234' title='bbox 627 3694 909 3752; x_wconf 87' lang='lat' dir='ltr'><strong>hominem</strong></span> <span class='ocrx_word' id='word_1_235' title='bbox 928 3714 1134 3752; x_wconf 83' lang='lat' dir='ltr'><strong>ornare</strong></span> <span class='ocrx_word' id='word_1_236' title='bbox 1146 3701 1380 3767; x_wconf 83' lang='lat' dir='ltr'><strong>possunt</strong></span> 
     </span>
     <span class='ocr_line' id='line_1_41' title="bbox 221 3767 1379 3838; baseline 0.002 -18"><span class='ocrx_word' id='word_1_237' title='bbox 221 3769 482 3832; x_wconf 79' lang='lat' dir='ltr'><strong>virtutes,</strong></span> <span class='ocrx_word' id='word_1_238' title='bbox 522 3767 826 3838; x_wconf 81' lang='lat' dir='ltr'><strong>ingenium,</strong></span> <span class='ocrx_word' id='word_1_239' title='bbox 864 3768 1257 3834; x_wconf 84' lang='lat' dir='ltr'><strong>innocentiam,</strong></span> <span class='ocrx_word' id='word_1_240' title='bbox 1298 3768 1379 3822; x_wconf 79' lang='lat' dir='ltr'><strong>fa·</strong></span> 
     </span>
     <span class='ocr_line' id='line_1_42' title="bbox 224 3838 1377 3910; baseline -0.001 -16"><span class='ocrx_word' id='word_1_241' title='bbox 224 3838 506 3906; x_wconf 83' lang='lat' dir='ltr'><strong>cundiam,</strong></span> <span class='ocrx_word' id='word_1_242' title='bbox 546 3839 931 3910; x_wconf 84' lang='lat' dir='ltr'><strong>incorruptam</strong></span> <span class='ocrx_word' id='word_1_243' title='bbox 968 3840 1135 3894; x_wconf 84' lang='lat' dir='ltr'><strong>fidem</strong></span> <span class='ocrx_word' id='word_1_244' title='bbox 1174 3839 1377 3906; x_wconf 82' lang='lat' dir='ltr'><strong>(Carm.</strong></span> 
     </span>
     <span class='ocr_line' id='line_1_43' title="bbox 222 3910 1381 3983; baseline 0.003 -20"><span class='ocrx_word' id='word_1_245' title='bbox 222 3911 295 3978; x_wconf 91' lang='lat'><strong>11,</strong></span> <span class='ocrx_word' id='word_1_246' title='bbox 347 3911 431 3978; x_wconf 79' lang='lat'><strong>18,</strong></span> <span class='ocrx_word' id='word_1_247' title='bbox 479 3910 555 3980; x_wconf 91' lang='grc'><strong>9),</strong></span> <span class='ocrx_word' id='word_1_248' title='bbox 602 3911 701 3966; x_wconf 85' lang='lat' dir='ltr'><strong>sed</strong></span> <span class='ocrx_word' id='word_1_249' title='bbox 745 3911 947 3966; x_wconf 82' lang='lat' dir='ltr'><strong>desunt</strong></span> <span class='ocrx_word' id='word_1_250' title='bbox 990 3911 1099 3966; x_wconf 89' lang='lat' dir='ltr'><strong>tibi</strong></span> <span class='ocrx_word' id='word_1_251' title='bbox 1147 3927 1381 3983; x_wconf 83' lang='lat' dir='ltr'><strong>magnae</strong></span> 
     </span>
     <span class='ocr_line' id='line_1_44' title="bbox 221 3982 1378 4054; baseline 0.001 -18"><span class='ocrx_word' id='word_1_252' title='bbox 221 3982 486 4052; x_wconf 82' lang='lat' dir='ltr'><strong>divitiae3</strong></span> <span class='ocrx_word' id='word_1_253' title='bbox 541 3987 599 4036; x_wconf 91' lang='lat' dir='ltr'><strong>et</strong></span> <span class='ocrx_word' id='word_1_254' title='bbox 658 3982 1081 4038; x_wconf 86' lang='lat' dir='ltr'><strong>contemneris.“</strong></span> <span class='ocrx_word' id='word_1_255' title='bbox 1127 4011 1194 4023; x_wconf 92' lang='lat'><em>-</em></span> <span class='ocrx_word' id='word_1_256' title='bbox 1244 3999 1378 4054; x_wconf 73' lang='lat' dir='ltr'><strong>qua·</strong></span> 
     </span>
     <span class='ocr_line' id='line_1_45' title="bbox 220 4052 1379 4124; baseline 0 -16"><span class='ocrx_word' id='word_1_257' title='bbox 220 4052 551 4123; x_wconf 69' lang='lat' dir='ltr'><strong>drinycntis]</strong></span> <span class='ocrx_word' id='word_1_258' title='bbox 601 4070 794 4108; x_wconf 87' lang='lat' dir='ltr'><strong>census</strong></span> <span class='ocrx_word' id='word_1_259' title='bbox 840 4059 1123 4124; x_wconf 87' lang='lat' dir='ltr'><strong>equester;</strong></span> <span class='ocrx_word' id='word_1_260' title='bbox 1172 4055 1245 4108; x_wconf 89' lang='lat' dir='ltr'><strong>ad</strong></span> <span class='ocrx_word' id='word_1_261' title='bbox 1282 4072 1379 4108; x_wconf 91' lang='lat' dir='ltr'><strong>no·</strong></span> 
     </span>
     <span class='ocr_line' id='line_1_46' title="bbox 224 4125 1375 4182; baseline 0.001 -3"><span class='ocrx_word' id='word_1_262' title='bbox 224 4129 404 4180; x_wconf 84' lang='lat' dir='ltr'><strong>stram</strong></span> <span class='ocrx_word' id='word_1_263' title='bbox 439 4125 719 4180; x_wconf 82' lang='lat' dir='ltr'><strong>rationem</strong></span> <span class='ocrx_word' id='word_1_264' title='bbox 762 4127 901 4180; x_wconf 87' lang='grc'><strong>1000</strong></span> <span class='ocrx_word' id='word_1_265' title='bbox 930 4127 1176 4182; x_wconf 86' lang='lat' dir='ltr'><strong>sestertii</strong></span> <span class='ocrx_word' id='word_1_266' title='bbox 1189 4148 1257 4173; x_wconf 89' lang='lat'><em>=</em></span> <span class='ocrx_word' id='word_1_267' title='bbox 1275 4127 1375 4181; x_wconf 84' lang='lat'><strong>165</strong></span> 
     </span>
     <span class='ocr_line' id='line_1_47' title="bbox 224 4196 631 4251; baseline -0.002 0"><span class='ocrx_word' id='word_1_268' title='bbox 224 4196 406 4251; x_wconf 82' lang='lat' dir='ltr'><strong>Marc.</strong></span> <span class='ocrx_word' id='word_1_269' title='bbox 446 4196 631 4251; x_wconf 82' lang='lat' dir='ltr'><strong>Germ.</strong></span> 
     </span>
    </p>

    <p class='ocr_par' dir='ltr' id='par_1_9' title="bbox 220 4266 1382 4697">
     <span class='ocr_line' id='line_1_48' title="bbox 296 4266 1379 4339; baseline 0 -17"><span class='ocrx_word' id='word_1_270' title='bbox 296 4266 364 4322; x_wconf 80' lang='lat' dir='ltr'><strong>V.</strong></span> <span class='ocrx_word' id='word_1_271' title='bbox 404 4269 492 4322; x_wconf 84' lang='grc'><strong>69.</strong></span> <span class='ocrx_word' id='word_1_272' title='bbox 542 4267 707 4338; x_wconf 76' lang='lat' dir='ltr'><strong>pueri</strong></span> <span class='ocrx_word' id='word_1_273' title='bbox 752 4267 1017 4339; x_wconf 75' lang='lat' dir='ltr'><strong>ludentes]</strong></span> <span class='ocrx_word' id='word_1_274' title='bbox 1062 4268 1244 4323; x_wconf 83' lang='lat' dir='ltr'><strong>Multo</strong></span> <span class='ocrx_word' id='word_1_275' title='bbox 1295 4286 1379 4323; x_wconf 91' lang='lat' dir='ltr'><strong>re-</strong></span> 
     </span>
     <span class='ocr_line' id='line_1_49' title="bbox 223 4339 1379 4410; baseline -0.001 -15"><span class='ocrx_word' id='word_1_276' title='bbox 223 4339 373 4395; x_wconf 86' lang='lat' dir='ltr'><strong>ctius</strong></span> <span class='ocrx_word' id='word_1_277' title='bbox 408 4339 573 4410; x_wconf 88' lang='lat' dir='ltr'><strong>pueri</strong></span> <span class='ocrx_word' id='word_1_278' title='bbox 610 4341 671 4394; x_wconf 89' lang='lat' dir='ltr'><strong>in</strong></span> <span class='ocrx_word' id='word_1_279' title='bbox 697 4339 939 4394; x_wconf 88' lang='lat' dir='ltr'><strong>ludendo</strong></span> <span class='ocrx_word' id='word_1_280' title='bbox 979 4341 1129 4394; x_wconf 82' lang='lat' dir='ltr'><strong>viros</strong></span> <span class='ocrx_word' id='word_1_281' title='bbox 1155 4341 1379 4394; x_wconf 89' lang='lat' dir='ltr'><strong>imitan-</strong></span> 
     </span>
     <span class='ocr_line' id='line_1_50' title="bbox 222 4411 1379 4482; baseline 0 -16"><span class='ocrx_word' id='word_1_282' title='bbox 222 4415 311 4466; x_wconf 87' lang='lat' dir='ltr'><strong>tes</strong></span> <span class='ocrx_word' id='word_1_283' title='bbox 348 4415 409 4465; x_wconf 87' lang='lat' dir='ltr'><strong>et</strong></span> <span class='ocrx_word' id='word_1_284' title='bbox 450 4427 627 4482; x_wconf 83' lang='lat' dir='ltr'><strong>regna</strong></span> <span class='ocrx_word' id='word_1_285' title='bbox 669 4417 727 4468; x_wconf 87' lang='lat' dir='ltr'><strong>et</strong></span> <span class='ocrx_word' id='word_1_286' title='bbox 770 4411 1009 4481; x_wconf 85' lang='lat' dir='ltr'><strong>imperia</strong></span> <span class='ocrx_word' id='word_1_287' title='bbox 1042 4411 1379 4466; x_wconf 83' lang='lat' dir='ltr'><strong>distribuen-</strong></span> 
     </span>
     <span class='ocr_line' id='line_1_51' title="bbox 220 4482 1382 4553; baseline 0 -16"><span class='ocrx_word' id='word_1_288' title='bbox 220 4487 308 4537; x_wconf 84' lang='lat' dir='ltr'><strong>tes</strong></span> <span class='ocrx_word' id='word_1_289' title='bbox 356 4498 469 4537; x_wconf 93' lang='lat' dir='ltr'><strong>non</strong></span> <span class='ocrx_word' id='word_1_290' title='bbox 516 4501 643 4538; x_wconf 88' lang='lat' dir='ltr'><strong>eum</strong></span> <span class='ocrx_word' id='word_1_291' title='bbox 688 4500 878 4553; x_wconf 86' lang='lat' dir='ltr'><strong>regem</strong></span> <span class='ocrx_word' id='word_1_292' title='bbox 925 4488 1119 4538; x_wconf 88' lang='lat' dir='ltr'><strong>creant</strong></span> <span class='ocrx_word' id='word_1_293' title='bbox 1164 4482 1382 4552; x_wconf 88' lang='lat' dir='ltr'><strong>sibique</strong></span> 
     </span>
     <span class='ocr_line' id='line_1_52' title="bbox 220 4554 1379 4697; baseline -0.001 -16"><span class='ocrx_word' id='word_1_294' title='bbox 220 4554 1379 4697; x_wconf 42' lang='lat' dir='ltr'><strong>{ffiffissmvffii„iffimffiissi‘ssinlssssrssssi’</strong></span> 
     </span>
    </p>
   </div>
   <div class='ocr_carea' id='block_1_8' title="bbox 1465 1834 2625 2188">
    <p class='ocr_par' dir='ltr' id='par_1_10' title="bbox 1465 1834 2625 2188">
     <span class='ocr_line' id='line_1_53' title="bbox 1465 1834 2622 1906; baseline -0.002 -14"><span class='ocrx_word' id='word_1_295' title='bbox 1465 1837 1660 1906; x_wconf 81' lang='lat' dir='ltr'><strong>Neque</strong></span> <span class='ocrx_word' id='word_1_296' title='bbox 1705 1836 1776 1891; x_wconf 89' lang='lat' dir='ltr'><strong>de</strong></span> <span class='ocrx_word' id='word_1_297' title='bbox 1822 1841 1974 1891; x_wconf 84' lang='lat' dir='ltr'><strong>certo</strong></span> <span class='ocrx_word' id='word_1_298' title='bbox 2019 1834 2262 1906; x_wconf 83' lang='lat' dir='ltr'><strong>quodam</strong></span> <span class='ocrx_word' id='word_1_299' title='bbox 2318 1853 2622 1906; x_wconf 87' lang='lat' dir='ltr'><strong>puerorum</strong></span> 
     </span>
     <span class='ocr_line' id='line_1_54' title="bbox 1466 1908 2622 1979; baseline -0.001 -16"><span class='ocrx_word' id='word_1_300' title='bbox 1466 1909 1600 1963; x_wconf 91' lang='lat' dir='ltr'><strong>ludo</strong></span> <span class='ocrx_word' id='word_1_301' title='bbox 1646 1908 2010 1979; x_wconf 85' lang='lat' dir='ltr'><strong>cogitandum</strong></span> <span class='ocrx_word' id='word_1_302' title='bbox 2057 1925 2174 1963; x_wconf 87' lang='lat' dir='ltr'><strong>esse</strong></span> <span class='ocrx_word' id='word_1_303' title='bbox 2221 1908 2493 1977; x_wconf 82' lang='lat' dir='ltr'><strong>arbitror3</strong></span> <span class='ocrx_word' id='word_1_304' title='bbox 2537 1909 2622 1962; x_wconf 92' lang='lat' dir='ltr'><strong>ni·</strong></span> 
     </span>
     <span class='ocr_line' id='line_1_55' title="bbox 1465 1979 2622 2050; baseline 0 -16"><span class='ocrx_word' id='word_1_305' title='bbox 1465 1981 1674 2034; x_wconf 86' lang='lat' dir='ltr'><strong>mirum</strong></span> <span class='ocrx_word' id='word_1_306' title='bbox 1705 1979 1895 2050; x_wconf 87' lang='lat' dir='ltr'><strong>plures</strong></span> <span class='ocrx_word' id='word_1_307' title='bbox 1927 1979 2079 2034; x_wconf 85' lang='lat' dir='ltr'><strong>hand</strong></span> <span class='ocrx_word' id='word_1_308' title='bbox 2104 1979 2272 2035; x_wconf 88' lang='lat' dir='ltr'><strong>dubie</strong></span> <span class='ocrx_word' id='word_1_309' title='bbox 2298 1985 2459 2035; x_wconf 86' lang='lat' dir='ltr'><strong>erant</strong></span> <span class='ocrx_word' id='word_1_310' title='bbox 2482 1979 2622 2048; x_wconf 90' lang='lat' dir='ltr'><strong>ludi,</strong></span> 
     </span>
     <span class='ocr_line' id='line_1_56' title="bbox 1466 2051 2622 2122; baseline -0.001 -16"><span class='ocrx_word' id='word_1_311' title='bbox 1466 2052 1528 2106; x_wconf 90' lang='lat' dir='ltr'><strong>in</strong></span> <span class='ocrx_word' id='word_1_312' title='bbox 1565 2051 1766 2121; x_wconf 86' lang='lat' dir='ltr'><strong>quibus</strong></span> <span class='ocrx_word' id='word_1_313' title='bbox 1803 2053 1901 2122; x_wconf 88' lang='lat' dir='ltr'><strong>qui</strong></span> <span class='ocrx_word' id='word_1_314' title='bbox 1937 2052 2066 2106; x_wconf 86' lang='lat' dir='ltr'><strong>lites</strong></span> <span class='ocrx_word' id='word_1_315' title='bbox 2119 2051 2428 2119; x_wconf 86' lang='lat' dir='ltr'><strong>dirimeret,</strong></span> <span class='ocrx_word' id='word_1_316' title='bbox 2465 2067 2622 2120; x_wconf 83' lang='lat' dir='ltr'><strong>prae·</strong></span> 
     </span>
     <span class='ocr_line' id='line_1_57' title="bbox 1470 2122 2625 2188; baseline 0 -11"><span class='ocrx_word' id='word_1_317' title='bbox 1470 2124 1584 2178; x_wconf 90' lang='lat' dir='ltr'><strong>mia</strong></span> <span class='ocrx_word' id='word_1_318' title='bbox 1609 2122 1994 2188; x_wconf 86' lang='lat' dir='ltr'><strong>distribueret,</strong></span> <span class='ocrx_word' id='word_1_319' title='bbox 2021 2123 2276 2177; x_wconf 85' lang='lat' dir='ltr'><strong>ordinem</strong></span> <span class='ocrx_word' id='word_1_320' title='bbox 2302 2122 2625 2178; x_wconf 87' lang='lat' dir='ltr'><strong>restitueret</strong></span> 
     </span>
    </p>
   </div>
   <div class='ocr_carea' id='block_1_9' title="bbox 1469 2193 2750 2266">
    <p class='ocr_par' dir='ltr' id='par_1_11' title="bbox 1469 2193 2750 2266">
     <span class='ocr_line' id='line_1_58' title="bbox 1469 2193 2750 2266; baseline -0.001 -16"><span class='ocrx_word' id='word_1_321' title='bbox 1469 2195 1810 2266; x_wconf 83' lang='lat' dir='ltr'><strong>magistratu</strong></span> <span class='ocrx_word' id='word_1_322' title='bbox 1845 2195 2037 2264; x_wconf 86' lang='lat' dir='ltr'><strong>aliquo</strong></span> <span class='ocrx_word' id='word_1_323' title='bbox 2075 2212 2213 2264; x_wconf 88' lang='lat' dir='ltr'><strong>opus</strong></span> <span class='ocrx_word' id='word_1_324' title='bbox 2248 2199 2386 2249; x_wconf 84' lang='lat' dir='ltr'><strong>erat.</strong></span> <span class='ocrx_word' id='word_1_325' title='bbox 2460 2193 2626 2249; x_wconf 86' lang='lat' dir='ltr'><strong>Hunc</strong></span> <span class='ocrx_word' id='word_1_326' title='bbox 2743 2233 2750 2240; x_wconf 87' lang='lat'>-</span> 
     </span>
    </p>
   </div>
   <div class='ocr_carea' id='block_1_10' title="bbox 1468 2266 2624 2407">
    <p class='ocr_par' dir='ltr' id='par_1_12' title="bbox 1468 2266 2624 2407">
     <span class='ocr_line' id='line_1_59' title="bbox 1470 2266 2620 2337; baseline -0.001 -17"><span class='ocrx_word' id='word_1_327' title='bbox 1470 2267 1651 2337; x_wconf 87' lang='lat' dir='ltr'><strong>igitur</strong></span> <span class='ocrx_word' id='word_1_328' title='bbox 1687 2271 1938 2321; x_wconf 83' lang='lat' dir='ltr'><strong>creantes</strong></span> <span class='ocrx_word' id='word_1_329' title='bbox 1977 2267 2141 2337; x_wconf 87' lang='lat' dir='ltr'><strong>pueri</strong></span> <span class='ocrx_word' id='word_1_330' title='bbox 2185 2266 2460 2321; x_wconf 85' lang='lat' dir='ltr'><strong>canebant</strong></span> <span class='ocrx_word' id='word_1_331' title='bbox 2507 2267 2620 2332; x_wconf 69' lang='lat' dir='ltr'><strong>(nc-</strong></span> 
     </span>
     <span class='ocr_line' id='line_1_60' title="bbox 1468 2337 2624 2407; baseline -0.002 -15"><span class='ocrx_word' id='word_1_332' title='bbox 1468 2339 1596 2407; x_wconf 60' lang='grc' dir='ltr'><strong>πίω</strong></span> <span class='ocrx_word' id='word_1_333' title='bbox 1646 2337 1776 2392; x_wconf 84' lang='lat' dir='ltr'><strong>vide</strong></span> <span class='ocrx_word' id='word_1_334' title='bbox 1813 2337 1885 2392; x_wconf 86' lang='lat' dir='ltr'><strong>ad</strong></span> <span class='ocrx_word' id='word_1_335' title='bbox 1923 2337 2104 2392; x_wconf 86' lang='lat' dir='ltr'><strong>Carm.</strong></span> <span class='ocrx_word' id='word_1_336' title='bbox 2141 2337 2213 2406; x_wconf 94' lang='lat'><strong>11,</strong></span> <span class='ocrx_word' id='word_1_337' title='bbox 2253 2340 2301 2406; x_wconf 92' lang='lat'><strong>1,</strong></span> <span class='ocrx_word' id='word_1_338' title='bbox 2339 2337 2430 2406; x_wconf 83' lang='grc'><strong>38)</strong></span> <span class='ocrx_word' id='word_1_339' title='bbox 2480 2340 2624 2392; x_wconf 85' lang='lat' dir='ltr'><strong>teste</strong></span> 
     </span>
    </p>
   </div>
   <div class='ocr_carea' id='block_1_11' title="bbox 1448 2407 2622 2479">
    <p class='ocr_par' dir='ltr' id='par_1_13' title="bbox 1448 2407 2622 2479">
     <span class='ocr_line' id='line_1_61' title="bbox 1448 2407 2622 2479; baseline -0.001 -16"><span class='ocrx_word' id='word_1_340' title='bbox 1448 2408 1878 2479; x_wconf 76' lang='lat' dir='ltr'><strong>-Porphyrionez</strong></span> <span class='ocrx_word' id='word_1_341' title='bbox 1909 2409 2066 2478; x_wconf 81' lang='lat' dir='ltr'><strong>„Rex</strong></span> <span class='ocrx_word' id='word_1_342' title='bbox 2099 2410 2210 2463; x_wconf 90' lang='lat' dir='ltr'><strong>erit</strong></span> <span class='ocrx_word' id='word_1_343' title='bbox 2243 2409 2340 2478; x_wconf 90' lang='lat' dir='ltr'><strong>qui</strong></span> <span class='ocrx_word' id='word_1_344' title='bbox 2365 2411 2516 2462; x_wconf 87' lang='lat' dir='ltr'><strong>recte</strong></span> <span class='ocrx_word' id='word_1_345' title='bbox 2541 2407 2622 2462; x_wconf 86' lang='lat' dir='ltr'><strong>fa-</strong></span> 
     </span>
    </p>
   </div>
   <div class='ocr_carea' id='block_1_12' title="bbox 1464 2480 2634 4696">
    <p class='ocr_par' dir='ltr' id='par_1_14' title="bbox 1464 2480 2634 4696">
     <span class='ocr_line' id='line_1_62' title="bbox 1469 2480 2620 2551; baseline -0.002 -15"><span class='ocrx_word' id='word_1_346' title='bbox 1469 2481 1606 2551; x_wconf 87' lang='lat' dir='ltr'><strong>ciet;</strong></span> <span class='ocrx_word' id='word_1_347' title='bbox 1653 2482 1751 2550; x_wconf 87' lang='lat' dir='ltr'><strong>qui</strong></span> <span class='ocrx_word' id='word_1_348' title='bbox 1799 2497 1911 2536; x_wconf 92' lang='lat' dir='ltr'><strong>non</strong></span> <span class='ocrx_word' id='word_1_349' title='bbox 1961 2480 2132 2536; x_wconf 81' lang='lat' dir='ltr'><strong>faciet</strong></span> <span class='ocrx_word' id='word_1_350' title='bbox 2181 2499 2296 2536; x_wconf 89' lang='lat' dir='ltr'><strong>non</strong></span> <span class='ocrx_word' id='word_1_351' title='bbox 2342 2480 2505 2534; x_wconf 89' lang='lat' dir='ltr'><strong>erit.“</strong></span> <span class='ocrx_word' id='word_1_352' title='bbox 2555 2510 2620 2520; x_wconf 93' lang='lat'><strong>—-</strong></span> 
     </span>
     <span class='ocr_line' id='line_1_63' title="bbox 1466 2549 2623 2623; baseline -0.001 -16"><span class='ocrx_word' id='word_1_353' title='bbox 1466 2551 1674 2622; x_wconf 74' lang='lat' dir='ltr'><strong>murus]</strong></span> <span class='ocrx_word' id='word_1_354' title='bbox 1712 2552 1782 2608; x_wconf 81' lang='lat' dir='ltr'><strong>cf.</strong></span> <span class='ocrx_word' id='word_1_355' title='bbox 1821 2552 2009 2607; x_wconf 88' lang='lat' dir='ltr'><strong>Senec.</strong></span> <span class='ocrx_word' id='word_1_356' title='bbox 2044 2553 2151 2623; x_wconf 90' lang='lat' dir='ltr'><strong>Ep.</strong></span> <span class='ocrx_word' id='word_1_357' title='bbox 2191 2554 2289 2607; x_wconf 84' lang='lat'><strong>82:</strong></span> <span class='ocrx_word' id='word_1_358' title='bbox 2343 2549 2623 2622; x_wconf 84' lang='lat' dir='ltr'><strong>„philoso-</strong></span> 
     </span>
     <span class='ocr_line' id='line_1_64' title="bbox 1466 2624 2622 2696; baseline -0.001 -19"><span class='ocrx_word' id='word_1_359' title='bbox 1466 2624 1604 2694; x_wconf 85' lang='lat' dir='ltr'><strong>phia</strong></span> <span class='ocrx_word' id='word_1_360' title='bbox 1634 2664 1647 2678; x_wconf 95' lang='lat'><strong>.</strong></span> <span class='ocrx_word' id='word_1_361' title='bbox 1673 2662 1687 2677; x_wconf 91' lang='lat'><strong>.</strong></span> <span class='ocrx_word' id='word_1_362' title='bbox 1710 2624 1802 2679; x_wconf 90' lang='lat' dir='ltr'><strong>ine</strong></span> <span class='ocrx_word' id='word_1_363' title='bbox 1881 2624 2162 2696; x_wconf 89' lang='lat' dir='ltr'><strong>ugnabilis</strong></span> <span class='ocrx_word' id='word_1_364' title='bbox 2209 2641 2420 2691; x_wconf 87' lang='lat' dir='ltr'><strong>murus,</strong></span> <span class='ocrx_word' id='word_1_365' title='bbox 2458 2639 2622 2692; x_wconf 90' lang='lat' dir='ltr'><strong>quem</strong></span> 
     </span>
     <span class='ocr_line' id='line_1_65' title="bbox 1467 2695 2624 2751; baseline -0.003 0"><span class='ocrx_word' id='word_1_366' title='bbox 1467 2695 1700 2751; x_wconf 81' lang='lat' dir='ltr'><strong>fortuna</strong></span> <span class='ocrx_word' id='word_1_367' title='bbox 1744 2713 1837 2749; x_wconf 89' lang='lat' dir='ltr'><strong>mu</strong></span> <span class='ocrx_word' id='word_1_368' title='bbox 1864 2698 1938 2750; x_wconf 87' lang='lat' dir='ltr'><strong>tis</strong></span> <span class='ocrx_word' id='word_1_369' title='bbox 1988 2695 2258 2750; x_wconf 87' lang='lat' dir='ltr'><strong>machinis</strong></span> <span class='ocrx_word' id='word_1_370' title='bbox 2305 2695 2624 2750; x_wconf 87' lang='lat' dir='ltr'><strong>lacessitum</strong></span> 
     </span>
     <span class='ocr_line' id='line_1_66' title="bbox 1467 2765 2624 2837; baseline -0.003 -15"><span class='ocrx_word' id='word_1_371' title='bbox 1467 2784 1582 2822; x_wconf 88' lang='lat' dir='ltr'><strong>non</strong></span> <span class='ocrx_word' id='word_1_372' title='bbox 1618 2767 1878 2822; x_wconf 86' lang='lat' dir='ltr'><strong>transit.“</strong></span> <span class='ocrx_word' id='word_1_373' title='bbox 1951 2767 2033 2821; x_wconf 89' lang='lat' dir='ltr'><strong>Id.</strong></span> <span class='ocrx_word' id='word_1_374' title='bbox 2066 2765 2171 2837; x_wconf 86' lang='lat' dir='ltr'><strong>Ep.</strong></span> <span class='ocrx_word' id='word_1_375' title='bbox 2214 2767 2343 2822; x_wconf 89' lang='lat'>105:</span> <span class='ocrx_word' id='word_1_376' title='bbox 2384 2766 2624 2835; x_wconf 87' lang='lat' dir='ltr'><strong>„securi-</strong></span> 
     </span>
     <span class='ocr_line' id='line_1_67' title="bbox 1469 2837 2625 2909; baseline -0.003 -16"><span class='ocrx_word' id='word_1_377' title='bbox 1469 2839 1607 2893; x_wconf 86' lang='lat' dir='ltr'><strong>tatis</strong></span> <span class='ocrx_word' id='word_1_378' title='bbox 1644 2856 1849 2909; x_wconf 82' lang='lat' dir='ltr'><strong>magna</strong></span> <span class='ocrx_word' id='word_1_379' title='bbox 1896 2839 2083 2909; x_wconf 87' lang='lat' dir='ltr'><strong>portio</strong></span> <span class='ocrx_word' id='word_1_380' title='bbox 2121 2843 2206 2892; x_wconf 90' lang='lat' dir='ltr'><strong>est</strong></span> <span class='ocrx_word' id='word_1_381' title='bbox 2246 2838 2389 2892; x_wconf 90' lang='lat' dir='ltr'><strong>nihil</strong></span> <span class='ocrx_word' id='word_1_382' title='bbox 2444 2837 2625 2907; x_wconf 88' lang='lat' dir='ltr'><strong>iniqui</strong></span> 
     </span>
     <span class='ocr_line' id='line_1_68' title="bbox 1472 2908 2626 2978; baseline -0.002 -13"><span class='ocrx_word' id='word_1_383' title='bbox 1472 2910 1711 2965; x_wconf 80' lang='lat' dir='ltr'><strong>facere.“</strong></span> <span class='ocrx_word' id='word_1_384' title='bbox 1753 2939 1815 2950; x_wconf 91' lang='lat'>—</span> <span class='ocrx_word' id='word_1_385' title='bbox 1857 2911 1940 2964; x_wconf 76' lang='lat' dir='ltr'><strong>nil</strong></span> <span class='ocrx_word' id='word_1_386' title='bbox 1975 2909 2235 2978; x_wconf 77' lang='lat' dir='ltr'><strong>conscire]</strong></span> <span class='ocrx_word' id='word_1_387' title='bbox 2277 2909 2425 2964; x_wconf 92' lang='lat' dir='ltr'><strong>idem</strong></span> <span class='ocrx_word' id='word_1_388' title='bbox 2476 2908 2626 2978; x_wconf 91' lang='lat' dir='ltr'><strong>quod</strong></span> 
     </span>
     <span class='ocr_line' id='line_1_69' title="bbox 1471 2981 2628 3050; baseline -0.002 -15"><span class='ocrx_word' id='word_1_389' title='bbox 1471 2987 1624 3038; x_wconf 89' lang='lat' dir='ltr'><strong>recte</strong></span> <span class='ocrx_word' id='word_1_390' title='bbox 1679 2981 1887 3048; x_wconf 78' lang='lat' dir='ltr'><strong>faeere3</strong></span> <span class='ocrx_word' id='word_1_391' title='bbox 1949 2999 2116 3050; x_wconf 89' lang='lat' dir='ltr'><strong>quam</strong></span> <span class='ocrx_word' id='word_1_392' title='bbox 2169 2982 2506 3036; x_wconf 87' lang='lat' dir='ltr'><strong>sententiam</strong></span> <span class='ocrx_word' id='word_1_393' title='bbox 2562 2984 2628 3034; x_wconf 92' lang='lat' dir='ltr'><strong>ut</strong></span> 
     </span>
     <span class='ocr_line' id='line_1_70' title="bbox 1470 3052 2626 3138; baseline -0.001 -31"><span class='ocrx_word' id='word_1_394' title='bbox 1470 3069 1692 3138; x_wconf 78' lang='lat' dir='ltr'><strong>murum</strong></span> <span class='ocrx_word' id='word_1_395' title='bbox 1733 3055 1966 3107; x_wconf 65' lang='lat' dir='ltr'><strong>aeneum</strong></span> <span class='ocrx_word' id='word_1_396' title='bbox 2003 3053 2194 3123; x_wconf 85' lang='lat' dir='ltr'><strong>pravis</strong></span> <span class='ocrx_word' id='word_1_397' title='bbox 2222 3052 2626 3136; x_wconf 74' lang='lat' dir='ltr'><strong>cupiditatibus</strong></span> 
     </span>
     <span class='ocr_line' id='line_1_71' title="bbox 1470 3123 2626 3264; baseline 0 -14"><span class='ocrx_word' id='word_1_398' title='bbox 1470 3123 2626 3264; x_wconf 52' lang='grc' dir='ltr'><strong>ἓῗέἒῖᾏέἲέᾅὲὶῖῗῗ..ἓῖῒὲξίῗεῗέἰέιῗ</strong></span> 
     </span>
     <span class='ocr_line' id='line_1_72' title="bbox 1470 3267 2625 3350; baseline -0.002 -28"><span class='ocrx_word' id='word_1_399' title='bbox 1470 3283 1570 3322; x_wconf 76' lang='lat' dir='ltr'><strong>rus</strong></span> <span class='ocrx_word' id='word_1_400' title='bbox 1595 3285 1772 3338; x_wconf 87' lang='lat' dir='ltr'><strong>usque</strong></span> <span class='ocrx_word' id='word_1_401' title='bbox 1809 3267 1878 3321; x_wconf 86' lang='lat' dir='ltr'><strong>ad</strong></span> <span class='ocrx_word' id='word_1_402' title='bbox 1905 3267 2071 3336; x_wconf 80' lang='lat' dir='ltr'><strong>culpa</strong></span> <span class='ocrx_word' id='word_1_403' title='bbox 2108 3267 2179 3321; x_wconf 87' lang='lat' dir='ltr'><strong>ab</strong></span> <span class='ocrx_word' id='word_1_404' title='bbox 2220 3267 2625 3350; x_wconf 77' lang='lat' dir='ltr'><strong>interpolatore</strong></span> 
     </span>
     <span class='ocr_line' id='line_1_73' title="bbox 1470 3337 2628 3480; baseline -0.003 -14"><span class='ocrx_word' id='word_1_405' title='bbox 1470 3337 2628 3480; x_wconf 52' lang='lat' dir='ltr'><strong>&amp;53530235353m022231525331322313</strong></span> 
     </span>
     <span class='ocr_line' id='line_1_74' title="bbox 1472 3480 2626 3566; baseline -0.002 -30"><span class='ocrx_word' id='word_1_406' title='bbox 1472 3483 1738 3552; x_wconf 89' lang='lat' dir='ltr'><strong>potuisse,</strong></span> <span class='ocrx_word' id='word_1_407' title='bbox 1774 3480 1977 3536; x_wconf 87' lang='lat' dir='ltr'><strong>deinde</strong></span> <span class='ocrx_word' id='word_1_408' title='bbox 2002 3482 2344 3566; x_wconf 73' lang='lat' dir='ltr'><strong>arguendam</strong></span> <span class='ocrx_word' id='word_1_409' title='bbox 2372 3499 2488 3536; x_wconf 86' lang='lat' dir='ltr'><strong>esse</strong></span> <span class='ocrx_word' id='word_1_410' title='bbox 2517 3499 2626 3534; x_wconf 91' lang='lat' dir='ltr'><strong>am-</strong></span> 
     </span>
     <span class='ocr_line' id='line_1_75' title="bbox 1470 3553 2627 3624; baseline -0.003 -16"><span class='ocrx_word' id='word_1_411' title='bbox 1470 3555 1808 3624; x_wconf 85' lang='lat' dir='ltr'><strong>biguitatem</strong></span> <span class='ocrx_word' id='word_1_412' title='bbox 1857 3570 2001 3622; x_wconf 86' lang='lat' dir='ltr'><strong>quae</strong></span> <span class='ocrx_word' id='word_1_413' title='bbox 2041 3557 2116 3607; x_wconf 77' lang='lat' dir='ltr'><strong>sit</strong></span> <span class='ocrx_word' id='word_1_414' title='bbox 2152 3553 2211 3607; x_wconf 90' lang='lat' dir='ltr'><strong>in</strong></span> <span class='ocrx_word' id='word_1_415' title='bbox 2247 3553 2434 3608; x_wconf 86' lang='lat' dir='ltr'><strong>verbis</strong></span> <span class='ocrx_word' id='word_1_416' title='bbox 2471 3553 2627 3606; x_wconf 75' lang='lat' dir='ltr'><strong>nulla</strong></span> 
     </span>
     <span class='ocr_line' id='line_1_76' title="bbox 1464 3622 2628 3696; baseline -0.002 -18"><span class='ocrx_word' id='word_1_417' title='bbox 1464 3625 1752 3694; x_wconf 77' lang='lat' dir='ltr'><strong>pallescere</strong></span> <span class='ocrx_word' id='word_1_418' title='bbox 1775 3626 1956 3694; x_wconf 77' lang='lat' dir='ltr'><strong>culpa,</strong></span> <span class='ocrx_word' id='word_1_419' title='bbox 1982 3625 2185 3693; x_wconf 87' lang='lat' dir='ltr'><strong>quibus</strong></span> <span class='ocrx_word' id='word_1_420' title='bbox 2209 3624 2396 3679; x_wconf 80' lang='lat' dir='ltr'><strong>verbis</strong></span> <span class='ocrx_word' id='word_1_421' title='bbox 2417 3622 2628 3696; x_wconf 85' lang='lat' dir='ltr'><strong>signifi-</strong></span> 
     </span>
     <span class='ocr_line' id='line_1_77' title="bbox 1473 3695 2626 3766; baseline -0.003 -14"><span class='ocrx_word' id='word_1_422' title='bbox 1473 3697 1591 3752; x_wconf 82' lang='lat' dir='ltr'><strong>cari</strong></span> <span class='ocrx_word' id='word_1_423' title='bbox 1616 3697 1794 3766; x_wconf 88' lang='lat' dir='ltr'><strong>possit</strong></span> <span class='ocrx_word' id='word_1_424' title='bbox 1817 3697 2120 3751; x_wconf 88' lang='lat' dir='ltr'><strong>temeraria</strong></span> <span class='ocrx_word' id='word_1_425' title='bbox 2145 3695 2396 3764; x_wconf 86' lang='lat' dir='ltr'><strong>audacia,</strong></span> <span class='ocrx_word' id='word_1_426' title='bbox 2424 3713 2567 3765; x_wconf 87' lang='lat' dir='ltr'><strong>quae</strong></span> <span class='ocrx_word' id='word_1_427' title='bbox 2593 3712 2626 3748; x_wconf 89' lang='lat' dir='ltr'><strong>a</strong></span> 
     </span>
     <span class='ocr_line' id='line_1_78' title="bbox 1471 3765 2630 3837; baseline -0.001 -16"><span class='ocrx_word' id='word_1_428' title='bbox 1471 3767 1630 3822; x_wconf 85' lang='lat' dir='ltr'><strong>nulla</strong></span> <span class='ocrx_word' id='word_1_429' title='bbox 1669 3767 1834 3837; x_wconf 87' lang='lat' dir='ltr'><strong>culpa</strong></span> <span class='ocrx_word' id='word_1_430' title='bbox 1859 3768 2193 3836; x_wconf 74' lang='lat' dir='ltr'><strong>abhorreat,</strong></span> <span class='ocrx_word' id='word_1_431' title='bbox 2225 3771 2520 3837; x_wconf 85' lang='lat' dir='ltr'><strong>praeterea</strong></span> <span class='ocrx_word' id='word_1_432' title='bbox 2546 3765 2630 3820; x_wconf 75' lang='lat' dir='ltr'><strong>nil</strong></span> 
     </span>
     <span class='ocr_line' id='line_1_79' title="bbox 1473 3839 2626 3906; baseline -0.003 -12"><span class='ocrx_word' id='word_1_433' title='bbox 1473 3840 1712 3894; x_wconf 74' lang='lat' dir='ltr'><strong>conscire</strong></span> <span class='ocrx_word' id='word_1_434' title='bbox 1750 3839 1860 3893; x_wconf 73' lang='lat' dir='ltr'><strong>sibi</strong></span> <span class='ocrx_word' id='word_1_435' title='bbox 1895 3857 2009 3894; x_wconf 89' lang='lat' dir='ltr'><strong>non</strong></span> <span class='ocrx_word' id='word_1_436' title='bbox 2048 3843 2199 3894; x_wconf 89' lang='lat' dir='ltr'><strong>recte</strong></span> <span class='ocrx_word' id='word_1_437' title='bbox 2239 3839 2454 3893; x_wconf 86' lang='lat' dir='ltr'><strong>dietum</strong></span> <span class='ocrx_word' id='word_1_438' title='bbox 2492 3854 2626 3906; x_wconf 86' lang='lat' dir='ltr'><strong>esse,</strong></span> 
     </span>
     <span class='ocr_line' id='line_1_80' title="bbox 1473 3908 2626 3982; baseline -0.003 -17"><span class='ocrx_word' id='word_1_439' title='bbox 1473 3929 1615 3976; x_wconf 90' lang='lat' dir='ltr'><strong>cum,</strong></span> <span class='ocrx_word' id='word_1_440' title='bbox 1642 3915 1793 3965; x_wconf 89' lang='lat' dir='ltr'><strong>recte</strong></span> <span class='ocrx_word' id='word_1_441' title='bbox 1835 3911 1883 3964; x_wconf 88' lang='lat' dir='ltr'><strong>si</strong></span> <span class='ocrx_word' id='word_1_442' title='bbox 1907 3911 2292 3982; x_wconf 82' lang='lat' dir='ltr'><strong>intellegatur,</strong></span> <span class='ocrx_word' id='word_1_443' title='bbox 2317 3927 2506 3965; x_wconf 89' lang='lat' dir='ltr'><strong>eorum</strong></span> <span class='ocrx_word' id='word_1_444' title='bbox 2533 3908 2626 3972; x_wconf 89' lang='lat' dir='ltr'><strong>sit,</strong></span> 
     </span>
     <span class='ocr_line' id='line_1_81' title="bbox 1474 3979 2629 4052; baseline -0.003 -16"><span class='ocrx_word' id='word_1_445' title='bbox 1474 3983 1572 4052; x_wconf 91' lang='lat' dir='ltr'><strong>qui</strong></span> <span class='ocrx_word' id='word_1_446' title='bbox 1627 3999 1806 4052; x_wconf 89' lang='lat' dir='ltr'><strong>neque</strong></span> <span class='ocrx_word' id='word_1_447' title='bbox 1861 3982 2040 4036; x_wconf 87' lang='lat' dir='ltr'><strong>bonae</strong></span> <span class='ocrx_word' id='word_1_448' title='bbox 2089 3999 2268 4052; x_wconf 87' lang='lat' dir='ltr'><strong>neque</strong></span> <span class='ocrx_word' id='word_1_449' title='bbox 2317 3981 2498 4036; x_wconf 88' lang='lat' dir='ltr'><strong>malae</strong></span> <span class='ocrx_word' id='word_1_450' title='bbox 2544 3979 2629 4034; x_wconf 90' lang='lat' dir='ltr'><strong>rei</strong></span> 
     </span>
     <span class='ocr_line' id='line_1_82' title="bbox 1473 4053 2628 4122; baseline -0.003 -14"><span class='ocrx_word' id='word_1_451' title='bbox 1473 4053 1719 4108; x_wconf 85' lang='lat' dir='ltr'><strong>habeant</strong></span> <span class='ocrx_word' id='word_1_452' title='bbox 1755 4054 2169 4109; x_wconf 86' lang='lat' dir='ltr'><strong>conscientiam.</strong></span> <span class='ocrx_word' id='word_1_453' title='bbox 2251 4053 2420 4108; x_wconf 84' lang='lat' dir='ltr'><strong>Vides</strong></span> <span class='ocrx_word' id='word_1_454' title='bbox 2459 4067 2628 4122; x_wconf 90' lang='lat' dir='ltr'><strong>quam</strong></span> 
     </span>
     <span class='ocr_line' id='line_1_83' title="bbox 1476 4125 2627 4196; baseline -0.002 -16"><span class='ocrx_word' id='word_1_455' title='bbox 1476 4131 1640 4180; x_wconf 80' lang='lat' dir='ltr'><strong>acute</strong></span> <span class='ocrx_word' id='word_1_456' title='bbox 1676 4125 1814 4180; x_wconf 88' lang='lat' dir='ltr'><strong>haec</strong></span> <span class='ocrx_word' id='word_1_457' title='bbox 1839 4127 1952 4180; x_wconf 85' lang='lat' dir='ltr'><strong>sint</strong></span> <span class='ocrx_word' id='word_1_458' title='bbox 1975 4125 2288 4196; x_wconf 83' lang='lat' dir='ltr'><strong>disputata3</strong></span> <span class='ocrx_word' id='word_1_459' title='bbox 2327 4129 2516 4179; x_wconf 88' lang='lat' dir='ltr'><strong>tamen</strong></span> <span class='ocrx_word' id='word_1_460' title='bbox 2541 4141 2627 4178; x_wconf 86' lang='lat' dir='ltr'><strong>re·</strong></span> 
     </span>
     <span class='ocr_line' id='line_1_84' title="bbox 1475 4195 2631 4266; baseline -0.004 -13"><span class='ocrx_word' id='word_1_461' title='bbox 1475 4198 1618 4253; x_wconf 83' lang='lat' dir='ltr'><strong>etius</strong></span> <span class='ocrx_word' id='word_1_462' title='bbox 1663 4213 1789 4252; x_wconf 84' lang='lat' dir='ltr'><strong>cum</strong></span> <span class='ocrx_word' id='word_1_463' title='bbox 1839 4197 2198 4252; x_wconf 88' lang='lat' dir='ltr'><strong>Doederlinio</strong></span> <span class='ocrx_word' id='word_1_464' title='bbox 2237 4197 2474 4252; x_wconf 89' lang='lat' dir='ltr'><strong>Horatio</strong></span> <span class='ocrx_word' id='word_1_465' title='bbox 2521 4195 2631 4266; x_wconf 89' lang='lat' dir='ltr'><strong>ipsi</strong></span> 
     </span>
     <span class='ocr_line' id='line_1_85' title="bbox 1476 4268 2630 4340; baseline -0.004 -16"><span class='ocrx_word' id='word_1_466' title='bbox 1476 4269 1701 4339; x_wconf 84' lang='lat' dir='ltr'><strong>culpam</strong></span> <span class='ocrx_word' id='word_1_467' title='bbox 1720 4269 2104 4340; x_wconf 86' lang='lat' dir='ltr'><strong>ambiguitatis</strong></span> <span class='ocrx_word' id='word_1_468' title='bbox 2123 4268 2431 4340; x_wconf 87' lang='lat' dir='ltr'><strong>iniungere,</strong></span> <span class='ocrx_word' id='word_1_469' title='bbox 2501 4283 2630 4322; x_wconf 88' lang='lat' dir='ltr'><strong>uam</strong></span> 
     </span>
     <span class='ocr_line' id='line_1_86' title="bbox 1477 4337 2630 4396; baseline -0.004 -1"><span class='ocrx_word' id='word_1_470' title='bbox 1477 4357 1606 4396; x_wconf 89' lang='lat' dir='ltr'><strong>cum</strong></span> <span class='ocrx_word' id='word_1_471' title='bbox 1645 4340 1924 4394; x_wconf 82' lang='lat' dir='ltr'><strong>Meinekio</strong></span> <span class='ocrx_word' id='word_1_472' title='bbox 1951 4340 2198 4395; x_wconf 83' lang='lat' dir='ltr'><strong>Linkero</strong></span> <span class='ocrx_word' id='word_1_473' title='bbox 2223 4339 2460 4395; x_wconf 86' lang='lat' dir='ltr'><strong>Lehrsio</strong></span> <span class='ocrx_word' id='word_1_474' title='bbox 2547 4337 2630 4390; x_wconf 84' lang='lat' dir='ltr'><strong>iil·</strong></span> 
     </span>
     <span class='ocr_line' id='line_1_87' title="bbox 1476 4410 2631 4483; baseline -0.003 -18"><span class='ocrx_word' id='word_1_475' title='bbox 1476 4412 1597 4467; x_wconf 90' lang='lat' dir='ltr'><strong>lero</strong></span> <span class='ocrx_word' id='word_1_476' title='bbox 1635 4413 1720 4473; x_wconf 88' lang='lat' dir='ltr'><strong>(in</strong></span> <span class='ocrx_word' id='word_1_477' title='bbox 1754 4413 2064 4483; x_wconf 88' lang='lat' dir='ltr'><strong>prolegom.</strong></span> <span class='ocrx_word' id='word_1_478' title='bbox 2103 4411 2187 4466; x_wconf 90' lang='lat' dir='ltr'><strong>ed.</strong></span> <span class='ocrx_word' id='word_1_479' title='bbox 2226 4413 2300 4480; x_wconf 90' lang='grc'><strong>2.)</strong></span> <span class='ocrx_word' id='word_1_480' title='bbox 2335 4410 2509 4465; x_wconf 76' lang='lat' dir='ltr'><strong>verba</strong></span> <span class='ocrx_word' id='word_1_481' title='bbox 2548 4410 2631 4462; x_wconf 90' lang='lat' dir='ltr'><strong>in·</strong></span> 
     </span>
     <span class='ocr_line' id='line_1_88' title="bbox 1477 4481 2629 4553; baseline -0.003 -15"><span class='ocrx_word' id='word_1_482' title='bbox 1477 4484 1761 4553; x_wconf 85' lang='lat' dir='ltr'><strong>terpolata</strong></span> <span class='ocrx_word' id='word_1_483' title='bbox 1815 4499 1934 4538; x_wconf 88' lang='lat' dir='ltr'><strong>esse</strong></span> <span class='ocrx_word' id='word_1_484' title='bbox 1987 4487 2234 4539; x_wconf 86' lang='lat' dir='ltr'><strong>statuere</strong></span> <span class='ocrx_word' id='word_1_485' title='bbox 2293 4481 2502 4537; x_wconf 88' lang='lat' dir='ltr'><strong>licebit.</strong></span> <span class='ocrx_word' id='word_1_486' title='bbox 2561 4511 2629 4522; x_wconf 95' lang='lat'>—</span> 
     </span>
     <span class='ocr_line' id='line_1_89' title="bbox 1480 4551 2633 4625; baseline -0.003 -15"><span class='ocrx_word' id='word_1_487' title='bbox 1480 4554 1705 4625; x_wconf 78' lang='lat' dir='ltr'><strong>Roscia]</strong></span> <span class='ocrx_word' id='word_1_488' title='bbox 1753 4554 1882 4609; x_wconf 83' lang='lat' dir='ltr'><strong>vide</strong></span> <span class='ocrx_word' id='word_1_489' title='bbox 1927 4555 2000 4610; x_wconf 90' lang='lat' dir='ltr'><strong>ad</strong></span> <span class='ocrx_word' id='word_1_490' title='bbox 2045 4554 2224 4625; x_wconf 90' lang='lat' dir='ltr'><strong>Epod.</strong></span> <span class='ocrx_word' id='word_1_491' title='bbox 2275 4559 2327 4624; x_wconf 84' lang='lat'><strong>4,</strong></span> <span class='ocrx_word' id='word_1_492' title='bbox 2382 4556 2461 4608; x_wconf 83' lang='lat'><strong>16.</strong></span> <span class='ocrx_word' id='word_1_493' title='bbox 2542 4551 2633 4608; x_wconf 83' lang='lat' dir='ltr'><strong>Ex</strong></span> 
     </span>
     <span class='ocr_line' id='line_1_90' title="bbox 1478 4624 2634 4696; baseline -0.001 -15"><span class='ocrx_word' id='word_1_494' title='bbox 1478 4645 1531 4682; x_wconf 76' lang='lat' dir='ltr'><strong>v.</strong></span> <span class='ocrx_word' id='word_1_495' title='bbox 1571 4627 1643 4680; x_wconf 80' lang='lat'><strong>64</strong></span> <span class='ocrx_word' id='word_1_496' title='bbox 1677 4625 1797 4682; x_wconf 87' lang='lat' dir='ltr'><strong>noli</strong></span> <span class='ocrx_word' id='word_1_497' title='bbox 1840 4625 2080 4696; x_wconf 82' lang='lat' dir='ltr'><strong>efficere,</strong></span> <span class='ocrx_word' id='word_1_498' title='bbox 2132 4625 2344 4696; x_wconf 87' lang='lat' dir='ltr'><strong>priseos</strong></span> <span class='ocrx_word' id='word_1_499' title='bbox 2380 4624 2634 4680; x_wconf 85' lang='lat' dir='ltr'><strong>homines</strong></span> 
     </span>
    </p>
   </div>
  </div>
 </body>
</html>
