3092 5059
407 208 490 271 48
1375 192 1831 269 OARmmUM

417 429 462 469 ιι
512 395 744 471 Vitae
779 418 1078 469 summa
1111 390 1364 467 brevis
1407 416 1625 490 spem
1656 414 1797 465 nos
1833 399 2041 463 vetat
2070 382 2435 462 incohare
2463 383 2803 481 longam.

712 518 877 595 Iam
929 530 1005 595 te
1055 526 1352 614 premet
1403 542 1558 590 nox
1608 511 2077 613 fabulaeque
2118 513 2385 587 Manes

510 647 608 721 Et
659 644 932 720 domus
987 640 1200 719 exilis
1255 639 1645 734 Plutonia3
1703 663 1857 737 quo
1912 635 2139 713 simul
2193 635 2491 732 mearis,

709 768 870 845 Nec
919 792 1160 865 regna
1201 766 1366 841 vini
1409 763 1732 841 sortiere
1774 761 1944 837 talis

508 897 674 975 Nee
721 908 1070 971 tenerum
1121 890 1472 991 Lycidan
1537 889 1947 982 mirabere,
2015 913 2165 987 quo
2220 886 2417 963 calet
2454 887 2810 961 iuventus

410 1056 464 1096 20
709 1020 930 1096 Nune
986 1018 1237 1093 omnis
1283 1028 1360 1092 et
1405 1041 1589 1091 mox
1642 1014 1981 1111 virgines
2032 1012 2425 1111 tepebunt.

1345 1332 1726 1419 GARMEN
1788 1334 1879 1419 V.

813 1501 1004 1594 Quis
1061 1500 1305 1575 multa
1351 1498 1662 1597 gracilis
1713 1512 1791 1576 te
1841 1527 2037 1599 puer
2086 1504 2169 1579 in
2214 1532 2389 1581 rosa

483 1691 548 1747 V.
592 1694 675 1746 15.
711 1707 924 1746 summa
959 1690 1154 1760 brevis]
1194 1690 1263 1745 of.
1301 1690 1344 1751 Ι,
1387 1692 1470 1757 11,
1509 1690 1560 1742 6.

413 1764 508 1834 lv,
534 1766 691 1831 7,17.
716 1793 778 1802 -
801 1763 936 1833 iam]
975 1780 1133 1830 mox;
1171 1763 1252 1817 sic
1285 1762 1398 1815 iam
1433 1778 1561 1815 eum

413 1837 608 1891 futuro
633 1834 814 1889 Carm.
841 1834 914 1903 ΙΙ,
941 1838 994 1902 5,
1035 1837 1116 1888 10.
1147 1837 1229 1889 18.
1269 1834 1342 1901 11,
1391 1836 1472 1901 15,
1514 1836 1561 1887 l.

414 1908 487 1977 11,
524 1910 614 1975 20,
658 1908 740 1962 13.
774 1906 870 1974 IV,
909 1909 958 1973 6,
997 1910 1062 1959 41
1103 1906 1173 1961 de
1209 1922 1271 1959 re
1297 1922 1394 1959 suo
1421 1910 1561 1958 tem—

415 1997 551 2049 pore
589 1984 740 2033 certe
773 1946 969 2032 fut’ura
1014 1978 1248 2046 ideoque
1285 1975 1561 2031 confiden-

415 2058 504 2107 ter
548 2054 872 2120 exspectata
915 2049 1007 2104 vel
1054 2049 1441 2119 exspectanda.
1493 2076 1561 2087 —

1664 1687 1879 1759 ἐλαφρὰ
1938 1688 2072 1747 Foth
2074 1712 2187 1745 ara
2235 1696 2327 1747 καὶ
2372 1692 2622 1765 κεφαλὴν
2664 1690 2823 1765 ἀτρε-

1662 1766 1814 1832 μέως
1822 1766 2144 1835 προφέρωμ
2166 1764 2371 1835 Sapph.
2374 1764 2444 1820 fr.
2448 1767 2517 1819 69
2534 1764 2821 1821 ΒοΙιιιείἀι

1667 1839 2041 1919 ,,καῐθανοῖσα
2088 1836 2153 1889 δὲ
2200 1843 2407 1890 κείσεαι
2456 1833 2576 1889 οὐδ’
2616 1838 2693 1890 ἔτι
2748 1855 2829 1896 τις

1663 1902 1999 1993 μναμοσὺια
2062 1914 2234 1962 σέθεν
2276 1903 2498 1962 ”Eoost'
2566 1902 2825 1961 οὐδέποτ’

1666 1981 1741 2037 εἰς
1776 1974 2022 2047 ὕστερον·
2061 1976 2125 2031 οὐ
2160 1979 2267 2049 γὰρ
2294 1980 2563 2079 πεδέχεις
2598 1974 2830 2067 βρόδων

1671 2053 1825 2104 Τῶν
1870 2052 1933 2104 ἐκ
1978 2056 2219 2119 Πιερίας,
2278 2048 2393 2103 ἀλλ’
2454 2049 2681 2150 «mamis-
2725 2047 2829 2117 κῆν

413 2128 614 2193 premet
637 2121 770 2190 nox]
797 2122 884 2175 Ex
904 2121 1075 2175 verbo
1091 2119 1390 2190 premendi,
1411 2118 1563 2188 quod
1650 2116 2029 2187 Ἀίὸαδόμοι
2044 2141 2070 2181 ς
2106 2118 2399 2182 spontione
2426 2142 2465 2175 π
2480 2123 2579 2175 26³
2618 2142 2653 2175 α
2668 2142 2710 2193 μ
2726 2143 2828 2175 αυ-

415 2212 620 2265 genere
645 2210 744 2249 suo
767 2193 842 2247 ad
859 2197 1082 2247 noctem
1102 2192 1328 2261 quidem
1351 2208 1564 2247 aooom-

415 2266 708 2321 modatum
757 2270 856 2328 est,
905 2265 1074 2319 latius
1125 2263 1355 2333 aliquod
1397 2263 1564 2317 facile
1662 2280 1777 2333 qna
1814 2264 1955 2335 vim']
1998 2266 2062 2319 In
2100 2266 2371 2319 conviviis

416 2337 721 2403 invenitur,
777 2336 927 2405 quod
977 2336 1240 2391 Manibus
1287 2334 1565 2398 convenit,

417 2409 594 2464 veluti
649 2408 916 2462 habebunt
973 2436 1040 2447 -
1087 2406 1430 2475 fabulaeque]
1479 2410 1567 2459 est

417 2480 794 2536 nominativus
831 2479 1084 2547 pluralis,
1116 2483 1183 2533 ut
1215 2477 1565 2547 intellegitur

419 2570 488 2607 ex
505 2552 821 2605 imitatione
839 2550 899 2603 in
910 2550 1140 2605 Anthol.
1161 2550 1320 2604 latin.
1331 2549 1567 2617 (Meyer)

423 2625 588 2688 1704,
645 2624 707 2674 10
755 2620 1032 2689 „Fabulae
1077 2621 1270 2675 Manes
1319 2620 1416 2675 ubi
1465 2638 1567 2674 rex

419 2695 692 2751 coeroetf‘
731 2692 998 2760 cf.1V,·7,
1032 2694 1114 2747 16.
1151 2692 1301 2747 Pers.
1341 2694 1393 2760 5,
1439 2693 1564 2744 1523

419 2766 596 2836 ei„nis
617 2770 674 2820 et
690 2764 883 2819 Manes
921 2769 980 2819 et
1005 2764 1195 2818 sabula
1217 2763 1370 2819 fiesf‘
1407 2763 1567 2817 Iuve-

417 2838 532 2893 nal.
559 2836 674 2891 Sat.
699 2838 754 2904 2,
785 2837 908 2889 149ε
941 2834 1114 2904 „Esse
1138 2836 1354 2904 aliquos
1373 2834 1567 2889 Manes

419 2916 478 2965 et
523 2876 888 2963 subterssanea
943 2924 1144 2977 regna,
1196 2907 1462 2973 Cocytum
1510 2910 1569 2959 et

420 2982 602 3051 stygio
639 2996 806 3035 ranas
843 2979 902 3033 in
950 2979 1178 3049 gurgite
1221 2979 1430 3049 nigras,
1465 2979 1567 3031 At—

422 3070 530 3123 que
579 3068 692 3106 una
735 3051 978 3105 transire
1023 3050 1230 3105 vadum
1277 3055 1366 3104 tot
1411 3048 1571 3103 milia

423 3124 642 3186 cumba,
676 3123 792 3177 Nee
825 3122 987 3192 pueri
1024 3122 1278 3189 eredunt,
1323 3121 1434 3175 nisi
1473 3120 1571 3188 qui

422 3197 670 3251 nondum
699 3210 828 3249 aere
867 3194 1140 3249 lavantur.
1147 3194 1180 3223 ‘⁴
1205 3193 1410 3247 Keller.
1436 3191 1569 3259 Epi-

421 3268 531 3352 leg.
567 3285 622 3338 p.
661 3269 730 3319 26
777 3267 963 3321 ioeosa
999 3269 1057 3320 et
1104 3264 1276 3319 hilari
1324 3264 1573 3318 admoni-

421 3341 580 3395 tione
620 3338 856 3392 transiri
901 3337 1093 3391 docuit
1129 3336 1201 3391 ad
1245 3334 1416 3391 finem
1457 3352 1573 3389 non

421 3413 606 3465 minus
639 3410 886 3464 iocosum
911 3426 978 3463 ao
1001 3408 1263 3477 lepidum.
1290 3436 1361 3447 --
1387 3406 1575 3461 domus

427 3482 606 3550 exilis]
657 3486 742 3535 est
787 3497 962 3550 egena
1007 3485 1065 3534 et
1112 3479 1290 3549 inops,
1329 3480 1448 3533 sine
1485 3496 1573 3531 su·

425 3553 722 3635 pellectile,
761 3558 826 3606 ut
862 3552 1040 3620 Epist.
1083 3550 1127 3613 1,
1167 3556 1219 3610 6.
1255 3554 1342 3605 45.
1400 3549 1575 3617 Nihil,

423 3625 636 3693 inquit,
695 3623 776 3676 ibi
831 3624 1073 3692 reperies
1130 3640 1240 3693 quo
1301 3621 1575 3692 gaudeas:

423 3693 1577 3837 fflsffllsszffssssssse.3323532053

425 3840 640 3895 modus.
682 3866 746 3877 —
787 3836 974 3907 simul]
1027 3838 1060 3891 i.
1101 3856 1148 3891 e.
1187 3838 1355 3891 simul
1391 3853 1474 3903 ao,
1511 3839 1577 3888 ut

429 3912 614 3967 Carm.
640 3910 686 3975 Ι,
711 3912 760 3972 9,
787 3911 838 3963 9.
877 3910 920 3973 1,
973 3912 1054 3964 12.
1093 3910 1178 3962 27.
1216 3909 1287 3973 11,
1323 3910 1376 3975 8,
1417 3910 1466 3961 5.
1505 3906 1577 3969 11,

430 3946 1577 4051 16‚.„.„211143711117'.1’11,27‚

428 4054 738 4121 33.1V,7‚
782 4020 864 4107 10.
929 4054 1018 4107 Ad
1055 4052 1390 4107 sententiam
1431 4065 1577 4103 oom-

427 4144 568 4212 para
633 4124 942 4209 Theognid.
1025 4142 1078 4179 v.
1133 4124 1235 4178 997
1289 4120 1575 4190 (welokm)

427 4237 461 4267 ,‚
465 4194 660 4255 Οὐδεὶς
713 4188 1056 4278 ἀνθρώπων,
1115 4192 1183 4249 ὃν
1245 4192 1415 4263 πρῶτ’
1482 4191 1579 4244 ἐπὶ

427 4275 561 4351 γαῖα
597 4262 816 4339 καλύψῃ
858 4272 959 4325 Εἲς
1001 4266 1049 4319 τ’
1084 4262 1308 4334 Ἔρεβος
1353 4263 1579 4349 καταβῇ,

431 4336 661 4423 ‹fc-,pam
674 4332 1092 4425 Περσεφόνης,
1141 4340 1407 4425 Τέριζεται
1457 4328 1577 4387 οὔτε

430 4407 618 4494 λύρης
637 4404 747 4465 ουι’
800 4404 1090 4479 αὖλητῆρος
1161 4402 1378 4461 ἀκούων
1441 4398 1577 4461 Ome

433 4477 723 4539 Διωνύσου
773 4480 903 4550 δῶρ’
941 4474 1362 4567 {eufemianus-3
1413 4472 1572 4531 Ταῦτ’

432 4555 635 4625 ἒςορῶν
683 4552 877 4625 κραδίη
929 4544 988 4604 εὖ
1023 4557 1308 4622 πείσομαι,
1345 4543 1496 4620 ’ὄφρα
1531 4547 1577 4600 τ’

1666 2194 1801 2259 ρῶν
1834 2188 2083 2248 νεκύων
2122 2194 2401 2247 &sensuam
2452 2194 2599 2248 evaff‘
2642 2224 2709 2233 —
2744 2210 2827 2249 re-

2458 2265 2649 2319 omani
2691 2282 2831 2335 συμ-

1666 2341 1994 2419 noaloepyov,
2076 2354 2267 2407 regem
2336 2338 2427 2391 vel
2510 2337 2829 2407 prinoipem

1668 2392 1927 2467 convivii.
1954 2409 2290 2478 magistrum
2316 2408 2547 2462 bibendi
2574 2409 2829 2463 talorum

1667 2484 1817 2533 sorte
1864 2480 2163 2548 eligebant
2204 2480 2280 2533 of.
2320 2480 2500 2534 Carm.
2538 2480 2610 2544 11,
2648 2482 2702 2541 7,
2740 2482 2835 2533 25.

1670 2580 1735 2590 -
1794 2550 1953 2621 calet]
2000 2551 2071 2605 de
2132 2568 2323 2605 amore
2368 2569 2492 2605 cum
2549 2551 2829 2617 ablativ0,

1669 2622 1933 2690 quoniam
1994 2623 2143 2677 idem
2206 2629 2291 2677 est
2361 2621 2511 2693 quod
2582 2623 2830 2677 incendi.

1670 2694 1761 2747 sio
1809 2692 1989 2747 Carm.
2037 2694 2107 2761 11,
2154 2696 2205 2753 4.
2246 2696 2297 2747 7.
2374 2693 2475 2761 ΠΙ,
2512 2696 2567 2760 9,
2605 2694 2657 2747 6.
2734 2694 2834 2761 IV,

1672 2768 1756 2826 11.
1792 2767 1879 2819 33.
1938 2794 2005 2805 —
2064 2765 2337 2835 tepebunt]
2394 2765 2465 2819 de
2524 2765 2837 2835 incipiente

1669 2854 1877 2891 amore.
1914 2836 2100 2891 Seneo.
2140 2836 2320 2906 Epist.
2360 2838 2454 2890 92:
2496 2836 2833 2907 „Frigidum

1669 2908 1884 2975 aliquid
1944 2914 2002 2962 et
2046 2908 2288 2962 calidum
2336 2909 2624 2978 novimus;
2678 2909 2831 2963 inter

1670 2984 1971 3047 utrumque
2006 2979 2259 3049 tepidum
2296 2980 2433 3034 est.“
2487 2980 2717 3035 Lucret.
2761 2980 2835 3048 ΙΙ,

1672 3052 1800 3104 516;
1867 3051 2055 3117 „Finit
2108 3052 2256 3105 enim
2314 3052 2467 3105 ealor
2521 3069 2591 3105 ae
2646 3050 2835 3122 frigus

1670 3122 1953 3190 mediique
2012 3128 2233 3192 tepores
2304 3122 2462 3176 Inter
2524 3129 2837 3192 utrumque

1672 3194 1904 3247 iaeent.“
1932 3194 2142 3248 Colum.
2164 3197 2215 3259 8,
2238 3196 2296 3246 5:
2320 3194 2675 3261 „Curandum
2704 3196 2839 3263 erit,

1674 3270 1738 3319 ut
1772 3266 1916 3334 pulli
1946 3264 2136 3335 tepide
2172 3265 2507 3333 habeantur,
2559 3282 2693 3319 nam
2725 3284 2841 3321 noc

1674 3337 1914 3392 calorem
1952 3353 2055 3391 nec
2090 3336 2271 3407 frigus
2308 3337 2639 3392 sustinent.“
2704 3336 2837 3392 Non

1674 3409 1851 3478 igitur
1904 3407 2183 3478 significat
2228 3408 2573 3463 timidiorem
2622 3409 2835 3478 magis-

1677 3496 1783 3549 que
1818 3480 2194 3534 vereoundum
2242 3496 2490 3534 amorem
2526 3480 2839 3550 virginum.

2056 3590 2336 3646 Carmen
2375 3590 2445 3646 V.

1746 3688 1996 3743 Perfidus
2016 3688 2265 3755 Pyrrhae
2288 3704 2448 3742 amor
2472 3694 2844 3759 eomparatur

1677 3778 1801 3815 oum
1814 3760 2175 3814 fraudulento
2194 3760 2357 3824 mari,
2372 3760 2525 3828 quod
2540 3778 2666 3816 oum
2680 3766 2843 3816 tran-

1677 3832 1916 3901 quillum
1952 3831 2227 3897 videatur,
2276 3848 2369 3885 eos
2416 3833 2513 3900 qui
2560 3834 2621 3886 in
2666 3832 2845 3887 litore

1678 3908 1969 3959 versantur
1991 3903 2062 3956 ad
2083 3918 2141 3955 se
2161 3903 2318 3970 quasi
2336 3909 2502 3957 voeat
2527 3904 2843 3973 trahitque,

1675 3992 1805 4030 mox
1842 3992 1969 4029 cum
2003 3974 2193 4028 miseri
2226 3992 2283 4027 se
2320 3990 2531 4043 suaque
2556 3976 2679 4030 eius
2704 3975 2843 4031 fidei

1678 4046 2089 4112 commiserunt,
2134 4046 2300 4099 motis
2338 4044 2602 4101 fluetibus
2645 4065 2844 4104 omnes

1676 4117 1841 4172 avide
1864 4116 2143 4171 absorbet.
2180 4116 2249 4171 Se
2280 4117 2464 4185 ipsum
2488 4118 2707 4173 fatetur
2728 4120 2849 4175 Ho-

1678 4190 1857 4244 ratius
1890 4206 1955 4244 eo
1980 4187 2277 4257 naufragio
2298 4206 2477 4258 prope
2498 4192 2847 4246 exstinctum

1678 4278 1815 4329 esse,
1852 4278 2029 4329 neque
2066 4264 2273 4325 tamen,
2312 4266 2377 4313 ut
2412 4260 2523 4314 sibi
2560 4262 2717 4324 olim.
2758 4264 2845 4317 ita

1676 4334 1802 4387 aliis
1838 4330 2157 4402 navigando
2192 4298 2430 4385 salutem
2462 4338 2529 4386 ut
2562 4340 2849 4402 quaerant

1678 4404 2017 4475 contingere.
2056 4402 2275 4470 Pyrrha
2296 4420 2437 4471 quae
2468 4404 2648 4458 fuerit
2670 4422 2843 4475 quae-

1676 4492 1801 4529 rere
1835 4492 1949 4529 non
1986 4474 2167 4527 minus
2204 4490 2413 4529 vanum
2456 4480 2543 4530 est
2580 4494 2757 4547 quam
2796 4480 2847 4532 si

1678 4548 1805 4616 quis
1841 4563 2044 4600 annum
2086 4562 2195 4613 quo
2228 4546 2581 4613 potissimum
2610 4566 2849 4605 carmen
