3092 5059
335 268 395 303 vi
1275 239 1765 306 PRAEFATIO

337 429 433 501 sit
487 452 796 525 augere.
899 427 1158 521 Quare
1223 428 1302 501 in
1367 426 1685 503 edendis
1738 427 2049 503 Horatii
2121 428 2482 527 operibus
2554 454 2729 504 eum

337 552 531 628 mihi
583 554 1112 651 proponebam
1173 552 1774 643 adulescentem,
1830 552 1961 652 qui
2014 552 2113 629 ad
2168 553 2494 653 primam
2550 579 2733 629 suae

336 678 643 752 scholae
704 676 1026 754 classem
1097 679 1294 754 bene
1347 679 1683 753 munitus
1738 690 1813 754 et
1862 691 2173 777 paratus
2228 678 2726 776 pervenisset,

335 802 436 879 ad
493 802 808 902 eiusque
851 802 1464 900 intellegentiam
1531 814 1607 877 et
1658 802 2057 878 scientiam
2119 828 2426 879 omnem
2478 828 2730 877 meam

339 954 501 1004 rem
539 926 1122 1004 accommodare
1159 927 1589 1004 studebam.
1645 925 2137 1027 Aperiendus
2182 928 2254 1003 ei
2282 938 2465 1022 erat,
2498 951 2731 1025 quam

336 1050 412 1125 id
471 1051 802 1125 maxime
833 1050 999 1125 fieri
1037 1062 1312 1147 posset,
1367 1063 1643 1148 poetae
1698 1051 2020 1146 animus,
2060 1052 2189 1125 via
2230 1053 2735 1128 monstranda

340 1202 493 1276 qua
545 1174 643 1249 ad
689 1174 1235 1272 praestantiam
1300 1198 1563 1249 rerum
1616 1200 1706 1249 ac
1758 1186 2349 1276 praeceptorum
2396 1177 2729 1253 formae-

343 1327 491 1403 que
533 1300 1020 1377 artiflciosam
1061 1312 1534 1375 venustatem
1574 1298 2179 1397 intellegendam
2210 1314 2289 1377 et
2322 1300 2733 1377 aestiman-

337 1427 514 1503 dam
585 1426 870 1502 sensim
935 1423 1488 1524 perveniretur,
1570 1425 1767 1499 ratio
1842 1424 2177 1524 denique
2256 1424 2733 1502 ostendenda

337 1578 492 1652 qua
543 1576 720 1626 cum
771 1576 908 1626 sua
953 1560 1202 1625 aetate
1231 1549 1540 1647 suisque
1574 1549 2027 1647 aequalibus
2067 1562 2299 1651 poeta
2326 1550 2515 1627 olim
2551 1574 2731 1626 con·-

333 1678 803 1772 iungeretur,
860 1698 958 1749 ne
1009 1716 1108 1729 —·
1157 1672 1242 1749 id
1310 1673 1524 1772 quod
1594 1698 1733 1772 spe
1800 1674 2104 1772 saepius
2164 1688 2427 1751 nostra
2478 1688 2729 1752 aetate

334 1802 624 1877 factum
675 1812 792 1875 est
831 1844 934 1853 ——
982 1823 1310 1896 pravum
1353 1798 1719 1875 iudicium
1770 1798 1896 1875 vel
1948 1800 2047 1875 de
2092 1800 2560 1877 carminibus
2606 1800 2731 1877 vel

335 1928 434 2003 de
475 1928 732 2002 animo
787 1925 1287 2023 moribusque
1313 1924 1620 2000 Horatii
1666 1923 2269 2001 confirmaretur.
2322 1925 2498 2019 Quo
2550 1952 2729 2002 con-

337 2052 510 2127 silio
567 2052 804 2125 vitam
854 2062 1130 2150 poetae
1180 2050 1543 2148 praemisi
1592 2074 1683 2124 ex
1717 2052 2097 2149 poematis
2144 2050 2331 2147 ipsis
2382 2050 2731 2127 haustam

343 2202 597 2275 neque
647 2176 1020 2251 maiorem
1087 2200 1324 2274 quam
1395 2199 1594 2274 quae
1666 2173 1896 2249 facile
1962 2175 2062 2251 ab
2112 2174 2731 2252 adulescentibus

338 2301 724 2396 legeretur
807 2312 882 2375 et
939 2299 1050 2375 ita
1111 2299 1613 2395 moderatam,
1682 2312 1769 2375 ut
1837 2324 2039 2398 quae
2102 2312 2311 2376 certa
2360 2314 2613 2377 essent
2655 2314 2733 2377 et

333 2426 556 2501 firma
607 2427 706 2501 ab
759 2425 851 2499 iis
903 2438 1505 2520 secernerentur,
1584 2451 1784 2525 quae
1850 2426 2012 2499 veri
2084 2426 2396 2524 quidem
2448 2427 2731 2503 similia

335 2550 598 2625 multis
651 2550 1120 2645 viderentur,
1157 2575 1549 2648 nunquam
1594 2562 1851 2627 tamen
1902 2550 2204 2647 penitus
2248 2564 2563 2648 possent
2598 2578 2765 2628 ex-·

337 2674 651 2774 plorari.
696 2674 789 2749 In
844 2674 1390 2750 constituendis
1431 2688 1707 2773 poetae
1750 2674 2009 2750 verbis
2042 2700 2211 2751 eam
2244 2674 2435 2750 mihi
2469 2676 2729 2771 legem

334 2824 499 2877 esse
549 2798 783 2893 volui,
835 2810 918 2873 ut
951 2798 1659 2897 antiquissimorum
1712 2814 1789 2875 et
1834 2800 2305 2898 optimorum
2349 2799 2726 2895 codicum,

332 2924 711 3022 imprimis
763 2923 1389 3023 Cruquianorum
1443 2937 1520 3001 et
1560 2924 2156 3022 Orellianorum‚
2194 2925 2729 3010 auctoritatem

333 3075 695 3149 sequerer
763 3075 1016 3149 neque
1083 3063 1262 3127 ante
1328 3051 1660 3127 aliorum
1708 3063 1784 3127 et
1834 3049 2305 3126 deteriorum
2359 3048 2727 3127 lectiones

333 3175 757 3273 reciperem
812 3200 1046 3273 quam
1083 3174 1201 3251 illi
1245 3188 1512 3275 aperte
1549 3175 1750 3251 falsa
1801 3177 2283 3275 praeberent,
2342 3176 2728 3251 coniectu-

329 3301 435 3376 ris
488 3298 1106 3399 emendandique
1157 3300 1544 3399 periculis,
1596 3325 1793 3400 quae
1834 3301 1915 3375 in
1946 3280 2365 3375 Horatium
2417 3312 2492 3376 et
2542 3300 2731 3377 olim

331 3428 684 3501 fecerunt
751 3439 830 3500 et
889 3450 1096 3501 nunc
1159 3425 1458 3501 faciunt
1506 3427 1813 3521 iniuria,
1869 3450 2185 3521 prorsus
2236 3426 2727 3503 abstinerem.

331 3552 642 3626 Praeter
690 3550 862 3648 ipsa
908 3551 1152 3626 verba
1201 3576 1485 3647 magna
1535 3552 1767 3627 etiam
1830 3578 2013 3627 cura
2066 3550 2513 3629 adhibenda
2563 3562 2730 3627 erat

331 3674 430 3749 de
469 3675 724 3749 verbis
761 3676 1312 3774 sententiisque
1351 3678 1559 3753 inter
1608 3701 1689 3752 se
1726 3676 2287 3775 coniungendis
2331 3676 2735 3775 interpun0'

331 3800 803 3899 gendisque;
857 3801 934 3875 in
996 3826 1153 3899 qua
1203 3826 1286 3877 re
1336 3802 1544 3877 haud
1612 3802 1771 3879 scio
1822 3828 1923 3877 an
1976 3802 2163 3902 quid
2214 3802 2436 3900 peius
2486 3799 2731 3899 possit

330 3924 624 3999 institui
687 3949 920 4023 quam
977 3926 1042 4000 si
1095 3926 1268 4025 quis
1319 3926 1615 4024 patriae
1652 3926 1965 4025 linguae
2006 3940 2357 4003 naturam
2402 3950 2729 4024 sequens

329 4062 926 4148 nostrorumque
983 4052 1659 4149 grammaticorum
1726 4052 2008 4129 severis
2070 4050 2377 4149 legibus
2434 4050 2729 4126 obtem-

329 4201 608 4273 perans
661 4175 1148 4253 cohaerentia
1197 4178 1546 4253 membra
1593 4176 1811 4255 latini
1862 4178 2235 4255 sermonis
2286 4174 2518 4254 foede
2572 4174 2725 4249 dis-

331 4326 614 4399 secare,
651 4300 938 4378 alienas
984 4315 1240 4401 partes
1273 4302 1650 4381 violenter
1685 4305 2153 4402 coniungere
2203 4327 2361 4377 non
2406 4300 2726 4375 dubitet.

331 4424 568 4503 Cuius
601 4426 916 4525 quidem
953 4427 1070 4503 rei
1105 4427 1351 4505 tristia
1397 4428 1755 4529 exempla
1794 4427 1979 4505 olim
2024 4426 2305 4525 collegi
2352 4426 2436 4501 in
2472 4424 2725 4517 Quae-

330 4550 704 4629 stionibus
741 4552 928 4629 meis
959 4552 1403 4629 Horatianis
1441 4576 1516 4653 p.
1550 4555 1965 4629 115-119.
2022 4551 2507 4627 Adiuvamur
2542 4575 2721 4627 cum
