3092 5059
1027 239 1142 308 DE
1185 241 1414 310 ARTE
1459 243 1857 314 POETIOA.

2426 313 2429 316 ,
2523 245 2645 312 627

347 419 506 498 Aut
557 423 846 502 famam
901 453 1225 529 sequere
1275 445 1408 509 aut
1451 433 1603 510 sibi
1655 432 2188 510 convenientia
2237 431 2472 530 finge.

245 581 320 622 120
347 545 697 649 Scriptor
747 550 1206 630 honoratum
1261 557 1328 630 si
1381 557 1583 633 forte
1633 559 1943 654 reponis
1991 556 2408 674 Achillem,

343 670 715 772 Impiger,
771 675 1207 777 iracundae,
1261 681 1782 780 inexorabilia,
1834 707 2013 760 acer

347 795 530 872 Iura
584 815 812 898 neget
865 805 1016 880 sibi
1069 819 1270 904 nata,
1322 806 1514 882 nihil
1566 834 1723 882 non
1775 822 2083 905 arroget
2139 809 2395 885 armis.

347 919 462 996 Sit
509 924 788 1001 Medea
827 927 1054 1002 ferox
1097 928 1559 1027 invictaque,
1611 929 1890 1006 flebilis
1941 929 2107 1026 Ine,

346 1045 690 1142 Perfidus
749 1050 1001 1150 Ixion,
1057 1051 1146 1127 Io
1197 1079 1414 1152 vaga,
1469 1055 1709 1156 tristis
1750 1053 2085 1130 Orestes.

241 1205 319 1246 ηε
345 1169 426 1248 Si
482 1177 670 1272 quid
720 1178 1206 1279 inexpertum
1261 1205 1585 1256 scaenae
1632 1178 2043 1254 committis
2090 1189 2165 1253 et
2216 1177 2452 1276 audes

348 1297 764 1376 Personam
819 1302 1156 1380 formare
1205 1330 1508 1401 novam,
1566 1315 1912 1379 servetur
1964 1302 2065 1378 ad
2117 1304 2357 1380 imum

347 1423 614 1516 Qualis
666 1426 764 1501 ab
819 1427 1126 1526 incepto
1177 1429 1644 1527 processerit
1694 1443 1769 1506 et
1819 1427 1969 1503 sibi
2012 1441 2328 1503 constet.

346 1549 686 1626 Difficile
741 1563 854 1626 est
890 1552 1208 1652 proprie
1260 1553 1699 1629 communia
1752 1551 2049 1649 dicere;
2102 1565 2341 1654 tuque

355 1677 664 1753 Rectius
717 1676 1044 1753 Iliacum
1097 1703 1407 1753 carmen
1463 1676 1777 1753 deducis
1830 1677 1910 1752 in
1963 1691 2197 1775 actus,

253 1838 326 1878 1:⁵0
351 1802 603 1896 Quam
657 1803 724 1878 si
772 1803 1162 1904 proferres
1215 1803 1486 1902 ignota
1533 1803 1977 1902 indictaque
2028 1805 2348 1901 primus.

347 1926 672 2002 Publica
719 1929 1078 2004 materies
1131 1928 1418 2028 privati
1466 1927 1651 2003 iuris
1704 1929 1869 2025 erit,
1916 1930 1983 2004 si

344 2050 517 2127 Non
569 2051 776 2128 circa
827 2052 1056 2128 vilem
1112 2053 1618 2152 patulumque
1672 2055 2101 2131 moraberis
2151 2055 2446 2152 orbem,

346 2175 507 2252 Nec
561 2177 798 2254 verbo
849 2178 1177 2254 verbum
1229 2178 1533 2254 curabis
1584 2177 1915 2255 reddere
1964 2178 2163 2255 fidus

243 2447 369 2485 rum
419 2431 608 2486 hostes
651 2429 881 2485 fuerunt
923 2429 1144 2500 Argivi.
1194 2457 1260 2468 —
1305 2428 1393 2497 fa-

245 2519 388 2557 mam
457 2501 696 2572 sequere]
766 2501 960 2573 μῦθον
1016 2501 1088 2555 ab
1147 2500 1392 2570 antiquis

239 2574 517 2629 traditum
565 2590 746 2641 neque
793 2573 1140 2628 mutabilem.
1193 2601 1260 2612 --
1309 2589 1392 2628 re·

234 2645 420 2715 ponis]
461 2645 530 2699 cf.
571 2664 625 2700 v.
665 2646 784 2700 190.
823 2675 890 2686 -
925 2644 1265 2713 honoratum]
1303 2643 1395 2700 Sic

243 2717 402 2772 codd.
441 2721 500 2771 et
536 2715 745 2783 Schol.;
783 2732 925 2785 quae
961 2716 1129 2770 lectio
1169 2716 1216 2769 si
1257 2733 1392 2771 sana

238 2793 342 2856 est,
417 2805 544 2844 cum
605 2787 832 2842 Rittero
891 2787 1110 2842 videbis
1183 2789 1394 2856 optime

240 2861 524 2916 Achillem
583 2860 731 2914 Iovis
785 2859 1017 2914 consilio
1063 2863 1122 2913 et
1177 2859 1390 2914 auxilio

237 2931 298 2986 in
356 2931 660 3001 pristinum
721 2930 988 2985 honorem
1045 2931 1390 2996 restitutum,

241 2999 344 3058 τὸν
393 3008 698 3073 τιμηθέντα
747 2999 1016 3072 Λχιλλέα,
1068 3019 1182 3056 non
1234 3003 1392 3068 fama

243 3075 600 3143 honoratum,
637 3092 748 3142 qua
783 3074 948 3129 laude
985 3075 1164 3158 magis
1201 3091 1391 3144 super·

236 3163 539 3202 vacaneum
593 3147 654 3200 in
695 3145 918 3199 Achille
969 3146 1064 3198 vix
1119 3146 1392 3200 invenias.

237 3217 457 3272 Blande.
509 3223 699 3272 tamen
754 3223 839 3271 est
893 3216 1138 3271 Bentleii
1195 3217 1390 3272 Home·

234 3305 402 3356 reum,
454 3289 513 3342 in
564 3306 676 3358 quo
715 3289 860 3343 nihil
907 3292 992 3342 est
1027 3289 1391 3358 tautologiae,

239 3377 386 3429 quae
421 3359 658 3416 offendit
689 3360 1003 3427 Kellerum3
1041 3361 1272 3429 propius
1307 3364 1390 3414 te·

237 3449 368 3486 men
421 3433 582 3486 abest
637 3450 672 3487 a
729 3431 1012 3486 codicibus
1065 3431 1392 3486 Buecheler-i

238 3503 384 3558 coni.
432 3504 838 3570 Homer-icem,
886 3518 1054 3571 quam
1089 3502 1390 3557 Muellerus

239 3575 470 3645 recepit.
509 3575 591 3629 ef.
615 3574 776 3629 Hom.
804 3573 869 3629 11.
892 3573 936 3634 1,
965 3575 1086 3628 510.
1123 3574 1196 3640 11,
1221 3577 1272 3628 3.
1293 3573 1392 3642 IX,

237 3647 361 3700 636.
433 3646 748 3702 Bentleium
793 3647 968 3701 secuti
1015 3653 1145 3700 sunt
1181 3645 1388 3716 Haupt.

239 3717 742 3773 Meinek.Linke1-.
781 3716 1388 3772 Lehrs.Weissen.fels.

236 3790 277 3844 1.
313 3790 352 3844 l.
387 3807 442 3859 p.
483 3793 604 3844 155.
657 3790 1005 3874 Peerlkamp.
1047 3789 1392 3859 excogitavit

237 3860 618 3916 sochor-natum
663 3862 700 3916 i.
748 3879 794 3917 e.
841 3862 1138 3932 tragicum.
1222 3861 1390 3930 Apud

237 3931 626 3987 Ecksteinium
670 3933 1008 3988 honoratum.
1089 3931 1244 3986 Dicit
1278 3931 1390 3986 Ho-

233 4004 436 4072 ratius,
467 4005 746 4059 Achillem
795 4005 844 4058 si
887 4004 1038 4059 forte
1081 4003 1288 4058 iterum
1333 4004 1392 4056 in

238 4077 486 4130 carmine
551 4076 722 4130 etiam
781 4077 1000 4146 tragico
1057 4079 1391 4145 reponatur,

237 4147 670 4202 describendum
691 4163 812 4202 esse
837 4148 937 4216 ita,
975 4152 1040 4201 ut
1073 4147 1392 4216 reperiatur

238 4237 275 4273 a
315 4219 392 4273 ud
441 4218 764 4285 Homerum,
809 4218 1052 4288 impiger
1097 4223 1200 4272 etc.
1278 4217 1388 4274 cfr.

295 4307 404 4346 om.
441 4290 508 4344 11.
543 4289 588 4358 Ι,
632 4290 750 4344 165.
795 4289 895 4357 IX,
931 4291 1054 4344 625.
1105 4289 1232 4350 xx.
1267 4292 1392 4344 467.

235 4362 282 4422 1.
319 4363 444 4416 287.
483 4390 552 4404 —
589 4360 722 4430 Ino]
755 4377 898 4415 uxor
939 4360 1298 4415 Athamantis
1333 4365 1394 4415 et

237 4439 422 4488 mater
457 4433 696 4488 Learchi
731 4437 790 4487 et
826 4431 1165 4487 Melicertes.
1214 4432 1390 4488 Atha-

201 4537 208 4546 ·
239 4521 360 4560 mas
415 4507 502 4560 ira
555 4505 788 4559 deorum
835 4503 896 4558 in
935 4502 1184 4558 furorem
1234 4507 1392 4558 ectus

237 4576 406 4632 uxori
441 4577 680 4632 alterum
716 4575 894 4630 filiurn
941 4575 1152 4644 eripuit
1185 4575 1389 4630 discer-

1490 2427 1741 2498 psitque:
1800 2432 1919 2483 tum
1982 2429 2085 2484 Ino
2148 2447 2276 2484 cum
2340 2430 2519 2484 altero
2587 2429 2648 2485 in

1491 2517 1649 2555 mare
1695 2517 1753 2554 se
1798 2501 2211 2570 praecipitavit.
2300 2499 2463 2556 Ovid.
2510 2501 2644 2558 Met.

1489 2571 1587 2640 IV,
1645 2573 1751 2626 416
1798 2589 1918 2641 sqq.
1973 2601 2042 2612 ——-
2097 2571 2292 2659 hicn]
2349 2571 2529 2628 Schol.
2586 2574 2647 2628 in

1487 2643 1757 2712 Apollon.
1803 2645 1903 2712 111,
1956 2645 2049 2699 62:
2138 2683 2165 2713 „
2168 2641 2338 2704 Ῑξίων
2388 2640 2649 2716 γαμήσας

1488 2719 1635 2768 Δῖαν
1678 2713 1777 2780 τὴν
1822 2713 2081 2775 Ἠὶονέως
2135 2721 2417 2803 θυγατέρα
2470 2717 2647 2770 πολλὰ

1488 2782 1763 2856 ὑπέσχετο
1793 2782 1996 2841 δώσειν
2032 2786 2183 2842 ἕδνα.
2254 2784 2546 2848 Ἐλθόντος
2580 2789 2644 2842 δὲ

1487 2858 1583 2912 ἐπὶ
1616 2859 1781 2910 ταῦτα
1812 2855 2072 2942 ᾘὶονέως
2106 2863 2375 2945 βέρεθρον
2410 2855 2647 2927 ποιήσας

1485 2933 1579 2982 καὶ
1605 2925 1963 3014 πυρακτώσας
1989 2925 2239 2994 σκεπάζει
2272 2927 2403 2984 αὐτὸ
2431 2934 2648 2992 λεπτοῖς

1485 2996 1658 3062 ξύλοις
1706 3005 1798 3054 καὶ
1844 2997 1989 3054 κόνει
2040 3003 2237 3075 λεπτῇ·
2276 3003 2545 3074 ἐκπεσών
2580 3004 2645 3058 δὲ

1485 3071 1516 3126 ὁ
1567 3070 1809 3132 'H'tovwc
1859 3067 2179 3126 ἀπόλλυται·
2235 3055 2411 3127 λύσσα
2463 3075 2527 3128 δὲ
2569 3077 2646 3145 τῷ

1483 3140 1667 3203 Ἰξίονι
1721 3146 1953 3198 ἐνέπεσε
2016 3141 2109 3196 διὰ
2163 3144 2353 3199 rof-rof
2429 3175 2497 3186 —-
2552 3147 2619 3202 Ῑο

1487 3213 1649 3269 Ovid.
1699 3215 1833 3270 Met.
1880 3215 1931 3277 1,
1980 3217 2089 3270 588
2120 3233 2241 3286 sqq.
2304 3246 2367 3255 —
2434 3217 2619 3272 tristis

1487 3287 1652 3340 furiis
1688 3287 1951 3358 agitatus.
1991 3285 2202 3358 Vergil.
2224 3290 2364 3342 Aen.
2391 3287 2492 3358 111,
2518 3291 2641 3344 331.

1488 3359 2225 3499 {znfflf'ssmffl'fflf'l
2254 3329 2641 3501 ῗὲἕέῗι.ἷ“ἓι“ἒ

1485 3503 1665 3556 ratius
1692 3505 2023 3573 argumenta
2048 3502 2386 3569 fabularum,
2414 3521 2448 3557 a
2484 3503 2641 3558 nullo

1486 3573 1673 3628 adhuc
1720 3577 1986 3641 tractata,
2033 3579 2089 3628 et
2133 3575 2235 3641 ita,
2282 3591 2425 3642 quae
2462 3575 2641 3629 cuivis

1487 3646 1743 3714 exposita
1792 3649 1922 3700 sunt
1960 3650 2018 3700 et
2053 3646 2113 3699 in
2148 3644 2335 3700 medio
2374 3646 2642 3715 quodam

1485 3717 1653 3771 modo
1705 3719 1910 3787 posita,
1956 3717 2117 3786 quasi
2160 3733 2339 3771 vacua
2386 3721 2445 3771 et
2481 3735 2514 3771 a
2548 3735 2641 3772 ne-

1486 3789 1637 3842 mine
1682 3794 1969 3858 occupata.
2042 3787 2204 3843 Talia
2252 3787 2431 3858 igitur
2476 3807 2641 3860 argu·

1487 3867 1679 3915 ments.
1726 3859 1959 3914 difficile
2004 3864 2089 3914 est
2132 3858 2217 3914 its.
2264 3864 2528 3924 tractare,
2576 3866 2642 3915 ut

1487 3932 1717 4001 proprie
1756 3939 1855 3986 tua
1896 3931 2021 3986 iure
2053 3929 2165 3986 dici
2202 3932 2472 4001 possintf‘
2548 3931 2641 3988 Sic

1487 4003 1659 4057 etiam
1694 4003 2015 4058 Doederlin.
2057 4031 2119 4042 -
2160 4002 2345 4127 tuque?
2394 4003 2639 4058 Doeder-

1487 4074 1585 4128 lin.
1632 4080 1844 4142 censet,
1890 4073 2149 4128 Pisonem
2206 4073 2319 4128 adu
2342 4079 2641 4141 escentem,

1487 4146 1579 4200 cui
1618 4146 1679 4199 in
1714 4147 1901 4200 animo
1953 4147 2141 4214 fuerit,
2178 4145 2371 4200 iliadis
2419 4151 2641 4216 partem

1487 4217 1707 4288 tragico
1754 4218 2001 4273 carmine
2036 4222 2301 4284 tractare,
2340 4217 2639 4288 adpellari3

1487 4290 1765 4344 consentit
1800 4289 2160 4344 Weissenfels
2195 4289 2516 4358 p.157.—
2554 4289 2640 4345 de-

1487 4359 1667 4432 ducis]
1714 4361 1865 4415 Male
1913 4361 2013 4414 alii
2060 4359 2292 4415 diducis.
2380 4359 2523 4416 Vide
2567 4361 2640 4416 ad

1486 4433 1603 4486 Sat.
1653 4433 1725 4501 11,
1780 4435 1829 4501 1,
1877 4435 1928 4486 4.
1982 4461 2047 4472 —-
2097 4431 2318 4500 publica
2366 4431 2639 4504 materies]

1487 4503 1633 4560 Cave
1670 4504 1815 4558 hanc
1851 4521 1979 4558 cum
2006 4503 2367 4558 Doederlinio
2407 4504 2638 4558 confun-

1485 4574 1585 4630 das
1621 4593 1747 4631 cum
1797 4576 2168 4632 communibus
2203 4593 2255 4630 v.
2296 4577 2427 4648 1283
2468 4577 2638 4634 immo
