3092 5059
429 221 554 286 384

443 439 496 479 eo
531 403 660 482 Sic
711 403 1022 480 mutilus
1071 405 1441 481 miniteris
1457 401 1542 481 ⁴?“

1369 218 1881 287 SATIRARUM

1646 407 1753 480 At
1803 405 1921 481 illi
1966 403 2201 480 foeda
2252 405 2563 479 cicatrix

530 529 928 606 Saetosam
978 529 1182 605 laevi
1233 531 1565 608 frontem
1620 545 2065 632 turpaverat
2112 531 2287 606 oris.

533 653 1014 750 Campanum
1055 656 1136 729 in
1189 655 1568 753 morbum,
1624 657 1703 740 in
1757 658 2033 733 faciem
2080 655 2469 754 permulta
2518 655 2849 749 iocatus,

532 781 928 856 Pastorem
980 779 1294 856 saltaret
1340 782 1455 856 uti
1510 781 1853 881 Cyclopa
1904 783 2270 880 rogabat:

530 904 660 980 Nil
715 904 836 980 illi
885 905 1106 982 larva
1157 920 1293 983 aut
1344 907 1656 1006 tragicis
1712 932 1905 1007 opus
1958 933 2121 984 esse
2177 906 2593 982 cothurnis.

439 1061 492 1102 ω
529 1029 778 1106 Multa
837 1031 1176 1110 Cicirrus
1229 1032 1329 1108 ad
1380 1032 1603 1108 haec:

1654 1033 2031 1108 Donasset
2080 1033 2336 1107 iamne
2390 1043 2743 1107 catenam

529 1155 643 1228 Ex
694 1169 876 1232 voto
928 1155 1279 1254 Laribus,
1337 1159 1785 1256 quaerebat,
1844 1158 2098 1234 scriba
2149 1156 2357 1256 quod
2412 1167 2633 1250 esset,

531 1279 712 1358 Nilo
765 1280 1100 1357 deterius
1154 1281 1515 1359 dominae
1568 1284 1683 1359 ius
1738 1307 1937 1377 esse3
1992 1280 2317 1380 rogabat

531 1405 906 1504 Denique,
962 1431 1098 1480 cur
1147 1431 1490 1506 unquam
1541 1407 1889 1506 fugisset,
1946 1408 2072 1482 cui
2124 1409 2306 1482 satis
2358 1432 2514 1481 una

531 1529 792 1604 Farris
837 1530 1042 1605 libra
1088 1532 1317 1628 foret,
1364 1532 1641 1629 gracili
1690 1533 1799 1608 sic
1841 1545 2153 1631 tamque
2204 1530 2511 1632 pusillo.

450 1685 502 1726 το
537 1654 860 1730 Prorsus
912 1655 1250 1733 iucunde
1303 1683 1573 1734 cenam
1623 1657 2119 1758 producimus
2172 1657 2415 1733 illam.

537 1778 955 1856 Tendimus
995 1781 1176 1858 hinc
1209 1797 1418 1859 recta
1453 1783 2001 1876 Beneventum,
2048 1784 2184 1858 ubi
2220 1781 2531 1858 sedulus
2557 1781 2848 1884 hospes

534 1904 789 1980 Paene
843 1931 1144 1982 macros
1195 1908 1382 1984 arsit
1431 1907 1614 1984 dum
1668 1906 1936 1984 turdos
1993 1920 2245 1983 versat
2293 1906 2372 1981 in
2425 1905 2627 2006 igni:

533 2029 731 2107 Nam
785 2055 985 2130 vaga
1034 2059 1177 2131 per
1224 2046 1565 2109 veterem
1620 2032 1920 2130 dilapso
1972 2033 2285 2108 flamma
2338 2030 2677 2106 culinam

536 2157 878 2233 Volcano
933 2184 1311 2233 summum
1365 2159 1838 2256 properabat
1886 2158 2231 2234 lambere
2281 2169 2590 2232 tectum.

453 2317 502 2358 τε
537 2281 922 2360 Convivas
976 2282 1247 2358 avidos
1302 2308 1570 2358 cenam
1617 2307 2029 2382 servosque
2080 2281 2436 2356 timentes

421 2495 712 2564 ‘fluctuant
735 2495 886 2549 inter
911 2495 1187 2550 miniteris
1209 2499 1269 2550 et
1284 2495 1584 2550 animaris.

435 2567 725 2622 Sententia
759 2571 948 2621 autem
993 2583 1216 2621 causam
1261 2567 1449 2634 habet,
1487 2583 1587 2621 cur

435 2637 759 2693 Sarmentus
827 2638 1208 2693 adversarium
1275 2638 1586 2692 terribilem

435 2709 558 2765 fore
612 2709 788 2772 dicat,
845 2709 956 2764 nisi
1015 2727 1188 2764 cornu
1243 2716 1388 2764 esset
1435 2726 1587 2764 exse·

435 2786 605 2836 otum.
662 2781 1039 2836 Indicativum
1076 2787 1408 2851 receperunt
1443 2781 1589 2835 Mul-

435 2852 536 2907 ler.
602 2857 662 2908 et
715 2852 952 2922 Keller.3
1015 2853 1272 2924 Kragos,
1327 2853 1588 2916 Fritsoh„

435 2923 719 2979 Eckstein.
766 2925 1184 2980 coniunctivum
1228 2931 1378 2980 recte
1429 2941 1615 2994 prae-·

437 2998 710 3051 tulerunt.
749 3025 817 3036 -·-
853 2996 954 3067 At]
993 3000 1073 3051 At
1108 3015 1180 3052 ne
1217 3013 1452 3066 quaeras
1489 3014 1591 3051 cur

437 3069 678 3122 alterum
740 3068 824 3123 ita
887 3069 1299 3138 comparaverit
1357 3071 1462 3122 cet.
1523 3093 1589 3106 -·

437 3137 796 3209 Campanum]
837 3139 994 3208 „Hoc
1037 3141 1186 3196 enim
1228 3140 1388 3209 quasi
1424 3158 1457 3193 a
1493 3157 1589 3193 na·

435 3216 568 3266 tura
601 3210 895 3280 Campanis
932 3211 1052 3267 fere
1091 3212 1348 3266 omnibus
1387 3215 1491 3281 est,
1525 3215 1591 3264 ut

439 3283 638 3352 capitis
672 3283 1018 3352 temporibus
1049 3300 1289 3354 magnae
1323 3299 1593 3338 verrucae

436 3355 800 3410 innascantur
867 3355 926 3408 in
984 3356 1214 3410 modum
1267 3354 1589 3410 cornuum.“

437 3425 743 3481 Comment.
767 3426 930 3495 Cruq.
952 3455 1002 3464 -
1029 3426 1260 3496 iocatus]
1283 3427 1395 3480 Cic.
1415 3427 1486 3482 de
1509 3443 1590 3480 or.

437 3497 510 3567 ΙΙ,
550 3499 638 3567 59,
675 3499 805 3552 239:
863 3498 1006 3566 „Est
1049 3499 1217 3554 etiam
1267 3497 1592 3553 deformita-

435 3570 510 3624 tis
549 3573 609 3624 et
645 3571 895 3639 corporis
942 3570 1211 3624 vitiorum
1261 3571 1396 3624 satis
1443 3569 1595 3625 bella

437 3642 700 3696 materies
738 3641 811 3696 ad
845 3643 1194 3697 iocandum.“
1235 3671 1303 3682 —
1339 3640 1594 3712 Cyclopa]

437 3713 620 3783 Epist.
661 3712 734 3782 11,
771 3715 822 3778 2,
866 3715 987 3767 125.
1066 3713 1283 3768 Saltare
1331 3730 1459 3767 cum
1505 3729 1593 3768 ac-

438 3802 550 3841 cus.
589 3790 655 3840 ut
692 3785 886 3840 ludere
923 3803 1048 3840 cum
1085 3802 1198 3840 acc.
1225 3789 1312 3839 est
1335 3783 1593 3840 saltando
1678 3801 1723 3855 p

438 3857 780 3926 exprimere3
818 3855 958 3912 Vell.
993 3857 1116 3912 Pat.
1155 3856 1226 3924 11,
1255 3857 1350 3910 73:
1391 3856 1593 3924 „Glau-

437 3945 565 3983 cum
590 3928 850 3997 saltare“‚
889 3929 1060 3983 etiam
1091 3929 1314 3998 passive
1339 3932 1404 3982 ut
1428 3927 1593 3982 ovid.

439 3999 612 4056 Trist.
637 4001 710 4068 11,
736 4001 870 4054 619:
911 4001 1025 4069 „Et
1059 4016 1182 4054 mea
1219 4005 1350 4054 sunt
1385 3998 1594 4069 populo

439 4072 646 4127 saltata
713 4078 976 4142 poemata
1051 4072 1267 4140 saepe.“
1383 4074 1593 4125 Auson.

436 4143 636 4215 Epigr.
671 4144 761 4214 84,
800 4145 862 4197 22
925 4143 1182 4214 „bisti-io,
1231 4143 1462 4198 saltavit
1495 4143 1595 4210 qui

345 4281 352 4288 .
441 4215 716 4286 Capanea,
771 4216 904 4271 ruit.
993 4214 1168 4284 Idem,
1223 4215 1320 4286 qui
1375 4214 1597 4268 Nioben

439 4289 688 4356 saltavit,
711 4305 908 4343 saxeus
933 4286 1073 4342 oet.“
1113 4287 1190 4340 id.
1207 4287 1403 4370 Epigr.
1421 4287 1590 4370 3531:

441 4358 750 4444 „Daphnen
787 4365 842 4415 et
881 4358 1101 4415 Nioben
1137 4359 1362 4413 saltavit
1397 4374 1591 4412 sumus

439 4429 953 4558 ffifflffitbffiinffa
971 4429 1593 4573 ‘ffufflufflffiigffl

439 4577 634 4642 patum
671 4575 905 4629 verbum
953 4591 1066 4630 non
1109 4574 1348 4629 videtur.
1395 4603 1460 4614 -
1502 4589 1592 4628 ca-

1677 2494 1877 2564 tenam]
1915 2494 2172 2566 Fugitivi
2222 2499 2281 2550 et
2314 2495 2537 2550 ostiarii
2594 2494 2845 2564 plerum·

1680 2584 1790 2636 que
1852 2567 2097 2622 catenati
2164 2571 2355 2636 erant;
2428 2566 2525 2621 sed
2580 2566 2713 2621 vide
2775 2568 2845 2622 ad

1679 2656 1734 2692 v.
1774 2639 1860 2692 55.
1914 2667 1983 2679 —-
2036 2638 2179 2707 nilo]
2213 2639 2443 2694 Lachm.
2492 2638 2562 2693 ad
2612 2638 2847 2694 Lucret.

1680 2727 1734 2780 p.
1773 2713 1869 2765 28:
1913 2709 2120 2779 „nihilo
2154 2711 2338 2766 tribus
2382 2710 2613 2779 syllabis
2650 2710 2842 2765 Catul-

1680 2782 1799 2836 lum
1865 2781 2131 2836 extulisse
2186 2787 2434 2837 constat:
2500 2781 2846 2851 dissyllabon

1681 2852 1818 2908 fecit
1854 2853 2005 2908 idem
2049 2852 2301 2908 Catullus
2340 2855 2449 2922 (9⁷,
2475 2853 2533 2922 3)
2570 2871 2699 2908 cum
2736 2853 2847 2907 Lu·

1683 2924 1877 2993 aretin,
1900 2925 2159 2992 Hor-atie,
2182 2924 2423 2996 Priapeo
2464 2925 2715 2980 carmine
2742 2929 2845 2993 533

1682 2997 1755 3051 de
1808 2997 2035 3064 ceteris,
2084 3001 2356 3066 quantum
2414 2999 2528 3052 scio
2541 3037 2554 3059 ,
2604 3002 2847 3066 propter

1682 3073 1994 3123 metrorum
2030 3069 2462 3138 ambiguitatem
2496 3068 2639 3122 nihil
2676 3067 2847 3124 adfir-

1684 3141 1829 3194 mari
1852 3141 2091 3210 potest.“
2120 3139 2297 3207 Quem
2322 3144 2541 3196 secutus
2568 3157 2691 3194 sum
2718 3157 2847 3195 cum

1684 3211 1954 3281 Haupt-io,
1980 3211 2279 3279 Meinekio‚
2301 3211 2568 3279 Linkero‚
2592 3211 2848 3280 Kellero,

1684 3282 2028 3346 Ecksteinio,
2046 3283 2188 3338 aliis.
2220 3313 2285 3322 —
2312 3299 2429 3338 una
2452 3282 2617 3352 libra]
2656 3281 2849 3338 Servis

1684 3355 1920 3409 cottidie
1956 3360 2263 3424 quaternae
2300 3355 2391 3410 vel
2432 3355 2637 3424 quinae
2674 3353 2849 3409 farris

1684 3426 1867 3481 librae
1906 3426 2031 3481 dari
2080 3426 2351 3482 solebant.
2426 3425 2607 3496 Saepe
2652 3431 2845 3480 tamen

1684 3499 1981 3568 probabile
2028 3501 2113 3552 est
2160 3497 2373 3553 factum
2425 3515 2543 3553 esse
2590 3501 2657 3551 ut
2696 3497 2851 3553 fame

1685 3569 1863 3640 pressi
1900 3569 2236 3641 aufugerent
2272 3570 2433 3625 servi.
2476 3599 2543 3610 -
2574 3567 2849 3639 produci-

1687 3641 1828 3712 mus]
1867 3640 2305 3696 Praeferendum
2344 3642 2542 3711 putavi
2580 3657 2849 3710 praesens

1686 3718 1801 3767 tem
1842 3730 1937 3784 us;
1974 3713 2076 3768 cfr.
2101 3732 2155 3767 v.
2181 3715 2267 3768 25.
2296 3715 2382 3767 35.
2419 3713 2537 3767 Alii
2576 3730 2645 3766 ex
2683 3713 2847 3767 codd.

1825 3785 2059 3840 uoeimus.
2102 3814 2166 3824 —
2204 3785 2588 3853 Beneventum]
2623 3787 2674 3838 A
2704 3784 2849 3839 Gau·

1688 3856 1782 3910 dio
1832 3857 2085 3911 distabat
2118 3856 2226 3910 XII
2262 3855 2340 3910 M.
2378 3855 2439 3909 Ρ.
2486 3855 2572 3910 lbi
2620 3855 2680 3908 in
2720 3873 2850 3911 cau-

1686 3928 1850 3997 ponis
1886 3929 2193 3998 hospitium
2231 3926 2539 3982 dcvertisse
2561 3927 2851 3982 videntur.

1688 4027 1755 4039 ·—
1803 4015 2014 4055 macros
2060 3999 2273 4068 turdos]
2321 3999 2435 4053 iam
2483 4015 2657 4055 verno
2710 4009 2851 4053 tem-

1686 4087 1840 4140 pore.
1926 4072 2197 4126 Consti-ue
2252 4071 2359 4126 sic:
2422 4071 2620 4142 hospes
2666 4087 2853 4142 paene

1688 4143 1846 4210 arsit,
1885 4143 2014 4196 dum
2056 4149 2237 4198 versat
2286 4147 2394 4197 cet.
2481 4143 2695 4212 Hospes
2740 4159 2849 4213 pro

1688 4213 1921 4284 hospitis
1987 4215 2193 4270 domus.
2294 4215 2500 4268 Versus
2573 4214 2851 4283 quaedam

1688 4286 2045 4354 perturbatio
2080 4287 2258 4356 ipsam
2284 4303 2406 4340 rem
2432 4285 2847 4355 quodammodo

1687 4357 1961 4427 imitatur,
2004 4359 2356 4427 insequentes
2401 4357 2513 4411 duo
2575 4375 2691 4412 non
2728 4357 2851 4412 sine

1686 4430 2166 4556 {xffiztfflzfft
2188 4429 2851 4570 θρᾞέωᾜίἶῗᾉὲἶ

1686 4590 1817 4628 nam
1866 4571 2155 4628 tarditatis
2196 4572 2473 4627 subirent.
2564 4572 2848 4628 Convivae
