<?xml version="1.0" encoding="UTF-8"?>
<!DOCTYPE html PUBLIC "-//W3C//DTD XHTML 1.0 Transitional//EN"
    "http://www.w3.org/TR/xhtml1/DTD/xhtml1-transitional.dtd">
<html xmlns="http://www.w3.org/1999/xhtml" xml:lang="en" lang="en">
 <head>
  <title>
</title>
<meta http-equiv="Content-Type" content="text/html;charset=utf-8" />
  <meta name='ocr-system' content='tesseract 3.04.00' />
  <meta name='ocr-capabilities' content='ocr_page ocr_carea ocr_par ocr_line ocrx_word'/>
</head>
<body>
  <div class='ocr_page' id='page_1' title='image "./qhoratiiflaccio05unkngoog/qhoratiiflaccio05unkngoog_0347.png"; bbox 0 0 3092 5059; ppageno 0'>
   <div class='ocr_carea' id='block_1_1' title="bbox 991 244 1266 311">
    <p class='ocr_par' dir='ltr' id='par_1_1' title="bbox 991 244 1266 311">
     <span class='ocr_line' id='line_1_1' title="bbox 991 244 1266 311; baseline -0.007 0"><span class='ocrx_word' id='word_1_1' title='bbox 991 244 1266 311; x_wconf 83' lang='lat' dir='ltr'><strong>LIBER.</strong></span> 
     </span>
    </p>
   </div>
   <div class='ocr_carea' id='block_1_2' title="bbox 1337 242 1943 311">
    <p class='ocr_par' dir='ltr' id='par_1_2' title="bbox 1337 242 1943 311">
     <span class='ocr_line' id='line_1_2' title="bbox 1337 242 1943 311; baseline -0.002 -1"><span class='ocrx_word' id='word_1_2' title='bbox 1337 242 1590 311; x_wconf 74' lang='lat' dir='ltr'>GARM.</span> <span class='ocrx_word' id='word_1_3' title='bbox 1634 244 1748 311; x_wconf 95' lang='lat' dir='ltr'>XI.</span> <span class='ocrx_word' id='word_1_4' title='bbox 1792 244 1943 310; x_wconf 85' lang='lat' dir='ltr'><strong>XII.</strong></span> 
     </span>
    </p>
   </div>
   <div class='ocr_carea' id='block_1_3' title="bbox 2546 238 2671 305">
    <p class='ocr_par' dir='ltr' id='par_1_3' title="bbox 2546 238 2671 305">
     <span class='ocr_line' id='line_1_3' title="bbox 2546 238 2671 305; baseline -0.016 0"><span class='ocrx_word' id='word_1_5' title='bbox 2546 238 2671 305; x_wconf 85' lang='lat'><strong>31¹7</strong></span> 
     </span>
    </p>
   </div>
   <div class='ocr_carea' id='block_1_4' title="bbox 288 454 2464 929">
    <p class='ocr_par' dir='ltr' id='par_1_4' title="bbox 288 454 2464 929">
     <span class='ocr_line' id='line_1_4' title="bbox 288 454 2046 555; baseline 0.001 -27"><span class='ocrx_word' id='word_1_6' title='bbox 288 489 342 531; x_wconf 59' lang='grc' dir='ltr'>ιε</span> <span class='ocrx_word' id='word_1_7' title='bbox 373 455 604 533; x_wconf 82' lang='lat' dir='ltr'>Unde</span> <span class='ocrx_word' id='word_1_8' title='bbox 659 454 1027 553; x_wconf 79' lang='lat' dir='ltr'>expedire</span> <span class='ocrx_word' id='word_1_9' title='bbox 1077 480 1235 530; x_wconf 91' lang='lat' dir='ltr'>non</span> <span class='ocrx_word' id='word_1_10' title='bbox 1283 456 1703 532; x_wconf 89' lang='lat' dir='ltr'>amicorum</span> <span class='ocrx_word' id='word_1_11' title='bbox 1758 469 2046 555; x_wconf 80' lang='lat' dir='ltr'>queant</span> 
     </span>
     <span class='ocr_line' id='line_1_5' title="bbox 475 580 2238 680; baseline -0.001 -24"><span class='ocrx_word' id='word_1_12' title='bbox 475 580 762 656; x_wconf 89' lang='lat' dir='ltr'>Libera</span> <span class='ocrx_word' id='word_1_13' title='bbox 814 581 1137 656; x_wconf 91' lang='lat' dir='ltr'>consilia</span> <span class='ocrx_word' id='word_1_14' title='bbox 1188 606 1332 656; x_wconf 88' lang='lat' dir='ltr'>nec</span> <span class='ocrx_word' id='word_1_15' title='bbox 1383 581 1889 657; x_wconf 80' lang='lat' dir='ltr'>contumeliae</span> <span class='ocrx_word' id='word_1_16' title='bbox 1940 605 2238 680; x_wconf 83' lang='lat' dir='ltr'>graves,</span> 
     </span>
     <span class='ocr_line' id='line_1_6' title="bbox 376 702 2068 804; baseline 0.001 -24"><span class='ocrx_word' id='word_1_17' title='bbox 376 702 534 780; x_wconf 85' lang='lat' dir='ltr'>Sed</span> <span class='ocrx_word' id='word_1_18' title='bbox 588 705 784 781; x_wconf 87' lang='lat' dir='ltr'>alius</span> <span class='ocrx_word' id='word_1_19' title='bbox 838 705 1074 781; x_wconf 91' lang='lat' dir='ltr'>ardor</span> <span class='ocrx_word' id='word_1_20' title='bbox 1125 719 1258 781; x_wconf 91' lang='lat' dir='ltr'>aut</span> <span class='ocrx_word' id='word_1_21' title='bbox 1308 704 1615 804; x_wconf 89' lang='lat' dir='ltr'>puellae</span> <span class='ocrx_word' id='word_1_22' title='bbox 1671 706 2068 801; x_wconf 88' lang='lat' dir='ltr'>candidae,</span> 
     </span>
     <span class='ocr_line' id='line_1_7' title="bbox 472 826 2464 929; baseline 0.001 -26"><span class='ocrx_word' id='word_1_23' title='bbox 472 826 632 905; x_wconf 87' lang='lat' dir='ltr'>Aut</span> <span class='ocrx_word' id='word_1_24' title='bbox 680 832 942 907; x_wconf 90' lang='lat' dir='ltr'>teretis</span> <span class='ocrx_word' id='word_1_25' title='bbox 996 831 1221 929; x_wconf 91' lang='lat' dir='ltr'>pueri</span> <span class='ocrx_word' id='word_1_26' title='bbox 1277 830 1592 929; x_wconf 88' lang='lat' dir='ltr'>longam</span> <span class='ocrx_word' id='word_1_27' title='bbox 1648 830 2088 909; x_wconf 88' lang='lat' dir='ltr'>renodantis</span> <span class='ocrx_word' id='word_1_28' title='bbox 2141 854 2464 906; x_wconf 88' lang='lat' dir='ltr'>comam.</span> 
     </span>
    </p>
   </div>
   <div class='ocr_carea' id='block_1_5' title="bbox 1393 1028 1596 1040">
    <p class='ocr_par' dir='ltr' id='par_1_5' title="bbox 1393 1028 1596 1040">
     <span class='ocr_line' id='line_1_8' title="bbox 1393 1028 1596 1040; baseline 0 0"><span class='ocrx_word' id='word_1_29' title='bbox 1393 1028 1596 1040; x_wconf 95' lang='lat' dir='ltr'> </span> 
     </span>
    </p>
   </div>
   <div class='ocr_carea' id='block_1_6' title="bbox 1155 1173 1780 1262">
    <p class='ocr_par' dir='ltr' id='par_1_6' title="bbox 1155 1173 1780 1262">
     <span class='ocr_line' id='line_1_9' title="bbox 1155 1173 1780 1262; baseline -0.005 -1"><span class='ocrx_word' id='word_1_30' title='bbox 1155 1173 1534 1262; x_wconf 75' lang='lat' dir='ltr'>OARMEN</span> <span class='ocrx_word' id='word_1_31' title='bbox 1598 1176 1780 1260; x_wconf 87' lang='lat' dir='ltr'><strong>XII.</strong></span> 
     </span>
    </p>
   </div>
   <div class='ocr_carea' id='block_1_7' title="bbox 302 1340 2627 3189">
    <p class='ocr_par' dir='ltr' id='par_1_7' title="bbox 302 1340 2627 3189">
     <span class='ocr_line' id='line_1_10' title="bbox 374 1340 2439 1441; baseline -0 -23"><span class='ocrx_word' id='word_1_32' title='bbox 374 1340 580 1436; x_wconf 84' lang='lat' dir='ltr'><strong>Quid</strong></span> <span class='ocrx_word' id='word_1_33' title='bbox 633 1341 775 1417; x_wconf 90' lang='lat' dir='ltr'>tibi</span> <span class='ocrx_word' id='word_1_34' title='bbox 826 1342 963 1438; x_wconf 87' lang='lat' dir='ltr'>vis,</span> <span class='ocrx_word' id='word_1_35' title='bbox 1019 1342 1298 1419; x_wconf 87' lang='lat' dir='ltr'>mulier</span> <span class='ocrx_word' id='word_1_36' title='bbox 1349 1342 1593 1441; x_wconf 87' lang='lat' dir='ltr'>nigris</span> <span class='ocrx_word' id='word_1_37' title='bbox 1638 1341 2089 1439; x_wconf 81' lang='lat' dir='ltr'>dignissima</span> <span class='ocrx_word' id='word_1_38' title='bbox 2142 1341 2439 1417; x_wconf 78' lang='lat' dir='ltr'>barris?</span> 
     </span>
     <span class='ocr_line' id='line_1_11' title="bbox 478 1466 2008 1567; baseline -0.001 -26"><span class='ocrx_word' id='word_1_39' title='bbox 478 1466 806 1543; x_wconf 85' lang='lat' dir='ltr'>Munera</span> <span class='ocrx_word' id='word_1_40' title='bbox 857 1467 1047 1567; x_wconf 92' lang='lat' dir='ltr'>quid</span> <span class='ocrx_word' id='word_1_41' title='bbox 1099 1466 1291 1543; x_wconf 91' lang='lat' dir='ltr'>mihi</span> <span class='ocrx_word' id='word_1_42' title='bbox 1345 1467 1633 1567; x_wconf 87' lang='lat' dir='ltr'>quidve</span> <span class='ocrx_word' id='word_1_43' title='bbox 1684 1466 2008 1542; x_wconf 89' lang='lat' dir='ltr'>tabellas</span> 
     </span>
     <span class='ocr_line' id='line_1_12' title="bbox 381 1591 2350 1691; baseline -0.001 -23"><span class='ocrx_word' id='word_1_44' title='bbox 381 1592 626 1668; x_wconf 89' lang='lat' dir='ltr'>Mittis</span> <span class='ocrx_word' id='word_1_45' title='bbox 678 1617 822 1669; x_wconf 91' lang='lat' dir='ltr'>nec</span> <span class='ocrx_word' id='word_1_46' title='bbox 873 1592 1097 1668; x_wconf 85' lang='lat' dir='ltr'>firmo</span> <span class='ocrx_word' id='word_1_47' title='bbox 1150 1592 1409 1669; x_wconf 88' lang='lat' dir='ltr'>iuveni</span> <span class='ocrx_word' id='word_1_48' title='bbox 1455 1617 1711 1691; x_wconf 90' lang='lat' dir='ltr'>neque</span> <span class='ocrx_word' id='word_1_49' title='bbox 1761 1593 1967 1667; x_wconf 88' lang='lat' dir='ltr'>naris</span> <span class='ocrx_word' id='word_1_50' title='bbox 2023 1591 2350 1667; x_wconf 78' lang='lat' dir='ltr'>obesae?</span> 
     </span>
     <span class='ocr_line' id='line_1_13' title="bbox 475 1717 1839 1818; baseline -0.001 -25"><span class='ocrx_word' id='word_1_51' title='bbox 475 1717 833 1818; x_wconf 84' lang='lat' dir='ltr'>Namque</span> <span class='ocrx_word' id='word_1_52' title='bbox 883 1719 1233 1817; x_wconf 82' lang='lat' dir='ltr'>sagacius</span> <span class='ocrx_word' id='word_1_53' title='bbox 1281 1744 1474 1793; x_wconf 89' lang='lat' dir='ltr'>unus</span> <span class='ocrx_word' id='word_1_54' title='bbox 1528 1718 1839 1814; x_wconf 89' lang='lat' dir='ltr'>odoror,</span> 
     </span>
     <span class='ocr_line' id='line_1_14' title="bbox 313 1840 2474 1944; baseline -0.001 -26"><span class='ocrx_word' id='word_1_55' title='bbox 313 1875 342 1917; x_wconf 74' lang='grc' dir='ltr'>ιι</span> <span class='ocrx_word' id='word_1_56' title='bbox 378 1843 718 1944; x_wconf 82' lang='lat' dir='ltr'>Polypus</span> <span class='ocrx_word' id='word_1_57' title='bbox 773 1869 871 1918; x_wconf 90' lang='lat' dir='ltr'>an</span> <span class='ocrx_word' id='word_1_58' title='bbox 925 1842 1180 1943; x_wconf 84' lang='lat' dir='ltr'>gravis</span> <span class='ocrx_word' id='word_1_59' title='bbox 1234 1841 1546 1919; x_wconf 85' lang='lat' dir='ltr'>hirsutis</span> <span class='ocrx_word' id='word_1_60' title='bbox 1597 1844 1823 1918; x_wconf 81' lang='lat' dir='ltr'>cubet</span> <span class='ocrx_word' id='word_1_61' title='bbox 1871 1842 2127 1918; x_wconf 89' lang='lat' dir='ltr'>hircus</span> <span class='ocrx_word' id='word_1_62' title='bbox 2178 1842 2257 1917; x_wconf 91' lang='lat' dir='ltr'>in</span> <span class='ocrx_word' id='word_1_63' title='bbox 2308 1840 2474 1936; x_wconf 89' lang='lat' dir='ltr'>alis,</span> 
     </span>
     <span class='ocr_line' id='line_1_15' title="bbox 485 1967 1926 2065; baseline 0 -22"><span class='ocrx_word' id='word_1_64' title='bbox 485 1967 740 2061; x_wconf 84' lang='lat' dir='ltr'>Quam</span> <span class='ocrx_word' id='word_1_65' title='bbox 793 1969 1001 2046; x_wconf 88' lang='lat' dir='ltr'>canis</span> <span class='ocrx_word' id='word_1_66' title='bbox 1053 1993 1252 2065; x_wconf 90' lang='lat' dir='ltr'>acer,</span> <span class='ocrx_word' id='word_1_67' title='bbox 1307 1968 1445 2045; x_wconf 92' lang='lat' dir='ltr'>ubi</span> <span class='ocrx_word' id='word_1_68' title='bbox 1493 1968 1729 2045; x_wconf 89' lang='lat' dir='ltr'>lateat</span> <span class='ocrx_word' id='word_1_69' title='bbox 1779 1994 1926 2043; x_wconf 88' lang='lat' dir='ltr'>sus.</span> 
     </span>
     <span class='ocr_line' id='line_1_16' title="bbox 386 2089 2627 2193; baseline -0.002 -26"><span class='ocrx_word' id='word_1_70' title='bbox 386 2092 542 2186; x_wconf 84' lang='lat' dir='ltr'>Qui</span> <span class='ocrx_word' id='word_1_71' title='bbox 592 2094 830 2171; x_wconf 91' lang='lat' dir='ltr'>sudor</span> <span class='ocrx_word' id='word_1_72' title='bbox 881 2094 1102 2171; x_wconf 87' lang='lat' dir='ltr'>vietis</span> <span class='ocrx_word' id='word_1_73' title='bbox 1154 2106 1232 2170; x_wconf 89' lang='lat' dir='ltr'>et</span> <span class='ocrx_word' id='word_1_74' title='bbox 1284 2118 1512 2193; x_wconf 86' lang='lat' dir='ltr'>quam</span> <span class='ocrx_word' id='word_1_75' title='bbox 1565 2094 1814 2169; x_wconf 86' lang='lat' dir='ltr'>malus</span> <span class='ocrx_word' id='word_1_76' title='bbox 1865 2092 2210 2193; x_wconf 93' lang='lat' dir='ltr'>undique</span> <span class='ocrx_word' id='word_1_77' title='bbox 2262 2089 2627 2166; x_wconf 90' lang='lat' dir='ltr'>membris</span> 
     </span>
     <span class='ocr_line' id='line_1_17' title="bbox 483 2216 1827 2319; baseline -0.001 -24"><span class='ocrx_word' id='word_1_78' title='bbox 483 2216 784 2296; x_wconf 84' lang='lat' dir='ltr'>Crescit</span> <span class='ocrx_word' id='word_1_79' title='bbox 833 2218 1052 2316; x_wconf 88' lang='lat' dir='ltr'>odor,</span> <span class='ocrx_word' id='word_1_80' title='bbox 1109 2244 1278 2295; x_wconf 92' lang='lat' dir='ltr'>cum</span> <span class='ocrx_word' id='word_1_81' title='bbox 1335 2244 1533 2319; x_wconf 92' lang='lat' dir='ltr'>pene</span> <span class='ocrx_word' id='word_1_82' title='bbox 1576 2218 1827 2294; x_wconf 91' lang='lat' dir='ltr'>soluto</span> 
     </span>
     <span class='ocr_line' id='line_1_18' title="bbox 387 2340 2349 2444; baseline -0.001 -28"><span class='ocrx_word' id='word_1_83' title='bbox 387 2341 861 2420; x_wconf 90' lang='lat' dir='ltr'>Indomitam</span> <span class='ocrx_word' id='word_1_84' title='bbox 907 2359 1278 2444; x_wconf 86' lang='lat' dir='ltr'>properat</span> <span class='ocrx_word' id='word_1_85' title='bbox 1327 2344 1621 2419; x_wconf 86' lang='lat' dir='ltr'>rabiem</span> <span class='ocrx_word' id='word_1_86' title='bbox 1676 2342 1983 2438; x_wconf 89' lang='lat' dir='ltr'>sedare;</span> <span class='ocrx_word' id='word_1_87' title='bbox 2036 2366 2179 2418; x_wconf 91' lang='lat' dir='ltr'>nec</span> <span class='ocrx_word' id='word_1_88' title='bbox 2230 2340 2349 2416; x_wconf 92' lang='lat' dir='ltr'>illi</span> 
     </span>
     <span class='ocr_line' id='line_1_19' title="bbox 302 2468 1940 2567; baseline 0.002 -26"><span class='ocrx_word' id='word_1_89' title='bbox 302 2504 351 2541; x_wconf 76' lang='grc' dir='ltr'>ιο</span> <span class='ocrx_word' id='word_1_90' title='bbox 480 2468 648 2544; x_wconf 91' lang='lat' dir='ltr'>Iam</span> <span class='ocrx_word' id='word_1_91' title='bbox 702 2482 959 2544; x_wconf 88' lang='lat' dir='ltr'>manet</span> <span class='ocrx_word' id='word_1_92' title='bbox 1008 2469 1273 2545; x_wconf 91' lang='lat' dir='ltr'>umida</span> <span class='ocrx_word' id='word_1_93' title='bbox 1322 2482 1530 2545; x_wconf 89' lang='lat' dir='ltr'>creta</span> <span class='ocrx_word' id='word_1_94' title='bbox 1572 2468 1940 2567; x_wconf 92' lang='lat' dir='ltr'>colorque</span> 
     </span>
     <span class='ocr_line' id='line_1_20' title="bbox 387 2590 2300 2693; baseline -0.003 -22"><span class='ocrx_word' id='word_1_95' title='bbox 387 2594 741 2671; x_wconf 86' lang='lat' dir='ltr'>Stercore</span> <span class='ocrx_word' id='word_1_96' title='bbox 794 2594 1088 2670; x_wconf 88' lang='lat' dir='ltr'>fucatus</span> <span class='ocrx_word' id='word_1_97' title='bbox 1141 2593 1540 2690; x_wconf 90' lang='lat' dir='ltr'>crocodili,</span> <span class='ocrx_word' id='word_1_98' title='bbox 1597 2596 1907 2693; x_wconf 88' lang='lat' dir='ltr'>iamque</span> <span class='ocrx_word' id='word_1_99' title='bbox 1950 2590 2300 2669; x_wconf 88' lang='lat' dir='ltr'>subando</span> 
     </span>
     <span class='ocr_line' id='line_1_21' title="bbox 486 2717 1834 2816; baseline 0 -24"><span class='ocrx_word' id='word_1_100' title='bbox 486 2718 730 2793; x_wconf 88' lang='lat' dir='ltr'>Tenta</span> <span class='ocrx_word' id='word_1_101' title='bbox 775 2717 1060 2793; x_wconf 90' lang='lat' dir='ltr'>cubilia</span> <span class='ocrx_word' id='word_1_102' title='bbox 1107 2729 1462 2816; x_wconf 87' lang='lat' dir='ltr'>tectaque</span> <span class='ocrx_word' id='word_1_103' title='bbox 1508 2718 1834 2814; x_wconf 70' lang='lat' dir='ltr'>rumpit!</span> 
     </span>
     <span class='ocr_line' id='line_1_22' title="bbox 385 2840 2285 2939; baseline -0.001 -23"><span class='ocrx_word' id='word_1_104' title='bbox 385 2840 535 2917; x_wconf 88' lang='lat' dir='ltr'>Vel</span> <span class='ocrx_word' id='word_1_105' title='bbox 585 2868 757 2917; x_wconf 87' lang='lat' dir='ltr'>mea</span> <span class='ocrx_word' id='word_1_106' title='bbox 810 2867 986 2916; x_wconf 92' lang='lat' dir='ltr'>cum</span> <span class='ocrx_word' id='word_1_107' title='bbox 1037 2841 1283 2917; x_wconf 85' lang='lat' dir='ltr'>saevis</span> <span class='ocrx_word' id='word_1_108' title='bbox 1337 2840 1581 2939; x_wconf 82' lang='lat' dir='ltr'>agitat</span> <span class='ocrx_word' id='word_1_109' title='bbox 1632 2840 1943 2917; x_wconf 81' lang='lat' dir='ltr'>fastidia</span> <span class='ocrx_word' id='word_1_110' title='bbox 1992 2841 2285 2917; x_wconf 84' lang='lat' dir='ltr'>verbis:</span> 
     </span>
     <span class='ocr_line' id='line_1_23' title="bbox 485 2964 1836 3063; baseline 0 -22"><span class='ocrx_word' id='word_1_111' title='bbox 485 2966 805 3041; x_wconf 88' lang='lat' dir='ltr'>Inachia</span> <span class='ocrx_word' id='word_1_112' title='bbox 855 2964 1175 3063; x_wconf 87' lang='lat' dir='ltr'>langues</span> <span class='ocrx_word' id='word_1_113' title='bbox 1229 2965 1478 3039; x_wconf 88' lang='lat' dir='ltr'>minus</span> <span class='ocrx_word' id='word_1_114' title='bbox 1530 2989 1623 3041; x_wconf 88' lang='lat' dir='ltr'>ac</span> <span class='ocrx_word' id='word_1_115' title='bbox 1676 2991 1836 3061; x_wconf 88' lang='lat' dir='ltr'>me;</span> 
     </span>
     <span class='ocr_line' id='line_1_24' title="bbox 314 3089 2570 3189; baseline 0 -26"><span class='ocrx_word' id='word_1_116' title='bbox 314 3124 360 3164; x_wconf 73' lang='lat' dir='ltr'>us</span> <span class='ocrx_word' id='word_1_117' title='bbox 396 3089 786 3167; x_wconf 87' lang='lat' dir='ltr'>Inachiam</span> <span class='ocrx_word' id='word_1_118' title='bbox 845 3103 962 3165; x_wconf 89' lang='lat' dir='ltr'>ter</span> <span class='ocrx_word' id='word_1_119' title='bbox 1013 3102 1232 3165; x_wconf 90' lang='lat' dir='ltr'>nocte</span> <span class='ocrx_word' id='word_1_120' title='bbox 1283 3102 1526 3187; x_wconf 87' lang='lat' dir='ltr'>potes,</span> <span class='ocrx_word' id='word_1_121' title='bbox 1578 3089 1770 3165; x_wconf 91' lang='lat' dir='ltr'>mihi</span> <span class='ocrx_word' id='word_1_122' title='bbox 1823 3114 2129 3189; x_wconf 90' lang='lat' dir='ltr'>semper</span> <span class='ocrx_word' id='word_1_123' title='bbox 2180 3090 2279 3165; x_wconf 90' lang='lat' dir='ltr'>ad</span> <span class='ocrx_word' id='word_1_124' title='bbox 2332 3116 2570 3164; x_wconf 91' lang='lat' dir='ltr'>unum</span> 
     </span>
    </p>
   </div>
   <div class='ocr_carea' id='block_1_8' title="bbox 489 3216 1010 3315">
    <p class='ocr_par' dir='ltr' id='par_1_8' title="bbox 489 3216 1010 3315">
     <span class='ocr_line' id='line_1_25' title="bbox 489 3216 1010 3315; baseline 0 -24"><span class='ocrx_word' id='word_1_125' title='bbox 489 3216 749 3292; x_wconf 89' lang='lat' dir='ltr'>Mollis</span> <span class='ocrx_word' id='word_1_126' title='bbox 795 3242 1010 3315; x_wconf 91' lang='lat' dir='ltr'>opus.</span> 
     </span>
    </p>
   </div>
   <div class='ocr_carea' id='block_1_9' title="bbox 280 3449 1435 3746">
    <p class='ocr_par' dir='ltr' id='par_1_9' title="bbox 280 3449 1435 3665">
     <span class='ocr_line' id='line_1_26' title="bbox 280 3449 1432 3519; baseline -0.003 -14"><span class='ocrx_word' id='word_1_127' title='bbox 280 3451 358 3505; x_wconf 73' lang='lat' dir='ltr'>tis</span> <span class='ocrx_word' id='word_1_128' title='bbox 385 3466 586 3505; x_wconf 83' lang='lat' dir='ltr'>comam</span> <span class='ocrx_word' id='word_1_129' title='bbox 648 3450 762 3519; x_wconf 84' lang='lat' dir='ltr'>qui,</span> <span class='ocrx_word' id='word_1_130' title='bbox 801 3452 866 3503; x_wconf 89' lang='lat' dir='ltr'>ut</span> <span class='ocrx_word' id='word_1_131' title='bbox 900 3450 1121 3519; x_wconf 87' lang='lat' dir='ltr'>puellae</span> <span class='ocrx_word' id='word_1_132' title='bbox 1157 3449 1432 3511; x_wconf 87' lang='lat' dir='ltr'>solebant,</span> 
     </span>
     <span class='ocr_line' id='line_1_27' title="bbox 283 3522 1435 3592; baseline -0.002 -15"><span class='ocrx_word' id='word_1_133' title='bbox 283 3540 501 3577; x_wconf 87' lang='lat' dir='ltr'>comam</span> <span class='ocrx_word' id='word_1_134' title='bbox 557 3539 587 3576; x_wconf 89' lang='lat' dir='ltr'>e</span> <span class='ocrx_word' id='word_1_135' title='bbox 611 3525 845 3592; x_wconf 87' lang='lat' dir='ltr'>eganter</span> <span class='ocrx_word' id='word_1_136' title='bbox 898 3522 960 3575; x_wconf 90' lang='lat' dir='ltr'>in</span> <span class='ocrx_word' id='word_1_137' title='bbox 1019 3522 1229 3577; x_wconf 87' lang='lat' dir='ltr'>nodum</span> <span class='ocrx_word' id='word_1_138' title='bbox 1281 3526 1435 3576; x_wconf 89' lang='lat' dir='ltr'>retro</span> 
     </span>
     <span class='ocr_line' id='line_1_28' title="bbox 284 3594 520 3665; baseline -0.008 -16"><span class='ocrx_word' id='word_1_139' title='bbox 284 3594 520 3665; x_wconf 78' lang='lat' dir='ltr'>colligit.</span> 
     </span>
    </p>

    <p class='ocr_par' dir='ltr' id='par_1_10' title="bbox 635 3689 1080 3746">
     <span class='ocr_line' id='line_1_29' title="bbox 635 3689 1080 3746; baseline 0.002 -2"><span class='ocrx_word' id='word_1_140' title='bbox 635 3689 920 3746; x_wconf 83' lang='lat' dir='ltr'>Carmen</span> <span class='ocrx_word' id='word_1_141' title='bbox 956 3690 1080 3746; x_wconf 87' lang='lat' dir='ltr'><strong>XII.</strong></span> 
     </span>
    </p>
   </div>
   <div class='ocr_carea' id='block_1_10' title="bbox 280 3802 1439 4661">
    <p class='ocr_par' dir='ltr' id='par_1_11' title="bbox 280 3802 1439 4661">
     <span class='ocr_line' id='line_1_30' title="bbox 352 3802 1436 3874; baseline 0.001 -18"><span class='ocrx_word' id='word_1_142' title='bbox 352 3802 776 3872; x_wconf 80' lang='lat' dir='ltr'>V.1.bams]</span> <span class='ocrx_word' id='word_1_143' title='bbox 839 3804 1042 3874; x_wconf 85' lang='lat' dir='ltr'>„Apud</span> <span class='ocrx_word' id='word_1_144' title='bbox 1103 3802 1270 3859; x_wconf 87' lang='lat' dir='ltr'>Indos</span> <span class='ocrx_word' id='word_1_145' title='bbox 1329 3802 1436 3858; x_wconf 88' lang='lat' dir='ltr'>ele-</span> 
     </span>
     <span class='ocr_line' id='line_1_31' title="bbox 280 3873 1437 3957; baseline 0 -29"><span class='ocrx_word' id='word_1_146' title='bbox 280 3873 526 3957; x_wconf 87' lang='lat' dir='ltr'>phantus</span> <span class='ocrx_word' id='word_1_147' title='bbox 566 3891 601 3928; x_wconf 89' lang='lat' dir='ltr'>a</span> <span class='ocrx_word' id='word_1_148' title='bbox 637 3892 772 3929; x_wconf 85' lang='lat' dir='ltr'>voce</span> <span class='ocrx_word' id='word_1_149' title='bbox 806 3876 1002 3931; x_wconf 79' lang='lat' dir='ltr'>boerrus</span> <span class='ocrx_word' id='word_1_150' title='bbox 1028 3880 1292 3943; x_wconf 60' lang='lat' dir='ltr'>vocatum</span> <span class='ocrx_word' id='word_1_151' title='bbox 1328 3891 1437 3929; x_wconf 83' lang='lat' dir='ltr'>vox</span> 
     </span>
     <span class='ocr_line' id='line_1_32' title="bbox 281 3944 1436 4018; baseline 0 -19"><span class='ocrx_word' id='word_1_152' title='bbox 281 3944 398 4000; x_wconf 86' lang='lat' dir='ltr'>eius</span> <span class='ocrx_word' id='word_1_153' title='bbox 421 3947 716 4001; x_wconf 66' lang='lat' dir='ltr'>barritusf‘</span> <span class='ocrx_word' id='word_1_154' title='bbox 755 3945 884 4001; x_wconf 87' lang='lat' dir='ltr'>Isid.</span> <span class='ocrx_word' id='word_1_155' title='bbox 908 3946 1008 4002; x_wconf 90' lang='lat' dir='ltr'>Ori</span> <span class='ocrx_word' id='word_1_156' title='bbox 1009 3966 1101 4018; x_wconf 89' lang='lat' dir='ltr'>g.g</span> <span class='ocrx_word' id='word_1_157' title='bbox 1125 3947 1251 4016; x_wconf 90' lang='lat' dir='ltr'><strong>XII,</strong></span> <span class='ocrx_word' id='word_1_158' title='bbox 1273 3951 1324 4010; x_wconf 79' lang='lat'>2,</span> <span class='ocrx_word' id='word_1_159' title='bbox 1355 3948 1436 3999; x_wconf 92' lang='lat'>14.</span> 
     </span>
     <span class='ocr_line' id='line_1_33' title="bbox 283 3967 1437 4087; baseline 0 -16"><span class='ocrx_word' id='word_1_160' title='bbox 283 4046 350 4056; x_wconf 97' lang='lat'>—</span> <span class='ocrx_word' id='word_1_161' title='bbox 378 4016 512 4087; x_wconf 72' lang='lat' dir='ltr'>quid</span> <span class='ocrx_word' id='word_1_162' title='bbox 533 4016 706 4086; x_wconf 75' lang='lat' dir='ltr'>mihi]</span> <span class='ocrx_word' id='word_1_163' title='bbox 709 3967 1107 4074; x_wconf 86' lang='lat' dir='ltr'>Praetulerunt</span> <span class='ocrx_word' id='word_1_164' title='bbox 1129 4020 1245 4085; x_wconf 90' lang='lat' dir='ltr'>alii,</span> <span class='ocrx_word' id='word_1_165' title='bbox 1267 4018 1437 4073; x_wconf 87' lang='lat' dir='ltr'>etiam</span> 
     </span>
     <span class='ocr_line' id='line_1_34' title="bbox 281 4088 1437 4161; baseline 0 -18"><span class='ocrx_word' id='word_1_166' title='bbox 281 4088 487 4143; x_wconf 84' lang='lat' dir='ltr'>Ritter.</span> <span class='ocrx_word' id='word_1_167' title='bbox 526 4088 736 4143; x_wconf 86' lang='lat' dir='ltr'>Keller.</span> <span class='ocrx_word' id='word_1_168' title='bbox 764 4089 1114 4161; x_wconf 82' lang='lat' dir='ltr'>Peerlkamp.</span> <span class='ocrx_word' id='word_1_169' title='bbox 1151 4090 1437 4145; x_wconf 86' lang='lat' dir='ltr'>Eckstein.</span> 
     </span>
     <span class='ocr_line' id='line_1_35' title="bbox 283 4159 1438 4231; baseline 0.002 -16"><span class='ocrx_word' id='word_1_170' title='bbox 283 4159 502 4215; x_wconf 76' lang='lat' dir='ltr'>Schiitz.</span> <span class='ocrx_word' id='word_1_171' title='bbox 556 4160 811 4215; x_wconf 86' lang='lat' dir='ltr'>Mueller.</span> <span class='ocrx_word' id='word_1_172' title='bbox 867 4178 936 4216; x_wconf 86' lang='lat' dir='ltr'>ex</span> <span class='ocrx_word' id='word_1_173' title='bbox 981 4162 1226 4217; x_wconf 81' lang='lat' dir='ltr'>maxima</span> <span class='ocrx_word' id='word_1_174' title='bbox 1275 4166 1438 4231; x_wconf 85' lang='lat' dir='ltr'>parte</span> 
     </span>
     <span class='ocr_line' id='line_1_36' title="bbox 285 4232 1439 4303; baseline -0.003 -16"><span class='ocrx_word' id='word_1_175' title='bbox 285 4232 536 4287; x_wconf 86' lang='lat' dir='ltr'>codicum</span> <span class='ocrx_word' id='word_1_176' title='bbox 584 4248 698 4297; x_wconf 73' lang='lat' dir='ltr'>cm,</span> <span class='ocrx_word' id='word_1_177' title='bbox 747 4250 860 4287; x_wconf 89' lang='lat' dir='ltr'>non</span> <span class='ocrx_word' id='word_1_178' title='bbox 904 4233 1070 4303; x_wconf 87' lang='lat' dir='ltr'>bene;</span> <span class='ocrx_word' id='word_1_179' title='bbox 1133 4250 1261 4288; x_wconf 87' lang='lat' dir='ltr'>nam</span> <span class='ocrx_word' id='word_1_180' title='bbox 1311 4238 1439 4288; x_wconf 85' lang='lat' dir='ltr'>orta</span> 
     </span>
     <span class='ocr_line' id='line_1_37' title="bbox 284 4304 1438 4375; baseline 0.002 -18"><span class='ocrx_word' id='word_1_181' title='bbox 284 4308 370 4358; x_wconf 87' lang='lat' dir='ltr'>est</span> <span class='ocrx_word' id='word_1_182' title='bbox 406 4304 687 4373; x_wconf 86' lang='lat' dir='ltr'>particula</span> <span class='ocrx_word' id='word_1_183' title='bbox 723 4322 790 4358; x_wconf 86' lang='lat' dir='ltr'>ex</span> <span class='ocrx_word' id='word_1_184' title='bbox 823 4304 1025 4374; x_wconf 79' lang='lat' dir='ltr'>glossa,</span> <span class='ocrx_word' id='word_1_185' title='bbox 1063 4322 1206 4375; x_wconf 87' lang='lat' dir='ltr'>quae</span> <span class='ocrx_word' id='word_1_186' title='bbox 1241 4309 1438 4375; x_wconf 85' lang='lat' dir='ltr'>postea</span> 
     </span>
     <span class='ocr_line' id='line_1_38' title="bbox 283 4374 1439 4447; baseline 0 -18"><span class='ocrx_word' id='word_1_187' title='bbox 283 4374 345 4428; x_wconf 89' lang='lat' dir='ltr'>in</span> <span class='ocrx_word' id='word_1_188' title='bbox 369 4392 592 4430; x_wconf 81' lang='lat' dir='ltr'>versum</span> <span class='ocrx_word' id='word_1_189' title='bbox 617 4375 864 4447; x_wconf 86' lang='lat' dir='ltr'>irrepsit,</span> <span class='ocrx_word' id='word_1_190' title='bbox 897 4382 962 4431; x_wconf 89' lang='lat' dir='ltr'>ut</span> <span class='ocrx_word' id='word_1_191' title='bbox 985 4376 1152 4432; x_wconf 88' lang='lat' dir='ltr'>modo</span> <span class='ocrx_word' id='word_1_192' title='bbox 1177 4392 1278 4433; x_wconf 72' lang='lat' dir='ltr'>cm</span> <span class='ocrx_word' id='word_1_193' title='bbox 1301 4376 1439 4430; x_wconf 72' lang='lat' dir='ltr'>mihi</span> 
     </span>
     <span class='ocr_line' id='line_1_39' title="bbox 285 4416 1436 4516; baseline 0.002 -16"><span class='ocrx_word' id='word_1_194' title='bbox 285 4446 478 4516; x_wconf 68' lang='lat' dir='ltr'>quidm</span> <span class='ocrx_word' id='word_1_195' title='bbox 513 4447 680 4501; x_wconf 87' lang='lat' dir='ltr'>modo</span> <span class='ocrx_word' id='word_1_196' title='bbox 717 4416 864 4516; x_wconf 75' lang='lat' dir='ltr'>quid</span> <span class='ocrx_word' id='word_1_197' title='bbox 877 4448 1014 4502; x_wconf 65' lang='lat' dir='ltr'>miros·</span> <span class='ocrx_word' id='word_1_198' title='bbox 1039 4464 1198 4504; x_wconf 75' lang='lat' dir='ltr'>curve</span> <span class='ocrx_word' id='word_1_199' title='bbox 1231 4448 1436 4503; x_wconf 89' lang='lat' dir='ltr'>scribe·</span> 
     </span>
     <span class='ocr_line' id='line_1_40' title="bbox 285 4518 1437 4589; baseline 0.002 -18"><span class='ocrx_word' id='word_1_200' title='bbox 285 4522 462 4573; x_wconf 86' lang='lat' dir='ltr'>retur.</span> <span class='ocrx_word' id='word_1_201' title='bbox 497 4518 670 4573; x_wconf 83' lang='lat' dir='ltr'>Recte</span> <span class='ocrx_word' id='word_1_202' title='bbox 707 4518 726 4571; x_wconf 87' lang='lat' dir='ltr'>i</span> <span class='ocrx_word' id='word_1_203' title='bbox 774 4519 885 4573; x_wconf 88' lang='lat' dir='ltr'>&#39;tur</span> <span class='ocrx_word' id='word_1_204' title='bbox 906 4518 1190 4575; x_wconf 87' lang='lat' dir='ltr'>Bentleius</span> <span class='ocrx_word' id='word_1_205' title='bbox 1225 4519 1437 4589; x_wconf 87' lang='lat' dir='ltr'>simpli·</span> 
     </span>
     <span class='ocr_line' id='line_1_41' title="bbox 285 4589 1437 4661; baseline 0.001 -15"><span class='ocrx_word' id='word_1_206' title='bbox 285 4589 568 4646; x_wconf 64' lang='lat' dir='ltr'>&lt;tissimum</span> <span class='ocrx_word' id='word_1_207' title='bbox 605 4594 663 4645; x_wconf 88' lang='lat' dir='ltr'>et</span> <span class='ocrx_word' id='word_1_208' title='bbox 700 4606 732 4644; x_wconf 89' lang='lat' dir='ltr'>e</span> <span class='ocrx_word' id='word_1_209' title='bbox 755 4590 1177 4661; x_wconf 73' lang='lat' dir='ltr'>egentissimum</span> <span class='ocrx_word' id='word_1_210' title='bbox 1213 4608 1437 4647; x_wconf 83' lang='lat' dir='ltr'>revoca·</span> 
     </span>
    </p>
   </div>
   <div class='ocr_carea' id='block_1_11' title="bbox 1113 3216 2013 3315">
    <p class='ocr_par' dir='ltr' id='par_1_12' title="bbox 1113 3216 2013 3315">
     <span class='ocr_line' id='line_1_42' title="bbox 1113 3216 2013 3315; baseline -0.002 -24"><span class='ocrx_word' id='word_1_211' title='bbox 1113 3216 1388 3291; x_wconf 89' lang='lat' dir='ltr'>Pereat</span> <span class='ocrx_word' id='word_1_212' title='bbox 1439 3216 1641 3291; x_wconf 91' lang='lat' dir='ltr'>male</span> <span class='ocrx_word' id='word_1_213' title='bbox 1690 3241 1886 3315; x_wconf 88' lang='lat' dir='ltr'>quae</span> <span class='ocrx_word' id='word_1_214' title='bbox 1935 3226 2013 3290; x_wconf 91' lang='lat' dir='ltr'>te</span> 
     </span>
    </p>
   </div>
   <div class='ocr_carea' id='block_1_12' title="bbox 1527 3443 2685 4088">
    <p class='ocr_par' dir='ltr' id='par_1_13' title="bbox 1527 3443 2685 4088">
     <span class='ocr_line' id='line_1_43' title="bbox 1527 3443 2682 3515; baseline -0.002 -15"><span class='ocrx_word' id='word_1_215' title='bbox 1527 3448 1613 3501; x_wconf 79' lang='lat' dir='ltr'>vit</span> <span class='ocrx_word' id='word_1_216' title='bbox 1627 3446 1765 3515; x_wconf 75' lang='lat' dir='ltr'>quid</span> <span class='ocrx_word' id='word_1_217' title='bbox 1783 3445 1919 3499; x_wconf 74' lang='lat' dir='ltr'>mihi</span> <span class='ocrx_word' id='word_1_218' title='bbox 1938 3444 2146 3515; x_wconf 76' lang='lat' dir='ltr'>quidve.</span> <span class='ocrx_word' id='word_1_219' title='bbox 2172 3444 2265 3499; x_wconf 89' lang='lat' dir='ltr'>Sic</span> <span class='ocrx_word' id='word_1_220' title='bbox 2285 3445 2457 3500; x_wconf 88' lang='lat' dir='ltr'>etiam</span> <span class='ocrx_word' id='word_1_221' title='bbox 2474 3443 2682 3514; x_wconf 83' lang='lat' dir='ltr'>Haupt.</span> 
     </span>
     <span class='ocr_line' id='line_1_44' title="bbox 1527 3461 2685 3597; baseline -0.003 -24"><span class='ocrx_word' id='word_1_222' title='bbox 1527 3518 1767 3573; x_wconf 85' lang='lat' dir='ltr'>Meinek.</span> <span class='ocrx_word' id='word_1_223' title='bbox 1814 3516 2037 3571; x_wconf 86' lang='lat' dir='ltr'>Linker.</span> <span class='ocrx_word' id='word_1_224' title='bbox 2086 3516 2303 3597; x_wconf 86' lang='lat' dir='ltr'>Lehrs.,</span> <span class='ocrx_word' id='word_1_225' title='bbox 2348 3521 2407 3571; x_wconf 90' lang='lat' dir='ltr'>et</span> <span class='ocrx_word' id='word_1_226' title='bbox 2442 3461 2685 3570; x_wconf 73' lang='lat' dir='ltr'>Orellipus</span> 
     </span>
     <span class='ocr_line' id='line_1_45' title="bbox 1527 3577 2683 3658; baseline -0.003 -13"><span class='ocrx_word' id='word_1_227' title='bbox 1527 3590 1671 3645; x_wconf 89' lang='lat' dir='ltr'>bene</span> <span class='ocrx_word' id='word_1_228' title='bbox 1706 3589 1869 3657; x_wconf 79' lang='lat' dir='ltr'>vidit,</span> <span class='ocrx_word' id='word_1_229' title='bbox 1916 3577 2199 3658; x_wconf 76' lang='lat' dir='ltr'>ingratam</span> <span class='ocrx_word' id='word_1_230' title='bbox 2234 3587 2365 3643; x_wconf 86' lang='lat' dir='ltr'>h.1.</span> <span class='ocrx_word' id='word_1_231' title='bbox 2402 3587 2550 3642; x_wconf 83' lang='lat' dir='ltr'>effici</span> <span class='ocrx_word' id='word_1_232' title='bbox 2588 3604 2683 3641; x_wconf 80' lang='lat' dir='ltr'>va·</span> 
     </span>
     <span class='ocr_line' id='line_1_46' title="bbox 1528 3659 2683 3729; baseline -0.002 -13"><span class='ocrx_word' id='word_1_233' title='bbox 1528 3662 1830 3716; x_wconf 90' lang='lat' dir='ltr'>riationem</span> <span class='ocrx_word' id='word_1_234' title='bbox 1862 3661 2010 3714; x_wconf 85' lang='lat' dir='ltr'>inter</span> <span class='ocrx_word' id='word_1_235' title='bbox 2034 3676 2131 3715; x_wconf 76' lang='lat' dir='ltr'>cur</span> <span class='ocrx_word' id='word_1_236' title='bbox 2167 3664 2225 3714; x_wconf 89' lang='lat' dir='ltr'>et</span> <span class='ocrx_word' id='word_1_237' title='bbox 2249 3659 2395 3729; x_wconf 73' lang='lat' dir='ltr'>quid.</span> <span class='ocrx_word' id='word_1_238' title='bbox 2425 3689 2491 3700; x_wconf 90' lang='lat'>—</span> <span class='ocrx_word' id='word_1_239' title='bbox 2518 3659 2683 3714; x_wconf 75' lang='lat' dir='ltr'>tabel-</span> 
     </span>
     <span class='ocr_line' id='line_1_47' title="bbox 1528 3730 2683 3815; baseline -0.003 -27"><span class='ocrx_word' id='word_1_240' title='bbox 1528 3733 1638 3801; x_wconf 79' lang='lat' dir='ltr'>las]</span> <span class='ocrx_word' id='word_1_241' title='bbox 1676 3733 1943 3815; x_wconf 80' lang='lat' dir='ltr'>epistulas</span> <span class='ocrx_word' id='word_1_242' title='bbox 1982 3731 2297 3786; x_wconf 85' lang='lat' dir='ltr'>amatorias.</span> <span class='ocrx_word' id='word_1_243' title='bbox 2361 3760 2427 3771; x_wconf 90' lang='lat'>—</span> <span class='ocrx_word' id='word_1_244' title='bbox 2478 3730 2683 3799; x_wconf 76' lang='lat' dir='ltr'>obesae]</span> 
     </span>
     <span class='ocr_line' id='line_1_48' title="bbox 1529 3802 2683 3875; baseline -0.003 -16"><span class='ocrx_word' id='word_1_245' title='bbox 1529 3822 1763 3867; x_wconf 84' lang='lat' dir='ltr'>crassae,</span> <span class='ocrx_word' id='word_1_246' title='bbox 1791 3804 2046 3875; x_wconf 84' lang='lat' dir='ltr'>pinguis3</span> <span class='ocrx_word' id='word_1_247' title='bbox 2084 3808 2224 3871; x_wconf 90' lang='lat' dir='ltr'>tum,</span> <span class='ocrx_word' id='word_1_248' title='bbox 2244 3802 2378 3873; x_wconf 87' lang='lat' dir='ltr'>quia</span> <span class='ocrx_word' id='word_1_249' title='bbox 2401 3802 2683 3872; x_wconf 82' lang='lat' dir='ltr'>pinguedo</span> 
     </span>
     <span class='ocr_line' id='line_1_49' title="bbox 1529 3874 2683 3947; baseline -0.004 -16"><span class='ocrx_word' id='word_1_250' title='bbox 1529 3876 1895 3947; x_wconf 80' lang='lat' dir='ltr'>sagacitatem</span> <span class='ocrx_word' id='word_1_251' title='bbox 1930 3874 2187 3944; x_wconf 88' lang='lat' dir='ltr'>impedit,</span> <span class='ocrx_word' id='word_1_252' title='bbox 2233 3874 2483 3937; x_wconf 81' lang='lat' dir='ltr'>obtusae,</span> <span class='ocrx_word' id='word_1_253' title='bbox 2520 3874 2683 3929; x_wconf 87' lang='lat' dir='ltr'>hebe-</span> 
     </span>
     <span class='ocr_line' id='line_1_50' title="bbox 1529 3946 2685 4017; baseline -0.003 -15"><span class='ocrx_word' id='word_1_254' title='bbox 1529 3948 1621 4003; x_wconf 83' lang='lat' dir='ltr'>tis.</span> <span class='ocrx_word' id='word_1_255' title='bbox 1686 3976 1751 3987; x_wconf 92' lang='grc'>--</span> <span class='ocrx_word' id='word_1_256' title='bbox 1808 3948 2065 4017; x_wconf 62' lang='lat' dir='ltr'>sagacius</span> <span class='ocrx_word' id='word_1_257' title='bbox 2108 3946 2275 4016; x_wconf 72' lang='lat' dir='ltr'>unus]</span> <span class='ocrx_word' id='word_1_258' title='bbox 2320 3946 2475 4001; x_wconf 86' lang='lat' dir='ltr'>Unus</span> <span class='ocrx_word' id='word_1_259' title='bbox 2520 3962 2613 3999; x_wconf 87' lang='lat' dir='ltr'>sae</span> <span class='ocrx_word' id='word_1_260' title='bbox 2654 3960 2685 3998; x_wconf 91' lang='lat' dir='ltr'>e</span> 
     </span>
     <span class='ocr_line' id='line_1_51' title="bbox 1531 4016 2683 4088; baseline -0.003 -15"><span class='ocrx_word' id='word_1_261' title='bbox 1531 4019 1907 4088; x_wconf 80' lang='lat' dir='ltr'>superlativis,</span> <span class='ocrx_word' id='word_1_262' title='bbox 1934 4034 2063 4074; x_wconf 86' lang='lat' dir='ltr'>raro</span> <span class='ocrx_word' id='word_1_263' title='bbox 2096 4018 2491 4087; x_wconf 84' lang='lat' dir='ltr'>comparativis</span> <span class='ocrx_word' id='word_1_264' title='bbox 2528 4016 2600 4070; x_wconf 89' lang='lat' dir='ltr'>ad</span> <span class='ocrx_word' id='word_1_265' title='bbox 2641 4016 2683 4070; x_wconf 86' lang='lat' dir='ltr'>i-</span> 
     </span>
    </p>
   </div>
   <div class='ocr_carea' id='block_1_13' title="bbox 1531 4086 2683 4161">
    <p class='ocr_par' dir='ltr' id='par_1_14' title="bbox 1531 4086 2683 4161">
     <span class='ocr_line' id='line_1_52' title="bbox 1531 4086 2683 4161; baseline -0.003 -17"><span class='ocrx_word' id='word_1_266' title='bbox 1531 4096 1644 4145; x_wconf 87' lang='lat' dir='ltr'>tur.</span> <span class='ocrx_word' id='word_1_267' title='bbox 1702 4090 1772 4146; x_wconf 80' lang='lat' dir='ltr'>cf.</span> <span class='ocrx_word' id='word_1_268' title='bbox 1812 4090 1975 4161; x_wconf 86' lang='lat' dir='ltr'>Verg.</span> <span class='ocrx_word' id='word_1_269' title='bbox 2014 4093 2156 4145; x_wconf 85' lang='lat' dir='ltr'>Aen.</span> <span class='ocrx_word' id='word_1_270' title='bbox 2194 4090 2237 4153; x_wconf 92' lang='lat'>1,</span> <span class='ocrx_word' id='word_1_271' title='bbox 2278 4090 2361 4143; x_wconf 84' lang='lat'>15.</span> <span class='ocrx_word' id='word_1_272' title='bbox 2416 4116 2483 4127; x_wconf 90' lang='lat'>—-</span> <span class='ocrx_word' id='word_1_273' title='bbox 2525 4086 2683 4157; x_wconf 73' lang='lat' dir='ltr'>poly-</span> 
     </span>
    </p>
   </div>
   <div class='ocr_carea' id='block_1_14' title="bbox 1523 4130 2683 4233">
    <p class='ocr_par' dir='ltr' id='par_1_15' title="bbox 1523 4130 2683 4233">
     <span class='ocr_line' id='line_1_53' title="bbox 1523 4130 2683 4233; baseline -0.003 -17"><span class='ocrx_word' id='word_1_274' title='bbox 1523 4162 1657 4233; x_wconf 74' lang='lat' dir='ltr'>pus]</span> <span class='ocrx_word' id='word_1_275' title='bbox 1694 4162 1825 4217; x_wconf 79' lang='lat' dir='ltr'>vide</span> <span class='ocrx_word' id='word_1_276' title='bbox 1860 4162 1933 4216; x_wconf 86' lang='lat' dir='ltr'>ad</span> <span class='ocrx_word' id='word_1_277' title='bbox 1970 4161 2085 4216; x_wconf 89' lang='lat' dir='ltr'>Sat.</span> <span class='ocrx_word' id='word_1_278' title='bbox 2120 4162 2164 4224; x_wconf 91' lang='lat'>1,</span> <span class='ocrx_word' id='word_1_279' title='bbox 2205 4130 2257 4229; x_wconf 69' lang='grc' dir='ltr'>δ’,</span> <span class='ocrx_word' id='word_1_280' title='bbox 2294 4162 2386 4215; x_wconf 85' lang='grc'><strong>40.</strong></span> <span class='ocrx_word' id='word_1_281' title='bbox 2408 4156 2683 4229; x_wconf 72' lang='lat' dir='ltr'>—metisJ</span> 
     </span>
    </p>
   </div>
   <div class='ocr_carea' id='block_1_15' title="bbox 1528 4200 2689 4660">
    <p class='ocr_par' dir='ltr' id='par_1_16' title="bbox 1528 4200 2689 4660">
     <span class='ocr_line' id='line_1_54' title="bbox 1529 4200 2685 4303; baseline -0.004 -16"><span class='ocrx_word' id='word_1_282' title='bbox 1529 4234 1583 4287; x_wconf 86' lang='lat' dir='ltr'>h.</span> <span class='ocrx_word' id='word_1_283' title='bbox 1604 4234 1643 4287; x_wconf 93' lang='lat'>1.</span> <span class='ocrx_word' id='word_1_284' title='bbox 1664 4234 1786 4301; x_wconf 76' lang='lat' dir='ltr'>bisy</span> <span class='ocrx_word' id='word_1_285' title='bbox 1789 4234 2017 4288; x_wconf 85' lang='lat' dir='ltr'>llabum.</span> <span class='ocrx_word' id='word_1_286' title='bbox 2044 4262 2112 4273; x_wconf 88' lang='lat'>--</span> <span class='ocrx_word' id='word_1_287' title='bbox 2135 4200 2311 4303; x_wconf 68' lang='lat' dir='ltr'>cret’a]</span> <span class='ocrx_word' id='word_1_288' title='bbox 2343 4230 2504 4287; x_wconf 82' lang='lat' dir='ltr'>ovid.</span> <span class='ocrx_word' id='word_1_289' title='bbox 2524 4233 2592 4284; x_wconf 91' lang='lat' dir='ltr'>A.</span> <span class='ocrx_word' id='word_1_290' title='bbox 2612 4231 2685 4283; x_wconf 89' lang='lat' dir='ltr'>A.</span> 
     </span>
     <span class='ocr_line' id='line_1_55' title="bbox 1528 4302 2685 4374; baseline -0.003 -16"><span class='ocrx_word' id='word_1_291' title='bbox 1528 4305 1783 4373; x_wconf 79' lang='lat'>111,199:</span> <span class='ocrx_word' id='word_1_292' title='bbox 1822 4304 2023 4374; x_wconf 85' lang='lat' dir='ltr'>„Scitis</span> <span class='ocrx_word' id='word_1_293' title='bbox 2051 4309 2108 4359; x_wconf 88' lang='lat' dir='ltr'>et</span> <span class='ocrx_word' id='word_1_294' title='bbox 2130 4302 2362 4359; x_wconf 85' lang='lat' dir='ltr'>inducta</span> <span class='ocrx_word' id='word_1_295' title='bbox 2386 4302 2685 4357; x_wconf 87' lang='lat' dir='ltr'>candorem</span> 
     </span>
     <span class='ocr_line' id='line_1_56' title="bbox 1530 4372 2687 4446; baseline -0.003 -16"><span class='ocrx_word' id='word_1_296' title='bbox 1530 4394 1799 4446; x_wconf 87' lang='lat' dir='ltr'>quaerere</span> <span class='ocrx_word' id='word_1_297' title='bbox 1834 4376 2131 4431; x_wconf 85' lang='lat' dir='ltr'>creta.‘-‘</span> <span class='ocrx_word' id='word_1_298' title='bbox 2155 4380 2385 4430; x_wconf 67' lang='lat' dir='ltr'>stmore</span> <span class='ocrx_word' id='word_1_299' title='bbox 2408 4372 2687 4443; x_wconf 75' lang='lat' dir='ltr'>crocodili]</span> 
     </span>
     <span class='ocr_line' id='line_1_57' title="bbox 1528 4444 2689 4515; baseline -0.003 -14"><span class='ocrx_word' id='word_1_300' title='bbox 1528 4448 1675 4501; x_wconf 85' lang='lat' dir='ltr'>Plin.</span> <span class='ocrx_word' id='word_1_301' title='bbox 1700 4448 1766 4503; x_wconf 87' lang='lat' dir='ltr'>N.</span> <span class='ocrx_word' id='word_1_302' title='bbox 1794 4448 1863 4501; x_wconf 90' lang='grc' dir='ltr'><strong>Η.</strong></span> <span class='ocrx_word' id='word_1_303' title='bbox 1890 4446 2147 4515; x_wconf 86' lang='lat' dir='ltr'><strong>XXVIII,</strong></span> <span class='ocrx_word' id='word_1_304' title='bbox 2168 4448 2221 4515; x_wconf 84' lang='lat'>8,</span> <span class='ocrx_word' id='word_1_305' title='bbox 2240 4448 2337 4500; x_wconf 79' lang='lat'>28.</span> <span class='ocrx_word' id='word_1_306' title='bbox 2376 4444 2689 4515; x_wconf 81' lang='lat' dir='ltr'>„Intestina</span> 
     </span>
     <span class='ocr_line' id='line_1_58' title="bbox 1529 4517 2686 4588; baseline -0.004 -14"><span class='ocrx_word' id='word_1_307' title='bbox 1529 4518 1847 4588; x_wconf 87' lang='lat' dir='ltr'>(crocodili)</span> <span class='ocrx_word' id='word_1_308' title='bbox 1874 4520 1977 4574; x_wconf 87' lang='lat' dir='ltr'>dili</span> <span class='ocrx_word' id='word_1_309' title='bbox 2018 4522 2179 4574; x_wconf 87' lang='lat' dir='ltr'>enter</span> <span class='ocrx_word' id='word_1_310' title='bbox 2202 4518 2579 4587; x_wconf 85' lang='lat' dir='ltr'>exquiruntur</span> <span class='ocrx_word' id='word_1_311' title='bbox 2602 4517 2686 4571; x_wconf 86' lang='lat' dir='ltr'>iu·</span> 
     </span>
     <span class='ocr_line' id='line_1_59' title="bbox 1531 4538 2686 4660; baseline -0.003 -13"><span class='ocrx_word' id='word_1_312' title='bbox 1531 4591 1711 4647; x_wconf 89' lang='lat' dir='ltr'>cundo</span> <span class='ocrx_word' id='word_1_313' title='bbox 1746 4590 1944 4646; x_wconf 88' lang='lat' dir='ltr'>nidore</span> <span class='ocrx_word' id='word_1_314' title='bbox 1978 4538 2039 4646; x_wconf 50' lang='lat' dir='ltr'>{a</span> <span class='ocrx_word' id='word_1_315' title='bbox 2040 4596 2147 4645; x_wconf 88' lang='lat' dir='ltr'>rta.</span> <span class='ocrx_word' id='word_1_316' title='bbox 2186 4590 2343 4646; x_wconf 84' lang='lat' dir='ltr'>Illita</span> <span class='ocrx_word' id='word_1_317' title='bbox 2368 4604 2591 4660; x_wconf 88' lang='lat' dir='ltr'>quoque</span> <span class='ocrx_word' id='word_1_318' title='bbox 2614 4604 2686 4644; x_wconf 79' lang='lat' dir='ltr'>ex</span> 
     </span>
    </p>
   </div>
  </div>
 </body>
</html>
