3092 5059
1157 246 1316 313 LIB.
1359 246 1407 311 1.
1453 245 1705 313 GARM.
1752 247 1833 312 II.
2591 246 2675 311 39

481 466 538 505 ιο
570 434 770 511 Nota
824 458 1022 535 quae
1075 434 1298 510 sedes
1353 436 1609 509 fuerat
1658 432 2059 528 columbis,

568 559 668 634 Et
708 560 1136 657 superiecto
1189 558 1518 655 pavidae
1570 570 1931 635 natarunt

771 684 1137 784 Aequore
1191 684 1567 761 dammae.

568 834 916 911 Vidimus
969 834 1257 911 flavum
1312 834 1655 911 Tiberim
1702 835 2007 911 retortis

566 959 832 1036 Litore
882 960 1200 1035 Etrusco
1255 958 1632 1035 violenter
1683 958 1909 1034 undis

479 1114 532 1156 ιι
567 1083 696 1160 Ire
749 1083 1126 1161 deiectum
1179 1096 1682 1161 monumenta
1728 1084 1965 1181 Regis

765 1206 1245 1308 Templaque
1294 1207 1600 1303 Vestae,

569 1357 760 1435 Iliae
815 1359 1002 1433 dum
1051 1384 1134 1435 se
1183 1359 1500 1435 nimium
1554 1361 1903 1459 querenti

569 1484 815 1561 Iactat
865 1484 1218 1580 ultorem,
1273 1510 1513 1582 vagus
1570 1498 1647 1563 et
1698 1486 2007 1561 sinistra

575 1610 892 1685 Labitur
943 1610 1116 1709 ripa
1161 1608 1350 1685 Iove
1403 1634 1560 1700 non
1612 1612 1991 1711 probante
2038 1638 2123 1686 u·

483 1772 538 1811 20
773 1737 1028 1810 xorius
1084 1736 1363 1832 amnis;

573 1886 864 1963 Audiet
917 1888 1123 1963 cives
1176 1886 1467 1963 acuisse
1513 1889 1833 1983 ferrum,

252 2096 616 2162 eminebant3
672 2111 849 2164 quare
891 2095 1104 2164 phocae
1155 2096 1213 2149 in
1249 2096 1318 2149 iis
1357 2100 1422 2149 ut

253 2169 314 2222 in
374 2169 551 2223 litore
608 2166 780 2221 maris
844 2167 1260 2235 aprieabantur.
1337 2166 1420 2221 Cf.

255 2240 422 2295 Ovid.
463 2238 600 2293 Met.
637 2238 684 2306 Ι,
722 2239 827 2293 296
867 2255 988 2307 sqq.
1043 2268 1116 2277 —
1175 2239 1285 2307 egit
1340 2240 1422 2293 vi-

251 2311 394 2382 sere]
429 2310 568 2365 vide
605 2278 684 2364 ad,
715 2309 758 2377 Ι,
800 2312 850 2377 1,
884 2310 937 2363 8.
977 2339 1042 2348 —
1075 2310 1316 2381 piscium
1353 2311 1422 2379 et]

253 2382 430 2453 Apud
473 2386 669 2451 poetas
711 2382 884 2435 etiam
924 2386 975 2436 et
1008 2382 1290 2451 particula
1329 2400 1420 2436 en·

255 2455 454 2511 elitica
497 2457 604 2508 est:
644 2455 711 2506 ut
735 2452 888 2507 infra
913 2455 994 2515 18,
1021 2456 1110 2509 39.
1149 2454 1194 2523 I,
1225 2454 1308 2522 12,
1340 2457 1422 2508 11.

259 2528 344 2595 13,
383 2528 434 2579 6.
481 2526 570 2589 29,
610 2526 694 2577 14.
728 2524 816 2591 31,
856 2528 938 2579 10.
977 2527 1064 2594 37,
1100 2527 1151 2579 8.
1212 2525 1284 2585 Π,
1339 2527 1420 2595 19,

260 2596 1205 2665 10..„.,.1611147024481V‚
1250 2598 1420 2665 10,4

258 2672 342 2738 15,
371 2671 428 2723 2.
461 2671 514 2723 5.
542 2698 610 2709 ·-—
635 2666 834 2738 haesit]
871 2668 1160 2739 eleganter
1182 2637 1423 2738 diotum3

254 2759 390 2796 nam
427 2740 498 2795 in
534 2740 848 2804 arboribus,
885 2740 948 2793 in
967 2740 1170 2810 quibus
1191 2740 1423 2796 haerere

255 2813 526 2868 solebant
562 2828 708 2877 aves,
747 2812 862 2867 iam
897 2812 1077 2881 pisces
1102 2811 1423 2875 haeserunt,

254 2890 312 2939 et
355 2884 463 2939 ubi
515 2884 694 2953 pisces
733 2883 966 2939 fuerunt
1001 2884 1114 2939 iam
1153 2889 1425 2939 natarunt

255 2956 545 3020 dammae,
566 2955 745 3009 omnis
763 2961 1000 3010 naturae
1013 2956 1152 3011 ordo
1170 2957 1423 3011 inversus

256 3034 356 3083 est.
399 3027 503 3082 Sic.
540 3026 828 3081 claudian.
864 3028 926 3081 ιιι
950 3028 1114 3082 Prob.
1143 3034 1202 3083 et
1227 3028 1416 3097 Olybr.

257 3116 408 3154 eone.
425 3100 560 3152 169·
587 3115 722 3167 „per
745 3098 976 3153 flumina
995 3100 1250 3155 dammae
1273 3117 1422 3155 erra·

257 3172 422 3225 bunt.
430 3170 460 3199 “
523 3172 740 3239 Aptum
777 3169 956 3241 igitur
993 3188 1302 3241 oxymoron
1339 3176 1426 3225 est

251 3244 430 3312 pisces
473 3242 778 3307 haeseram,
815 3240 1064 3297 dammae
1099 3248 1388 3299 natarunt.

331 3314 401 3369 V.
432 3316 522 3367 13.
545 3312 802 3383 vidimus]
829 3312 1022 3382 Recte,
1059 3315 1279 3369 etiamsi
1303 3315 1424 3384 ipse

261 3386 540 3441 Horatius
553 3384 768 3441 Romae
790 3388 912 3441 tum
929 3403 1044 3440 non
1064 3386 1192 3440 fuit.
1204 3386 1424 3441 Vidisse

263 3474 322 3512 se
341 3457 544 3513 dicunt
563 3456 804 3511 Romani
819 3474 1202 3527 quaecumque
1220 3474 1320 3513 sua
1335 3476 1424 3513 ae-

265 3533 386 3585 tate
411 3528 568 3583 faeta
590 3533 740 3583 sunt.
759 3556 825 3567 -
843 3528 1068 3597 flavum]
1090 3534 1424 3599 perpetuum

263 3599 490 3656 Tiberis
515 3599 808 3669 epitheton
845 3605 1080 3670 propter
1109 3601 1424 3655 multitudi-

265 3688 395 3727 nem
415 3672 664 3726 harenae
685 3689 851 3740 quam
861 3672 1034 3727 ducit.
1059 3672 1197 3727 Inde
1207 3689 1427 3742 semper

263 3744 442 3811 flavus
469 3742 697 3804 Tiberis,
729 3761 845 3798 non
885 3743 1170 3799 contrario
1209 3744 1426 3813 ordine,

269 3814 538 3880 Carni-I,
577 3816 627 3881 8,
669 3815 720 3869 8.
765 3814 837 3883 H,
877 3817 1052 3883 3,18.
1107 3846 1174 3855 —-
1231 3786 1426 3873 Litore}

267 3886 538 3954 Etmsco]
559 3903 665 3955 pro
693 3855 860 3941 litor'e
889 3888 1060 3941 maris
1084 3888 1332 3955 Etrusci,
1365 3889 1426 3943 ιιι

269 3958 422 4027 quod
440 3957 663 4012 Tiberis
691 3956 1016 4014 effunditur.
1053 3958 1176 4015 Hoc
1201 3977 1426 4029 quoque

269 4034 585 4085 monstrum
607 4033 707 4083 est.
747 4028 967 4085 Tiberis
991 4048 1165 4100 aquas
1192 4032 1253 4086 ιιι
1271 4049 1426 4085 mare

267 4118 382 4156 non
421 4100 625 4155 effudit
651 4100 748 4155 sed
776 4102 1052 4157 violenter
1076 4104 1322 4171 retorsit,
1361 4120 1426 4158 eo

269 4173 392 4257 ipso
431 4172 666 4228 oonsilio
723 4177 788 4228 ut
842 4178 1008 4229 aucta
1057 4192 1332 4245 aquarum
1366 4176 1425 4229 vi

271 4244 556 4300 sinistram
575 4243 778 4314 ripam,
815 4244 874 4299 in
899 4264 1010 4317 qua
1047 4247 1159 4302 sita
1183 4251 1268 4302 est
1293 4247 1426 4329 urbs

271 4314 468 4385 Roma,
525 4314 800 4371 inundare
847 4318 1156 4388 urbemque
1192 4318 1426 4388 impiam

275 4388 548 4459 castigare
573 4392 778 4458 posset.
819 4388 1122 4458 Perperam
1159 4390 1262 4444 alii
1289 4390 1423 4445 litus

275 4458 574 4515 Etruscum
611 4458 902 4515 dexteram
940 4460 1184 4515 fluminis
1241 4462 1425 4531 ripam

278 4547 392 4585 esse
425 4530 746 4599 voluerunt,
791 4530 978 4587 litoris
1014 4536 1072 4587 et
1105 4533 1266 4603 ripae
1302 4550 1427 4603 per-

281 4602 648 4659 mutationem
685 4570 1025 4675 Vergilianis
1085 4604 1220 4661 locis
1265 4604 1424 4675 (Aen.

1527 2095 1627 2164 111,
1654 2095 1774 2149 390.
1815 2095 1966 2163 VIII,
1996 2094 2089 2165 88)
2120 2095 2363 2165 probare
2400 2099 2681 2151 conantes.

1526 2166 1878 2223 Monstrosae
1932 2166 2319 2221 inundationis
2372 2172 2433 2222 et
2468 2166 2679 2221 violen-

1527 2238 1644 2292 tiae
1699 2238 1947 2293 fluminis
2002 2242 2157 2294 reeta
2212 2238 2683 2309 interpretatione

1525 2310 1705 2364 multo
1732 2310 2004 2381 grandior
2032 2310 2223 2364 evadit
2259 2310 2465 2382 imago.
2488 2338 2556 2350 —-
2570 2326 2681 2365 mo-

1525 2386 1786 2436 numenta
1822 2380 2139 2451 ReyisJRe
2202 2400 2236 2437 a
2272 2382 2487 2437 Numae
2523 2381 2685 2436 Pom·

1525 2453 1669 2522 pilii,
1742 2453 2073 2522 simpliciter
2180 2454 2307 2524 egia
2370 2454 2675 2524 appellata,

1527 2530 1649 2579 tam
1690 2524 1897 2595 exiguo
1934 2524 2119 2595 spatio
2156 2544 2191 2579 a
2231 2526 2442 2595 templo
2480 2524 2685 2581 Vestae

1527 2597 1781 2652 seiuncta
1816 2600 1956 2665 erat,
1993 2601 2059 2651 ut
2094 2598 2213 2653 eius
2239 2598 2439 2667 templi
2476 2598 2683 2653 atrium

1521 2686 1703 2739 prope
1742 2668 2031 2723 videretur
2079 2673 2139 2723 et
2174 2668 2473 2724 diceretur.
2548 2668 2685 2725 Fuit

1527 2745 1719 2796 autem
1754 2740 1865 2795 sita
1902 2740 1973 2795 ad
1994 2740 2247 2795 Tiberim
2282 2741 2344 2795 ιιι
2380 2742 2495 2797 ima
2519 2745 2685 2811 parte

1524 2812 1655 2867 fori.
1694 2812 1875 2882 Regia
1910 2816 1971 2866 et
2006 2812 2303 2867 delubrum
2340 2812 2545 2869 Vestae
2580 2812 2683 2867 im-

1525 2888 1787 2953 peratore
1807 2883 2029 2938 Nerone
2046 2884 2307 2939 incendio
2326 2884 2515 2939 deleta
2536 2888 2684 2941 sunt.

1527 2954 1707 3011 Tacit.
1733 2958 1879 3009 Ann.
1906 2953 2025 3023 XV,
2050 2956 2137 3009 41.
2179 2956 2549 3010 Monumenta
2583 2974 2681 3011 no·

1524 3028 1889 3081 minabantur
1904 2996 2133 3096 pub’liea
2150 3026 2419 3082 aedificia.
2432 3027 2683 3098 -RiaeJ

1528 3098 1678 3153 Reae
1716 3098 1951 3162 Silviae;
2002 3116 2145 3167 quae
2182 3099 2409 3167 quidem
2446 3116 2573 3154 eum
2610 3098 2682 3153 ab

1528 3170 1759 3225 Amulio
1816 3170 1877 3225 in
1922 3169 2177 3225 Tiberim
2228 3171 2343 3238 (vel
2380 3170 2681 3241 Anienem)

1526 3241 1907 3312 praecipitata
1963 3246 2123 3310 esset,
2180 3242 2383 3296 Fluvio
2428 3242 2683 3311 nupsisse

1527 3314 1837 3369 dioebatur.
1890 3312 1991 3367 Cui
2028 3314 2099 3368 de
2134 3330 2267 3369 nece
2304 3312 2552 3369 Caesaris
2588 3330 2681 3368 ne-

1527 3386 1679 3455 potis
1703 3386 1963 3455 querenti
1986 3390 2051 3438 ut
2074 3402 2287 3439 morem
2306 3390 2533 3455 gereret
2549 3384 2679 3440 Flu-

1528 3458 1669 3522 vius‚
1722 3461 1904 3512 totam
1941 3456 2139 3511 urbem
2178 3456 2407 3511 diruere
2442 3456 2685 3511 voluisse

1529 3528 1753 3583 dieitur.
1829 3527 2186 3612 Quapropter
2236 3528 2433 3584 aedem
2480 3528 2685 3582 Vestae

1528 3600 1691 3671 petit,
1730 3604 1797 3653 ut
1820 3617 2039 3655 sacrum
2064 3601 2271 3671 ignem,
2306 3600 2506 3656 salutis
2526 3599 2683 3655 urbis

1527 3672 1751 3755 pignus,
1791 3672 2137 3755 exstinguat.
2166 3672 2346 3739 Quam
2382 3673 2527 3728 iram
2551 3671 2683 3727 Flu-

1527 3743 1629 3811 vii,
1700 3742 1930 3814 coniugi
2001 3742 2169 3798 nimis
2240 3744 2682 3827 obtemperantis

1529 3813 1804 3897 (uxorius)
1838 3815 2097 3885 Iuppiter
2134 3816 2381 3885 optimus
2406 3816 2682 3871 maximus

1529 3887 1683 3941 omni
1719 3886 1807 3941 ira
1842 3890 1903 3940 et
1936 3887 2123 3941 studio
2150 3888 2331 3943 maior
2356 3906 2473 3943 non
2495 3888 2686 3957 potuit

1529 3975 1643 4013 non
1679 3958 2034 4027 improbare;
2070 3960 2187 4029 ipse
2226 3964 2439 4015 terrere
2483 3959 2686 4028 voluit,

1529 4047 1644 4084 non
1681 4029 1883 4085 delere.

1601 4102 1665 4157 V.
1704 4104 1791 4157 21.
1826 4100 2052 4168 Audiet]
2088 4100 2213 4155 Hoe
2238 4118 2458 4183 quoque
2486 4102 2684 4154 eontra

1529 4180 1793 4229 naturam
1817 4178 1917 4237 est,
1956 4172 2106 4242 quod
2131 4172 2412 4227 intestinis
2434 4171 2638 4225 bellis'
2622 4188 2683 4225 ιιι

1532 4246 1871 4315 semetipsos
1882 4244 2121 4299 Romani
2141 4243 2415 4298 saeviunt.
2436 4242 2573 4297 Fuit
2584 4243 2682 4312 qui

1532 4318 1717 4373 locum
1744 4317 2092 4387 vituperaret
2116 4315 2261 4381 iden,
2298 4314 2467 4383 quod,
2494 4318 2559 4369 ut
2583 4313 2680 4368 do·

1528 4390 1759 4445 mestioa
1784 4388 1933 4443 bella
1952 4391 2103 4443 reete
2128 4390 2187 4441 et
2203 4385 2369 4441 facile
2390 4386 2677 4455 intellege·

1528 4465 1745 4529 rentur,
1778 4459 2133 4515 scribendum
2171 4456 2370 4512 fuisset
2392 4456 2527 4512 cives
2550 4472 2677 4511 con·

1527 4538 1619 4587 tra
1656 4533 1811 4588 cives.
1876 4529 2194 4600 Madvigius
2230 4532 2287 4583 et
2323 4528 2679 4585 Eeksteinius

1529 4622 1656 4659 cum
1712 4604 1901 4673 Ieepio
1958 4601 2348 4671 praetulerunt
2410 4598 2683 4670 rapuisse,
