3092 5059
458 222 585 286 482

1448 218 1954 288 SATIRARUM
1979 312 1994 326 .

561 406 903 499 Quaeres
958 409 1271 508 quando
1324 410 1609 485 iterum
1659 432 1944 507 paveas
1997 408 2432 505 iterumque
2479 406 2742 503 perire

486 569 537 609 το
570 532 848 630 Possis,
902 558 947 608 o
998 534 1279 609 totiens
1333 532 1630 610 servus!
1712 532 1930 625 Quae
1981 532 2213 609 belua
2261 531 2510 632 ruptis

568 658 763 737 Cum
820 659 1057 737 semel
1114 658 1411 755 effugit,
1464 656 1725 733 reddit
1774 684 1858 733 se
1907 682 2150 755 prava
2203 655 2542 733 catenis?

559 782 2874 883 „Nonsummoechus,“ais3nequeego,hercule,fur‚ubivasa

559 911 968 987 Praetereo
1020 911 1325 1009 sapiens
1378 922 1782 1007 argentea:
1833 908 2020 985 tolle
2061 906 2461 1005 periclum,

560 1034 729 1111 Iam
786 1060 983 1133 vaga
1032 1034 1387 1133 prosiliet
1440 1034 1680 1109 frenis
1727 1046 2001 1111 natura
2049 1034 2387 1110 remotis.

477 1194 527 1235 π
564 1162 783 1237 Tune
829 1160 1018 1235 mihi
1069 1160 1449 1256 dominus,
1508 1186 1764 1235 rerum
1816 1160 2163 1259 imperiis
2214 1158 2773 1257 hominumque

558 1286 709 1361 Tot
756 1286 1143 1384 tantisque
1196 1286 1474 1380 minor,
1532 1308 1759 1383 quem
1813 1296 1930 1359 ter
1983 1282 2320 1358 vindicta
2373 1293 2800 1381 quaterque

556 1410 926 1513 Imposita
978 1410 1189 1488 haud
1247 1434 1588 1510 unquam
1649 1411 1930 1486 misera
1975 1408 2396 1485 formidine
2447 1408 2747 1504 privet?

559 1534 789 1613 Adde
838 1560 1073 1634 super
1123 1536 1347 1612 dictis
1402 1535 1614 1635 quod
1668 1560 1822 1610 non
1874 1533 2122 1609 levius
2165 1532 2452 1609 valeat:
2503 1556 2678 1607 nam

560 1659 741 1737 Sive
788 1660 1121 1737 vicarius
1175 1674 1310 1755 est,
1367 1662 1498 1760 qui
1549 1684 1772 1735 servo
1811 1672 2032 1758 paret
2082 1696 2182 1711 —-
2233 1656 2347 1733 uti
2395 1682 2562 1733 mos

480 1817 532 1857 so
566 1786 837 1861 Vester
854 1784 1215 1859 ait-seu
1232 1808 1646 1859 conservus
1664 1810 1682 1879 3
1698 1782 1844 1858 tibi
1857 1780 2046 1880 quid
2067 1806 2237 1857 sum
2249 1782 2440 1879 ego?
2454 1780 2866 1879 -Nempe

557 1908 696 2006 Tu,
744 1908 937 1985 mihi
990 1909 1125 2008 qui
1176 1908 1593 2009 imperitas,
1649 1907 1788 1983 alii
1839 1907 2080 1982 servis
2133 1907 2366 1981 miser
2415 1920 2650 2006 atque

555 2035 879 2111 Duceris
922 2047 1011 2111 ut
1062 2034 1315 2109 nervis
1364 2034 1632 2109 alienis
1679 2032 1972 2109 mobile
2023 2031 2343 2130 lignum.

558 2159 932 2253 Quisnam
986 2158 1226 2256 igitur
1273 2158 1522 2235 liber?
1603 2157 1928 2254 Sapiens
1975 2157 2283 2256 sibique
2331 2156 2814 2253 imperiosae,

558 2283 805 2377 Quem
826 2308 1079 2382 neque
1094 2282 1501 2381 pauperies
1527 2306 1779 2381 neque
1805 2306 2014 2357 mors
2042 2306 2296 2380 neque
2319 2280 2630 2355 vincula
2647 2293 2948 2376 terrent,

457 2552 597 2608 cam
642 2550 957 2607 Kirchnero
1002 2550 1262 2619 Paulyus‚
1312 2550 1611 2619 Linkerus,

456 2623 723 2678 Lehrsius
771 2628 829 2678 et
874 2622 1223 2677 Duentzerus
1269 2640 1360 2678 vv.
1399 2625 1485 2676 63.
1526 2625 1612 2675 64.

456 2696 525 2750 65
550 2696 865 2763 eiecerunt3
902 2693 1262 2749 Doederlinio
1280 2712 1396 2748 non
1416 2693 1610 2763 displi-

456 2767 576 2822 cuit
612 2766 949 2821 indicativus
993 2764 1277 2835 semidae,
1312 2764 1610 2821 credit.—

454 2836 681 2907 ansti]
713 2837 929 2893 Omissa
963 2836 1244 2906 particula
1274 2852 1395 2892 cum
1424 2837 1514 2892 vel
1532 2838 1610 2905 εἰς

402 2952 421 2974 ,
454 2909 611 2965 vides
636 2909 948 2965 orationem
968 2909 1049 2963 sic
1080 2909 1456 2964 nervosiorem
1486 2908 1612 2962 red·

454 2981 529 3035 di.
572 3010 638 3021 —
680 2980 899 3051 totiens]
942 2981 1277 3050 saepissime.
1316 2980 1386 3035 cf.
1424 2980 1612 3049 Epist.

453 3053 499 3116 1,
524 3055 571 3117 1,
594 3053 643 3107 6.
694 3052 1049 3123 Cogitationes
1084 3052 1353 3106 addamus
1390 3068 1612 3106 necesse

455 3129 563 3180 est·
616 3124 914 3193 „quotiens
949 3124 1125 3179 talem
1158 3128 1217 3177 te
1254 3124 1555 3177 ostendisf‘

524 3195 592 3250 V.
628 3198 716 3249 74.
778 3196 945 3266 naqa]
1016 3196 1393 3265 προληπτοκῶς
1462 3194 1610 3263 posi-

453 3273 601 3323 tum:
650 3267 907 3337 prosiliet
953 3272 1010 3321 et
1059 3284 1129 3322 va
1170 3267 1373 3331 abitur,
1420 3284 1479 3321 se
1516 3284 1610 3321 ex-

453 3339 663 3394 tendet.
704 3368 770 3380 -
807 3338 1077 3407 vindicta]
1172 3356 1203 3393 e
1238 3340 1459 3393 ratione
1495 3356 1610 3393 ma-

454 3428 532 3465 nu
568 3428 789 3466 servum
824 3410 1089 3464 mittendi
1110 3410 1353 3465 Orellius
1392 3410 1463 3465 ad
1488 3410 1541 3465 h.
1572 3410 1610 3464 1.

454 3483 593 3537 haec
656 3482 851 3537 habet:
944 3482 1357 3551 „Comparebat
1420 3498 1612 3537 eoram

452 3558 715 3625 praetore
736 3553 950 3609 urbano
982 3554 1241 3609 dominus
1272 3570 1397 3608 cum
1426 3570 1606 3617 servo,

453 3628 774 3695 amicusque
814 3625 1046 3690 domini,
1074 3630 1318 3681 assertor
1346 3627 1406 3679 in
1441 3626 1610 3679 liber·

452 3702 655 3767 tatem3
686 3698 945 3753 dominus
962 3714 1187 3752 servum
1200 3697 1452 3752 vindicta
1470 3698 1610 3765 (vir-

453 3768 611 3841 gula)
647 3770 736 3824 vel
774 3770 991 3824 festuca
1025 3770 1164 3824 dicis
1212 3786 1380 3823 causa
1412 3786 1610 3837 percu-

452 3841 650 3909 tiebat,
688 3858 798 3910 quo
836 3858 992 3895 suem
1030 3842 1090 3895 in
1114 3858 1243 3895 eum
1270 3844 1610 3910 potestatem

452 3913 865 3968 manifestaret:
933 3918 1053 3967 tum
1118 3916 1361 3967 assertor
1426 3912 1486 3964 in
1541 3912 1608 3965 Ii·

452 3984 733 4040 bertatem
770 3984 915 4039 hanc
950 3983 1251 4037 formulam
1278 3984 1608 4053 pronuntia·

453 4056 581 4112 bet:
622 4056 795 4111 Hunc
818 4054 1080 4109 hominem
1106 4054 1331 4109 liberum
1368 4070 1481 4109 esse
1516 4056 1610 4109 aio

453 4144 519 4183 αι·
562 4128 685 4183 iure
780 4126 1043 4181 Mtium.
1136 4124 1406 4180 Dominus
1453 4127 1610 4180 velut

453 4198 653 4255 cedens
765 4198 1009 4253 versario
1044 4195 1201 4252 ficto.
1240 4196 1407 4252 Hunc
1440 4197 1608 4251 homi·

450 4286 571 4325 m
605 4270 831 4326 Rbmm
866 4284 976 4325 esse
1016 4268 1135 4325 volo
1186 4268 1277 4324 vel
1321 4268 1455 4325 liber
1491 4274 1608 4324 estc

452 4346 619 4413 atque
654 4341 805 4397 abito
844 4358 949 4411 quo
976 4334 1149 4410 velen
1188 4340 1318 4395 dein
1346 4358 1469 4395 eum
1505 4341 1612 4395 cir-

454 4414 791 4485 cumagebat
826 4418 885 4469 et
904 4428 1074 4467 manu
1097 4412 1422 4482 emittebat3
1458 4417 1612 4482 post·

454 4502 521 4538 es
576 4490 806 4554 praetor
860 4484 1115 4539 edicebat
1176 4500 1295 4539 eum
1348 4484 1616 4539 hommem

455 4556 677 4611 luter-um
716 4572 829 4613 esee
870 4573 939 4611 ιω
982 4557 1107 4613 iure
1144 4556 1465 4628 Quiritium.
1468 4556 1503 4587 “
1546 4582 1614 4596 ·-

1707 2566 1869 2621 super
1905 2548 2094 2619 dietis]
2143 2549 2236 2605 Sic
2279 2549 2671 2620 coniungenda
2715 2556 2868 2604 sunt.

1704 2620 1906 2676 Latior
1957 2622 2105 2676 enim
2155 2622 2382 2676 Horatii
2436 2638 2568 2675 usus
2625 2626 2712 2676 est
2763 2622 2868 2675 hu-

1705 2694 1792 2747 ius
1805 2693 2182 2819 alimiml'hff}
2233 2710 2408 2828 cumI
2425 2693 2868 2835 αξῙιὲἱνοΕζιὲιᾶ-

1705 2765 1802 2819 iun
1900 2782 1929 2819 e
2019 2780 2052 2820 o
2183 2782 2322 2819 arm.

1706 2838 1757 2905 7,
1795 2839 1846 2890 3.
1921 2836 2034 2891 Sat.
2075 2836 2147 2902 11,
2187 2838 2239 2901 6,
2277 2838 2327 2890 8.
2370 2836 2541 2907 Verg.
2577 2834 2776 2891 Bucol.
2819 2841 2866 2897 1.

1706 2910 1792 2962 80.
1867 2908 1986 2961 Alii
2021 2908 2127 2962 sic.
2167 2906 2308 2963 adde
2350 2924 2533 2977 πυρὴν·
2569 2906 2759 2962 dictis.
2799 2938 2868 2948 —

1702 2979 1968 3050 υἰσαήιιε]
2029 2979 2218 3034 Licuit
2284 2980 2460 3033 servis
2517 2978 2696 3033 alium
2753 2996 2868 3035 ser-

1707 3068 1840 3104 vum
1877 3070 1947 3104 ex
1977 3052 2198 3121 peculio
2244 3068 2345 3105 suo
2395 3068 2578 3106 emere
2629 3051 2700 3105 ad
2741 3068 2868 3120 per-

1703 3122 1942 3178 ficienda
1979 3140 2123 3191 quae
2157 3122 2266 3177 sibi
2303 3126 2488 3177 essent
2513 3123 2750 3177 servilia
2773 3140 2868 3177 ne-

1703 3195 1878 3265 gotia.
1950 3194 2098 3247 Eum
2145 3198 2332 3249 autem
2375 3194 2748 3249 nominabant
2783 3195 2868 3249 vi·

1705 3267 1936 3331 carium,
1960 3266 2073 3334 qui,
2105 3282 2232 3320 cum
2259 3266 2542 3336 peculium
2571 3282 2866 3320 servorum

1705 3338 1764 3391 in
1799 3342 2080 3407 potestate
2116 3338 2328 3392 domini
2371 3340 2533 3401 esset,
2561 3339 2712 3392 servi
2753 3356 2866 3393 nou

1703 3426 1897 3464 servus
1949 3410 2127 3464 solum
2188 3414 2313 3464 erat
2367 3408 2464 3463 sed
2510 3410 2688 3463 etiam
2735 3427 2866 3463 eon-

1702 3498 1910 3535 servus.
1959 3509 2026 3520 —
2073 3480 2198 3551 aliz]
2252 3480 2344 3536 Sic
2401 3482 2574 3535 etiam
2631 3480 2866 3535 Holder.

1702 3552 1845 3607 bene
1899 3568 1968 3607 ex
2023 3553 2269 3622 antiquis
2338 3551 2623 3607 codicibus
2637 3592 2651 3619 ,
2713 3552 2866 3621 quod

1704 3625 1871 3679 etiam
1907 3622 2138 3678 Lachm.
2167 3625 2238 3679 ad
2268 3623 2494 3678 Lucret.
2519 3642 2576 3694 p.
2597 3626 2708 3679 249
2779 3642 2866 3678 ro-

1702 3696 1878 3765 bavit,
1915 3695 2036 3763 alii,
2074 3700 2140 3749 ut
2175 3696 2405 3767 Haupt.‚
2439 3694 2704 3764 Meinek„
2783 3698 2866 3750 in·

1701 3768 1844 3831 ken,
1919 3766 2169 3822 Mueller.
2185 3808 2200 3837 ,
2262 3768 2456 3821 Lehrs.
2475 3808 2488 3835 ,
2547 3766 2864 3828 Eckstein..

1702 3838 1972 3908 Fritsch„
2046 3840 2281 3894 alteram
2353 3838 2662 3893 lectionem
2732 3840 2864 3893 aliis

1700 3910 2120 3981 praetulerunt3
2168 3910 2522 4035 significatur
2557 3928 2672 3965 non
2711 3908 2862 3965 Mae-

1703 4000 1894 4051 cenas,
1957 3982 2054 4036 sed
2105 3953 2214 4037 'libi
2255 4000 2288 4037 o
2337 3986 2396 4037 et
2441 3982 2742 4066 cupiditas.
2799 4011 2860 4022 —

1702 4053 1930 4125 limium]
1989 4053 2390 4125 significentur
2447 4049 2862 4124 νευρόσπαστα,

1701 4144 1878 4196 parva
1933 4127 2205 4194 quaedam
2258 4126 2591 4180 animalium
2636 4126 2862 4179 simuls-

1703 4214 1815 4266 cra,
1874 4215 2114 4267 quorum
2174 4196 2266 4253 vel
2323 4198 2547 4268 singula
2593 4198 2690 4252 vel
2739 4197 2862 4251 uni·

1701 4286 1866 4323 versa
1899 4269 2152 4325 membra
2189 4270 2356 4325 certis
2395 4269 2582 4323 nervis
2619 4269 2684 4322 in
2717 4268 2861 4323 hanc

1703 4342 1794 4395 vel
1837 4341 1998 4395 illam
2039 4346 2263 4411 partem
2308 4341 2683 4395 movebantur
2721 4338 2860 4409 (Ms-

1703 4412 2022 4482 rionetteu).
2047 4440 2119 4453 —
2142 4414 2355 4497 sibique
2387 4410 2742 4483 imperiosus]
2773 4410 2860 4465 Sie

1705 4484 1903 4553 scripsi
1941 4502 2067 4539 cum
2103 4484 2493 4554 antiquissimo
2532 4483 2656 4539 cod.
2693 4482 2858 4537 Blan-

1706 4556 1839 4619 din„
1873 4556 2090 4611 duobus
2127 4556 2254 4611 aliis
2289 4555 2543 4627 cruquii,
2589 4560 2861 4627 quattuor
