3092 5059
458 212 541 277 74

1426 213 1886 281 CARMmUM

860 403 1259 497 Quaerunt
1308 404 1630 480 latentes
1683 417 1760 479 et
1809 404 2074 501 thyma
2125 403 2397 479 deviae

956 528 1259 607 Olentis
1308 552 1589 605 uxores
1643 528 1922 622 mariti,

1058 653 1220 731 Nec
1268 654 1556 731 virides
1617 666 1964 731 metuunt
2015 652 2370 729 colubras

856 806 1021 881 Nec
1063 804 1455 880 Martiales
1506 803 1920 881 Haediliae
1967 803 2234 905 lupos3

776 966 825 1005 ιο
861 929 1301 1029 Utcumque
1354 929 1585 1026 dulci,
1639 930 2008 1027 Tyndari,
2057 930 2314 1006 fistula

960 1054 1220 1131 Valles
1272 1067 1349 1131 et
1396 1056 1700 1133 Usticae
1753 1056 2098 1132 cubantis

1054 1180 1295 1257 Levia
1318 1206 1818 1283 *personuere
1862 1208 2068 1259 saxa.

854 1332 954 1407 Di
1002 1356 1125 1407 me
1175 1344 1509 1427 tuentur,
1564 1331 1684 1406 dis
1739 1332 1984 1429 pietas
2037 1357 2211 1409 mea

854 1456 953 1531 Et
1005 1482 1225 1533 musa
1274 1456 1491 1533 cordi
1542 1470 1680 1533 est.
1776 1457 1929 1533 Hic
1971 1458 2114 1533 tibi
2160 1460 2386 1559 copia

776 1612 825 1653 ιο
958 1583 1309 1658 Manabit
1354 1581 1455 1658 ad
1509 1582 1828 1679 plenum
1881 1582 2214 1682 benigno

1072 1708 1301 1784 Ruris
1350 1708 1736 1784 honorum
1791 1708 2160 1807 opulenta
2209 1734 2468 1785 cornu.

856 1856 1008 1933 Hic
1060 1859 1141 1933 in
1192 1858 1508 1935 reducta
1559 1858 1762 1935 valle
1818 1858 2233 1937 Caniculae

855 1984 1153 2060 Vitabis
1205 1998 1456 2062 aestus
1512 1997 1589 2061 et
1636 1984 1792 2061 fide
1835 1986 2026 2061 Teia

957 2110 1185 2187 Dices
1236 2110 1676 2187 laborantes
1729 2112 1810 2187 in
1862 2136 2013 2185 uno

772 2270 824 2311 20
1056 2235 1499 2334 Penelopen
1555 2236 2033 2336 vitreamque
2087 2234 2388 2312 Circen.

455 2418 717 2475 Lambini
750 2418 909 2473 codd.
946 2423 1139 2487 totum,
1170 2435 1242 2473 ne
1275 2418 1363 2473 bis
1397 2420 1602 2474 securi·

456 2497 541 2545 tas
558 2492 748 2562 gregis
768 2490 1129 2546 indicaretur.
1169 2489 1277 2544 Sed
1304 2494 1483 2544 tutum
1509 2451 1624 2545 rie-l

456 2580 580 2618 mus
606 2567 705 2621 est.
732 2563 793 2616 in
818 2580 928 2631 quo
956 2562 1099 2616 nihil
1118 2566 1203 2616 est
1224 2562 1480 2632 periculi,
1504 2542 1621 2641 int-¹

448 2651 602 2705 pune
638 2634 904 2689 adverbio
940 2632 1255 2689 securitatis
1294 2650 1485 2687 sensus
1510 2650 1602 2688 ex·

455 2706 736 2776 primitur.
761 2734 828 2746 —
848 2706 1099 2773 arbutos]
1126 2704 1196 2759 cf.
1216 2704 1382 2775 Verg.
1402 2705 1603 2775 Georg.

456 2778 556 2844 111,
576 2780 697 2832 300.
726 2806 791 2817 -—
817 2776 1033 2847 mariti]
1059 2776 1321 2831 Imitatus
1355 2780 1439 2831 est
1457 2776 1602 2830 Mar·

455 2850 575 2904 tial.
602 2848 751 2911 XIV,
783 2850 900 2911 140,
933 2851 960 2901 1
999 2848 1239 2916 „olentis
1276 2848 1452 2901 barba
1488 2864 1604 2902 ma·

455 2921 609 2975 riti.“
634 2950 703 2960 —
741 2919 1055 2989 Martiales]
1094 2918 1266 2973 Marti
1304 2920 1449 2974 sacri
1472 2924 1606 2973 sunt

457 2991 591 3062 lupi.
628 2990 793 3062 Verg.
830 2992 973 3045 Aen.
1010 2990 1107 3059 IX,
1132 2992 1255 3044 566.
1288 3020 1357 3030 —
1394 2990 1604 3045 Haedi-

456 3063 587 3134 liae]
625 3062 717 3117 Sic
739 3080 929 3118 omnes
964 3062 1083 3116 fere
1118 3062 1251 3115 libri
1268 3061 1423 3117 MSS.
1451 3062 1602 3117 Hae·

456 3134 595 3190 daia
630 3152 789 3189 mons
827 3150 926 3188 seu
960 3133 1123 3189 vallis
1168 3132 1341 3187 fuisse
1376 3133 1604 3189 videtur

458 3208 516 3260 in
560 3207 853 3262 vicinitate
901 3205 1069 3261 villae
1110 3204 1365 3259 Sabinae.
1440 3204 1605 3273 Quod

458 3296 583 3333 cum
632 3277 958 3345 nesciretur,
1012 3277 1349 3347 interpretes
1400 3276 1602 3333 haedu-

457 3351 567 3405 leae
610 3350 701 3403 vel
746 3349 1034 3405 hmnuleae
1084 3349 1427 3418 scripserunt
1472 3366 1602 3405 con·

457 3421 683 3477 iecturis
742 3420 1123 3475 audacissimis
1182 3438 1331 3475 nunc
1398 3422 1602 3476 merito

454 3492 693 3548 reiectis.
734 3490 1061 3559 BiichelerO,
1098 3492 1193 3561 qui
1238 3509 1441 3547 nomen
1468 3508 1602 3563 por·

456 3564 619 3620 caiae
652 3564 690 3616 i.
710 3580 756 3619 e.
792 3563 1069 3632 poi-culae,
1094 3564 1360 3633 porculae
1394 3563 1601 3618 lacten-

456 3640 559 3702 tes,
608 3634 973 3704 comparavit‚
1018 3633 1263 3690 haedilia
1306 3635 1602 3705 appellati-

457 3724 591 3761 vum
626 3722 829 3761 nomen
866 3710 951 3761 est
992 3706 1306 3775 (Zicklein).
1348 3736 1415 3745 —-
1457 3706 1599 3776 Tyn·

454 3776 603 3847 dari]
654 3776 740 3831 De
786 3777 969 3833 forma
1014 3778 1261 3833 vocativi
1308 3777 1380 3832 cf.
1420 3777 1600 3831 Carm.

456 3848 550 3916 IV,
574 3850 626 3917 3,
655 3850 737 3903 18.
776 3878 842 3889 -
879 3848 1091 3920 ficticia]
1127 3848 1324 3903 Fauni.
1361 3850 1415 3903 Is
1452 3850 1602 3903 enim

456 3921 575 3974 sive
632 3918 749 3975 Pan
804 3920 1025 3975 fistulae
1081 3921 1358 3976 inventor.
1433 3920 1600 3989 Verg.

456 3992 648 4046 Bucol.
698 3993 749 4059 2,
788 3993 873 4046 32.
910 3994 961 4053 8.
997 3994 1085 4045 24.
1129 4020 1197 4033 -
1255 3990 1472 4047 Usticae
1510 4006 1601 4046 cu·

456 4063 656 4132 hantis]
712 4064 911 4118 leviter
960 4063 1189 4119 declivis
1244 4063 1317 4118 ad
1360 4063 1602 4132 speciem

455 4134 711 4190 cubantis
748 4134 1005 4191 hominis.
1041 4134 1367 4191 Tenendum
1394 4138 1600 4201 tamen,

456 4206 707 4261 Usticam
743 4223 855 4261 non
874 4212 1122 4262 montem
1146 4208 1327 4261 solum
1351 4205 1449 4259 sed
1482 4206 1600 4262 val-

458 4279 567 4333 lem
602 4294 824 4348 quoque
856 4296 1002 4346 esse3
1036 4279 1107 4335 de
1144 4296 1255 4347 qua
1288 4294 1352 4331 re
1385 4278 1601 4332 dictum

456 4354 541 4405 est
576 4350 637 4403 in
655 4348 787 4404 Vita
810 4349 1047 4405 Horatii.
1088 4378 1154 4389 -—-
1190 4348 1303 4417 hic]
1342 4348 1449 4403 Per
1470 4366 1600 4403 ana-

456 4422 693 4493 phoram
747 4422 838 4476 ter
890 4421 1193 4492 repetitum
1234 4420 1600 4487 vocabulum3

458 4494 664 4549 rectius
682 4511 851 4563 quam
870 4493 1021 4562 quod
1028 4492 1079 4547 Κ
1084 4492 1255 4546 allero
1272 4495 1331 4546 et
1340 4490 1600 4547 Schiitsio

454 4566 669 4635 placuit
693 4564 823 4621 hino
846 4582 917 4620 ex
936 4564 1217 4634 plerisque
1254 4562 1435 4633 codd.·,
1454 4563 1603 4618 unde

1705 2420 1884 2475 nescis
1931 2436 2100 2489 quam
2143 2418 2348 2472 bonam
2385 2416 2724 2471 sententiam
2759 2414 2862 2469 eli·

1706 2491 1837 2546 cias.
1873 2490 1940 2544 In
1964 2488 2331 2545 divisionibus
2356 2492 2544 2543 autem
2563 2484 2862 2557 anaphora

1706 2563 1997 2632 propriam
2034 2560 2218 2616 sedem
2251 2560 2449 2619 habet:
2495 2559 2707 2613 etenim
2741 2558 2864 2612 tria

1708 2638 1840 2687 sunt
1873 2633 2074 2702 quibus
2095 2632 2370 2701 Tyndaris
2405 2632 2464 2684 in
2483 2630 2694 2685 Sabino
2717 2646 2860 2701 gau-

1708 2703 1881 2758 debit.
1920 2734 1986 2743 —
2023 2704 2184 2772 copia
2217 2703 2464 2757 manabit
2500 2744 2511 2757 .
2556 2744 2571 2756 .
2609 2741 2625 2755 .
2659 2700 2858 2770 coma]

1707 2774 1831 2843 Qua
1877 2776 1932 2830 h.
1971 2775 2010 2829 1.
2059 2792 2190 2829 usus
2235 2780 2320 2829 est
2366 2774 2636 2829 Horatius
2679 2772 2861 2827 abun-

1707 2847 1921 2915 dantia,
1989 2847 2424 2917 haudquaquam
2493 2850 2580 2899 est
2635 2844 2860 2913 vitupe-

1706 2919 1886 2974 randa
1899 2959 1916 2986 ‚
1951 2918 2153 2974 deinde
2178 2918 2318 2973 ordo
2342 2918 2644 2974 verborum
2667 2916 2861 2970 minus

1707 2994 1996 3045 contortus
2058 2996 2144 3045 est
2203 3007 2372 3059 quam
2433 2989 2660 3045 videtur
2722 3004 2860 3043 esse.

1709 3060 1912 3117 Omnia
1951 3067 2104 3117 recte
2141 3062 2289 3117 inter
2328 3078 2386 3116 se
2421 3060 2710 3130 excipiunt
2745 3058 2860 3112 nisi

1708 3135 1861 3203 quod
1894 3134 2068 3189 verba
2093 3132 2321 3204 bmiqno
2361 3148 2548 3199 cornu,
2582 3136 2652 3185 ut
2687 3147 2862 3199 saepe

1706 3204 1790 3273 fit,
1839 3206 1922 3260 in·
1945 3205 2210 3261 extremis
2258 3204 2397 3259 locis
2441 3204 2682 3257 duorum
2729 3219 2860 3255 ver-

1707 3294 1868 3333 suum
1917 3278 2102 3346 posita
2155 3281 2300 3331 sunt.
2357 3302 2424 3313 ·-
2475 3274 2554 3330 ad
2605 3272 2856 3343 plemam]

1707 3349 2072 3405 abundanter.
2111 3348 2276 3419 Ver-g.
2306 3347 2506 3417 Geor-g.
2534 3346 2607 3413 H,
2633 3346 2757 3399 244.
2785 3374 2856 3383 —-

1705 3421 1830 3475 beni
1969 3420 2165 3488 cornu]
2204 3420 2483 3487 Decor-nu
2509 3417 2704 3487 copiae
2727 3417 2862 3487 lege

1707 3491 1818 3547 Ovi
1857 3534 1871 3546 .
1921 3491 2056 3546 Met.
2101 3490 2199 3559 IX,
2243 3491 2480 3558 85—893
2526 3488 2722 3545 eodem
2767 3506 2858 3542 re-

1707 3563 1892 3633 spexit
1911 3562 2182 3617 Horatius
2217 3563 2274 3617 C.
2301 3561 2356 3617 S.
2377 3562 2462 3617 59.
2497 3561 2679 3631 Epist.
2699 3560 2746 3627 1,
2771 3561 2858 3626 12,

1706 3636 1794 3689 28.
1829 3664 1902 3677 -
1937 3634 2092 3689 ruris
2121 3632 2410 3700 honorum]
2451 3634 2547 3701 qui
2585 3637 2718 3687 sunt
2751 3630 2856 3685 flo-

1705 3724 1814 3774 res,
1850 3706 2057 3775 fruges.
2093 3704 2168 3759 cs.
2207 3704 2322 3759 Sat.
2363 3703 2436 3771 11,
2477 3706 2530 3771 5,
2569 3706 2652 3757 12.
2721 3702 2854 3757 Imi-

1707 3782 1858 3832 tatus
1893 3782 1978 3833 est
2015 3775 2154 3831 Stat.
2191 3775 2326 3830 silv.
2351 3774 2447 3844 IV,
2465 3777 2517 3843 5,
2544 3778 2600 3828 1:
2641 3773 2850 3843 „Parvi

1705 3848 1901 3903 beatus
1920 3848 2068 3903 ruris
2092 3847 2450 3903 honoribus.“
2477 3876 2543 3887 -
2566 3845 2676 3915 fide
2696 3845 2850 3915 Tela]

1705 3921 1828 3989 lyra
1887 3920 2258 3975 Anacreontis
2312 3917 2453 3987 Teii,
2511 3918 2670 3973 cuius
2729 3921 2854 3971 tota

1704 3993 1888 4062 poesis
1951 3991 2064 4045 fuit
2125 3990 2415 4045 amatoria.
2475 4018 2540 4031 ·-
2603 3989 2854 4044 αἵθ-θωπ-

1707 4080 1805 4133 que
1839 4061 2052 4131 Circen]
2101 4060 2452 4132 splendidam
2499 4062 2680 4114 instar
2715 4061 2852 4113 vitri

1706 4140 1764 4188 et
1809 4134 2128 4200 formosam,
2173 4132 2272 4187 sed
2318 4148 2460 4201 quae
2504 4148 2632 4186 cum
2669 4131 2852 4201 splen-

1705 4206 1842 4261 dore
1900 4205 2038 4259 vitri
2101 4202 2472 4273 fragilitatem
2534 4202 2856 4273 coniungat.

1705 4277 1775 4332 cf.
1813 4277 1926 4331 Sat.
1965 4276 2038 4344 11,
2073 4278 2126 4340 3,
2161 4276 2285 4329 222.
2321 4275 2502 4329 Carm.
2539 4274 2640 4342 111,
2678 4276 2765 4341 13,
2808 4278 2852 4329 1.

1705 4349 1822 4403 Alii
1870 4348 2102 4403 vitream
2148 4347 2362 4402 dictum
2409 4348 2608 4400 volunt
2655 4345 2857 4401 Circen

1705 4421 1778 4474 ab
1833 4436 2010 4488 aquae
2071 4419 2258 4473 colore
2313 4417 2588 4485 caeruleo,
2651 4414 2856 4485 ὑαλίνφ

1705 4495 1771 4545 ut
1804 4490 1898 4547 IV.
1925 4492 1976 4557 2,
2003 4493 2054 4553 3,
2091 4491 2220 4559 quia
2251 4489 2408 4545 Circe
2441 4488 2694 4559 nympha
2729 4494 2856 4544 erat

1703 4563 1924 4619 marina
1965 4568 2064 4617 aut
2106 4567 2258 4618 certe
2299 4560 2540 4615 insulam
2585 4561 2852 4617 incolens.
