3092 5059
320 175 445 242 636
1387 171 1644 238 LIBER

425 362 733 462 Pythias
782 373 1134 438 emuncto
1188 359 1482 436 lucrata
1533 361 1847 454 Simone
1891 359 2284 452 talentum,

422 486 551 562 An
600 499 851 562 custos
897 486 1386 585 famulusque
1441 485 1566 561 dei
1626 484 1930 560 Silenus
1981 481 2296 559 alumni.

324 649 401 690 κο
420 615 531 688 Ex
584 625 763 687 noto
809 611 1073 686 fictum
1128 637 1437 686 carmen
1486 636 1786 709 sequar,
1842 624 1930 684 ut
1982 608 2131 683 sibi
2184 605 2434 707 quivis

423 739 699 838 Speret
749 735 980 832 idem,
1021 713 1261 812 ‘sudet
1312 737 1636 811 multum
1689 737 2132 833 frustraque
2178 732 2478 808 laboret

425 859 679 936 Ausus
733 861 975 936 idem:
1032 873 1329 936 tantum
1383 861 1619 936 series
1671 855 2498 963 iuncturaque-pollet,

422 987 750 1063 Tantum
804 987 902 1064 de
953 987 1209 1062 medio
1265 985 1586 1084 sumptis
1642 985 1938 1061 accedit
1989 984 2330 1062 honoriS.

425 1111 653 1189 Silvis
709 1111 1021 1188 deducti
1072 1124 1395 1187 caveant
1445 1136 1571 1186 me
1622 1110 1878 1186 iudice
1929 1110 2199 1206 Fauni,

323 1266 401 1309 m
422 1235 539 1313 Ne
588 1237 801 1313 velut
848 1238 1092 1312 innati
1141 1238 1389 1312 triviis
1442 1263 1532 1313 ac
1583 1262 1827 1335 paene
1881 1238 2227 1312 forenses

434 1361 592 1438 Aut
640 1361 964 1436 nimium
1016 1362 1299 1439 teneris
1350 1364 1812 1438 iuvenentur
1867 1361 2210 1438 versibus
2259 1387 2602 1459 unquam

427 1487 588 1561 Aut
639 1486 1039 1562 immunda
1092 1501 1407 1587 crepent
1455 1487 2126 1585 ignominiosaque
2180 1485 2417 1561 dicta:

430 1610 947 1688 Offenduntur
1000 1612 1203 1688 enim
1260 1612 1533 1711 quibus
1587 1625 1698 1686 est
1749 1635 1989 1710 equus
2049 1624 2124 1685 et
2175 1626 2394 1709 pater
2453 1625 2531 1686 et
2577 1639 2731 1709 res,

428 1733 587 1812 Nec
638 1737 704 1812 si
758 1736 945 1835 quid
994 1738 1202 1812 fricti
1258 1737 1525 1814 ciceris
1580 1738 1861 1838 probat
1911 1750 1989 1814 et
2037 1737 2254 1840 nucis
2306 1749 2634 1834 emptor,

330 1969 735 2022 componerem.
790 1982 855 1992 -
916 1953 1059 2008 mm
1103 1953 1351 2024 intersit]
1412 1972 1482 2009 ne

330 2025 555 2092 Satyros
604 2024 831 2092 quidem
881 2029 979 2080 aut
1024 2025 1275 2082 Silenum
1314 2027 1485 2109 ’decet

330 2097 403 2151 ad
426 2112 737 2150 sermonem
775 2097 1124 2167 descendere,
1164 2115 1272 2168 quo
1309 2098 1366 2150 in
1395 2115 1480 2154 co-

328 2167 564 2222 moediis
612 2166 802 2222 Davus
858 2168 1177 2240 similesque
1212 2187 1483 2239 personae

328 2243 594 2306 utuntur3
632 2239 701 2293 cf.
732 2257 783 2293 v.
811 2240 917 2292 243
952 2258 1069 2310 sqq.
1113 2271 1179 2280 —
1220 2241 1479 2311 Pythias]

332 2327 607 2382 „persona
643 2311 855 2365 comica
899 2313 959 2366 in
1000 2313 1287 2368 comoedia
1322 2311 1481 2366 Luci-

331 2383 396 2437 lii
426 2381 691 2465 (Orellius
726 2383 987 2438 coniecit:
1030 2383 1303 2454 Caecilii),
1342 2401 1485 2454 quae

332 2453 620 2509 inducitur
670 2471 772 2524 per
822 2457 1055 2510 astutias
1102 2456 1354 2525 accipere
1395 2473 1481 2511 ar-

333 2530 567 2596 gentum
625 2543 659 2579 a
714 2523 939 2580 Simone
992 2526 1217 2581 domino
1271 2545 1369 2582 Βιιο
1423 2527 1483 2581 in

332 2597 521 2652 dotem
559 2614 689 2651 suae
730 2596 933 2652 filiae.“
973 2599 1179 2654 Comm.
1220 2597 1384 2667 Cruq.
1415 2628 1480 2638 —

332 2675 383 2725 et
420 2667 635 2737 audax]
684 2668 761 2722 sic
804 2675 955 2724 recte
992 2687 1061 2724 ex
1097 2671 1483 2738 antiquissimo

334 2740 455 2795 cod.
475 2739 774 2794 Blandinio
800 2746 859 2794 et
882 2741 1061 2796 altero
1089 2743 1336 2811 Cruquii‚
1373 2760 1484 2796 non

334 2829 411 2866 aes
446 2809 655 2880 audax,
704 2828 846 2880 quae
892 2814 1299 2896 permultorum
1336 2813 1483 2868 codi-

336 2901 459 2938 cum
496 2883 664 2936 lectio
702 2888 802 2938 est.
840 2883 920 2938 Et
944 2903 1124 2955 recep.
1150 2885 1323 2939 etiam
1342 2885 1486 2939 Krii-

335 2973 471 3026 ger„
518 2953 743 3021 Keller,
792 2955 1095 3026 Eckstein„
1148 2957 1368 3011 Miiller.
1418 2985 1483 2996 —

336 3025 605 3096 emuncto]
644 3025 913 3082 Horatius
940 3030 1192 3083 consulto
1221 3028 1276 3082 h.
1297 3047 1349 3082 v.
1377 3029 1486 3083 uti-

334 3103 447 3166 tur,
493 3099 645 3166 quod
694 3103 974 3168 sumptum
1012 3105 1098 3154 est
1145 3119 1211 3154 ex
1261 3099 1486 3154 dialoo

338 3169 574 3234 comi003
622 3187 725 3239 pro
766 3171 1009 3240 privare,
1053 3171 1311 3240 decipere.
1434 3189 1486 3226 e·

336 3245 479 3296 rent.
544 3239 767 3295 Phorm.
826 3242 921 3330 IV,
966 3248 1018 3311 4,
1076 3247 1131 3296 1:
1207 3243 1487 3310 „Emunxi

336 3317 571 3440 ιιι-ἰὲοιιιο
621 3330 803 3382 senes3
806 3314 839 3342 ‘⁴
882 3283 1235 3386 ἀπομύσσειῖ)
1272 3315 1343 3368 de
1378 3332 1489 3383 quo

524 3383 761 3439 Passow.
811 3385 918 3440 lex.
966 3405 1007 3440 s.
1046 3405 1099 3440 v.
1160 3416 1221 3424 —
1284 3386 1486 3457 custos]

337 3456 501 3511 Diod.
544 3455 648 3510 Sic.
687 3456 781 3522 IV,
817 3460 875 3511 4.
916 3462 1096 3530 ,,φασ1
1136 3457 1199 3511 δὲ
1237 3461 1329 3510 καὶ
1364 3477 1487 3510 ncu-

338 3524 600 3596 δαγωγὸν
633 3531 726 3580 καὶ
753 3534 959 3612 τροφέα
987 3533 1327 3584 συνέπεσθαι
1351 3526 1487 3582 κατὰ

335 3597 427 3658 τὰς
464 3604 744 3667 στοατείας
779 3595 1033 3670 Διονύσῳ
1070 3596 1390 3667 Σειληνόνμ
1421 3630 1487 3639 -

340 3687 405 3726 a
439 3669 586 3738 noto]
626 3669 915 3728 Sententia
951 3677 1059 3727 est.
1098 3677 1217 3726 tam
1254 3675 1389 3726 noto
1426 3689 1492 3726 ac

340 3743 508 3796 solito
544 3741 766 3796 dicendi
791 3761 995 3814 genere
1020 3749 1171 3812 utar,
1208 3748 1274 3797 ut
1310 3743 1490 3812 quivis

338 3813 487 3869 idem
536 3831 595 3868 se
639 3830 801 3882 posse
850 3821 1052 3885 speret,
1088 3819 1491 3883 verumtamen,

337 3884 949 4041 {isatffi‘fffflssffssssst‘
965 3887 1491 4014 ἓὲἒὲῗὲἔῖὲῗίἓῗ

338 4029 448 4084 ries
474 4032 532 4084 et
564 4027 824 4083 iunctura
849 4029 939 4096 (cf.
971 4049 1024 4086 v.
1046 4030 1140 4101 48)
1170 4030 1491 4095 verborum,

340 4118 451 4170 qua
499 4099 749 4170 vulgaris
798 4102 969 4156 etiam
1020 4102 1289 4157 sermonis
1336 4105 1491 4184 pote-

340 4177 455 4226 stas
494 4177 550 4226 et
585 4171 765 4226 honor
802 4189 1145 4243 magnopere
1172 4174 1363 4243 augeri
1397 4191 1494 4243 po-

340 4248 465 4298 test.
539 4242 618 4296 Et
668 4243 809 4298 bene
866 4243 1239 4300 Wielandius.
1297 4245 1497 4312 „Diese

342 4314 515 4369 Stelle
550 4315 625 4367 ist
663 4315 791 4370 sehr
827 4316 1227 4386 merkwiirdig.
1262 4314 1353 4370 Sie
1380 4323 1495 4371 ent-

341 4385 463 4439 h'alt
492 4385 607 4438 eins
641 4403 753 4440 von
790 4387 898 4440 den
934 4405 1165 4458 grossen
1192 4388 1497 4457 Mysterien

343 4456 442 4509 der
462 4454 660 4521 Kunst,
698 4457 906 4512 welche
926 4459 1194 4515 Horatius
1223 4477 1364 4530 ganz
1404 4478 1497 4514 zu-

345 4525 704 4582 versiohtlich
786 4531 1202 4588 ausschwatzen
1292 4531 1498 4600 durfte,

1578 1954 1722 2009 ohne
1759 1951 1991 2016 Furcht,
2037 1953 2162 2008 dass
2209 1970 2271 2007 er
2314 1953 2424 2007 den
2472 1947 2738 2024 ἆμυὴτοις

1577 2031 1747 2080 etwas
1808 2025 2108 2080 verrathen
2165 2024 2364 2079 habe.“
2425 2054 2497 2064 —
2559 2041 2738 2080 ausus

1574 2097 1740 2166 idem]
1777 2096 2038 2152 Consulto
2075 2096 2214 2151 haec
2249 2096 2422 2151 verba
2457 2096 2516 2150 in
2559 2097 2728 2151 initio

1577 2186 1769 2223 versus
1806 2170 1991 2238 posita
2027 2173 2174 2232 sunt,
2211 2173 2276 2222 ut
2313 2167 2471 2237 quasi
2509 2173 2737 2222 certent

1580 2259 1703 2294 cum
1739 2239 1938 2366 prigeiis
1969 2240 2162 2366 garbis
2197 2240 2734 2380 prffiq'edeqtisyer-

1578 2329 1684 2366 sus.
1714 2340 1777 2351 -
1915 2327 1966 2365 m
2033 2326 2086 2366 ιο
2121 2327 2277 2380 sump
2410 2329 2482 2365 no
2512 2329 2738 2374 issimis,

1581 2400 1724 2453 quae
1759 2387 2048 2453 ponuntur
2085 2387 2283 2437 contra
2327 2384 2622 2452 exquisita.
2666 2410 2736 2423 —

1579 2454 1812 2525 deductu]
1877 2455 1936 2508 in
1990 2470 2260 2509 scaenam.
2339 2453 2522 2510 Fauni
2583 2454 2735 2509 h.1.

1582 2527 1730 2582 idem
1767 2530 1897 2580 sunt
1934 2526 2029 2594 qui
2065 2525 2265 2593 Satyri.
2307 2555 2369 2564 —-
2408 2525 2597 2580 innati
2631 2526 2738 2580 tri-

1577 2598 1705 2669 viis]
1751 2597 1949 2664 Fauni,
2005 2599 2206 2666 inquit,
2251 2597 2533 2652 silvestres
2583 2603 2731 2666 sunt,

1581 2687 1755 2739 quare
1789 2686 1902 2723 non
1935 2637 2074 2724 licet
2110 2670 2179 2723 iis
2216 2669 2492 2722 urbanum
2530 2685 2737 2724 sermo-

1579 2759 1708 2796 nem
1745 2741 1957 2796 imitari
1983 2746 2040 2794 et
2064 2740 2173 2795 sibi
2207 2757 2490 2812 arrogare,
2527 2758 2600 2794 ne
2635 2745 2734 2794 aut

1579 2829 1706 2868 cum
1762 2812 2109 2896 elegantibus
2159 2813 2453 2866 iuvenibus
2503 2812 2738 2866 nimiam

1581 2883 1862 2939 adfectent
1913 2883 2272 2938 teneritatem
2315 2901 2382 2938 ac
2437 2883 2732 2938 mollitiem

1583 2955 1863 3025 quandam
1898 2955 2119 3010 dicendi
2159 2961 2258 3010 aut
2293 2971 2421 3010 cum
2457 2956 2738 3024 corruptis

1583 3027 1902 3082 hominibus
1940 3026 2227 3080 immunda
2257 3031 2501 3097 crepent.
2541 3027 2740 3081 Innati

1583 3099 1762 3154 triviis
1787 3102 1918 3152 sunt
1951 3098 2154 3152 urbani
2182 3098 2446 3153 homines.
2487 3098 2588 3152 sed
2611 3115 2738 3152 cum

1584 3171 1772 3238 aliquo
1809 3174 2132 3239 contemptu
2157 3171 2368 3224 dictum
2407 3175 2521 3236 est3
2559 3187 2742 3252 neque

1583 3259 1720 3296 vero
1771 3258 1959 3296 omnes
2017 3241 2113 3309 qui
2159 3246 2292 3295 sunt
2329 3242 2388 3296 in
2437 3241 2578 3295 urbe
2621 3241 2742 3294 nati

1585 3313 1831 3368 forenses
1869 3317 2015 3374 sunt,
2051 3331 2180 3366 nam
2213 3313 2457 3381 forenses
2481 3317 2616 3366 sunt
2641 3312 2740 3380 qui

1585 3386 1644 3439 in
1679 3385 1804 3439 foro
1841 3384 2054 3439 versari
2077 3389 2137 3438 et
2171 3401 2368 3438 causas
2407 3401 2574 3454 agere
2611 3400 2740 3438 oon-

1585 3461 1886 3510 sueverunt
1904 3456 2140 3524 ideoque
2159 3456 2432 3509 urbanam
2455 3455 2738 3510 rationem

1586 3528 1808 3583 dicendi
1871 3528 2170 3616 diligenter
2233 3526 2624 3582 observarunt.
2673 3555 2742 3566 -

1585 3599 1924 3670 iuvenentur]
1983 3596 2130 3658 ἅπαξ
2181 3592 2486 3680 λεγόμενον
2535 3597 2742 3652 forma-

1586 3675 1706 3725 tum
1753 3671 1826 3725 ad
1865 3669 2136 3726 Graecum
2181 3663 2586 3725 νεανιεύεσθαι.
2659 3669 2748 3723 De

1587 3743 1866 3813 elefflntia
1917 3743 2178 3798 dictionis
2221 3742 2468 3811 positum
2517 3745 2619 3796 est.
2672 3771 2744 3781 —

1583 3813 1774 3883 equus]
1833 3814 2158 3870 Indicantur
2213 3813 2441 3882 equites.
2496 3813 2745 3884 zozymi,

1583 3887 1886 3954 locupletes,
1923 3903 2113 3940 omnes
2137 3885 2362 3940 omnino
2390 3885 2488 3954 qui
2523 3885 2746 3954 aliquid

1582 3958 1831 4012 sentiunt
1867 3958 1926 4011 in
1971 3957 2076 4012 hac
2115 3974 2190 4010 re.
2247 3985 2314 3995 —
2355 3957 2546 4026 pater]
2593 3957 2748 4010 servi

1585 4029 1734 4084 enim
1770 4035 1829 4084 et
1866 4029 2058 4083 liberti
2095 4028 2248 4081 nullo
2286 4033 2452 4097 patre
2488 4029 2610 4082 nati
2645 4027 2746 4081 ha-

1587 4101 1881 4156 bebantur.
1936 4129 1996 4140 —-
2050 4099 2262 4170 ciceris]
2311 4098 2493 4168 δῆμος
2535 4117 2746 4169 κυαμο-

1588 4189 1726 4298 {aff
1707 4169 2570 4311 ι,11]’,Ρξιίἷᾶ1ἓξΒΐέῗιξῖιῖῗιιι·ιιΕιξιᾳἓζιιιιιιξέ
2577 4169 2751 4296 eodil-

1593 4317 1756 4384 Cruq.
1822 4315 2108 4369 habebant
2159 4313 2332 4380 fricti,
2389 4331 2504 4368 non
2556 4314 2750 4381 fracti,

1592 4386 1758 4456 quod,
1787 4387 2006 4441 etiamsi
2025 4386 2086 4440 iu
2109 4385 2338 4455 optimis
2357 4385 2556 4440 Orellii
2582 4385 2750 4440 codd.

1591 4463 1692 4521 est,
1745 4457 1884 4513 ferri
1935 4457 2149 4526 nequit.

1593 4529 1743 4600 quod
1786 4529 1952 4586 hodie
1997 4529 2318 4600 appellatur
2367 4529 2513 4584 ceeia
2555 4526 2749 4596 fritto,

2243 4456 2534 4524 „Fi-ictum
2583 4456 2756 4522 cicer,
