3092 5059
384 232 510 299 282

1366 234 1824 303 CARMINUM

779 423 1098 500 Exercet
1148 423 1433 501 Auster
1485 425 1892 503 Pleiadum
1945 427 2182 505 choro

783 547 1198 627 Scindente
1239 551 1503 646 nubes,
1566 553 1902 653 impiger
1951 553 2289 629 hostium

885 674 1191 754 Vexare
1241 690 1531 754 turmas
1585 690 1660 753 et
1709 679 2165 755 frementem

983 800 1294 879 Mittere
1344 826 1631 902 equum
1686 801 1982 877 medios
2033 828 2174 903 per
2214 802 2455 902 ignee.

698 985 751 1027 ιι
788 949 917 1026 Sic
963 951 1435 1027 tauriformis
1490 951 1826 1028 volvitur
1873 952 2221 1048 Aufidus,

786 1073 942 1168 Qui
992 1101 1236 1174 regna
1283 1079 1537 1153 Dauni
1580 1076 1937 1174 praefluit
1987 1078 2249 1179 Apuli,

887 1200 1084 1279 Cum
1130 1203 1374 1280 saevit
1423 1201 2049 1301 horrendamque
2098 1201 2325 1279 cultis

985 1326 1370 1405 Diluviem
1417 1327 1834 1404 meditatur
1881 1329 2111 1427 agris,

779 1475 887 1554 Ut
928 1477 1430 1554 barbarorum
1486 1478 1855 1557 Claudius
1900 1478 2210 1576 agmina

700 1634 752 1675 ao
786 1601 1106 1678 Ferr'ata
1155 1616 1370 1679 vasto
1425 1602 1667 1709 dimit
1713 1603 2005 1699 impetu

885 1720 1344 1827 Primosque
1395 1738 1472 1803 et
1521 1739 1907 1803 extremos
1950 1727 2314 1805 metendo

986 1850 1271 1929 Stravit
1321 1851 1640 1927 humum
1694 1853 1860 1928 sine
1912 1850 2134 1929 clade
2184 1853 2449 1951 vietor,

385 2082 818 2139 oonstructionis
873 2083 1003 2154 plus
1063 2083 1176 2139 υίεε
1243 2100 1347 2153 pro
1405 2082 1536 2151 plus

386 2170 550 2225 quam
583 2156 724 2223 vicen
759 2156 842 2209 sie
879 2155 1058 2211 Csrm.
1095 2156 1140 2220 1,
1180 2157 1266 2224 18,
1301 2155 1388 2209 20.
1461 2155 1533 2209 ef.

387 2228 558 2282 etism
597 2227 780 2297 Epist.
817 2227 863 2293 1,
903 2229 986 2297 10,
1029 2228 1099 2281 39
1136 2244 1218 2296 sq.
1259 2256 1326 2267 -
1362 2232 1534 2282 certa-

383 2298 550 2368 mine]
588 2297 769 2353 Solita
808 2316 1036 2354 oseem-s
1070 2298 1130 2353 in
1167 2298 1276 2353 hoe
1309 2297 1536 2353 nomine

383 2370 676 2510 {ieglqee'tia4
689 2375 774 2425 est
810 2371 882 2426 ab
918 2368 1310 2497 &tumeret
1351 2369 1530 2495 gurm.

386 2513 647 2583 quidem
631 2531 692 2567 ιιι
710 2441 1534 2583 oomfflionqigustg'oetsarffi

385 2589 472 2639 est
513 2602 644 2641 usus
731 2584 1000 2639 articulae
1038 2600 1230 2654 prope,
1285 2583 1381 2639 sed
1428 2585 1530 2639 ofr-

387 2656 524 2711 Cato
575 2673 648 2725 sp
649 2602 730 2709 ud
775 2655 912 2710 Gell.
950 2655 1016 2711 Ν.
1054 2658 1123 2710 A.
1161 2656 1259 2725 XI,
1295 2658 1330 2709 2
1377 2656 1534 2725 „vita

384 2673 648 2782 humana?
669 2742 840 2797 prope
883 2728 970 2781 uti
1018 2728 1230 2782 ferrum
1275 2728 1395 2782 est“
1412 2746 1426 2796 ;
1474 2734 1533 2782 et

379 2799 514 2853 Hor.
561 2798 674 2853 Sat.
712 2798 785 2865 11,
827 2800 877 2861 3,
917 2801 1038 2853 268.
1111 2799 1298 2854 Habet
1343 2804 1530 2853 sutem

379 2870 482 2925 illa
548 2840 794 2939 aliquam
859 2872 1174 2925 cautionem
1248 2870 1526 2928 dictionis.

379 2959 492 2996 non
531 2940 856 2996 dissimilem
902 2942 1004 3003 illi,
1055 2959 1167 3011 qua
1205 2942 1402 2997 Graeci
1447 2944 1530 2996 ni-

379 3014 552 3068 miam
727 3012 963 3068 vitatem
1031 3014 1361 3069 minuebant
1434 3015 1528 3069 ad-

379 3085 501 3140 dito
563 3084 622 3138 in
663 3084 854 3140 efinito
909 3086 1242 3155 pronomine
1309 3088 1388 3143 τὶς
1437 3086 1528 3139 vel

377 3156 658 3227 particula
685 3150 908 3227 σχεδόν.
933 3186 1005 3197 -
1025 3156 1318 3212 Pleiadum
1347 3156 1527 3225 choro]

379 3227 636 3283 Pleiades
667 3227 912 3283 Atlantis
949 3232 1162 3298 septem
1195 3228 1345 3284 filiae
1379 3228 1530 3282 inter

377 3300 569 3354 stellas
587 3299 816 3361 relatae,
837 3300 1012 3354 latine
1021 3299 1323 3370 Vergiliae,
1343 3299 1528 3361 sicuti,

377 3372 476 3426 ubi
529 3388 694 3425 mane
743 3372 780 3426 i.
833 3388 880 3425 e.
938 3370 1150 3427 heliseo
1202 3372 1529 3426 oriebantur

379 3442 544 3511 (Νοιι.
565 3442 741 3513 Μαίη)
776 3460 1004 3497 serenae
1032 3442 1264 3497 aestatis
1301 3442 1528 3496 initium

377 3518 672 3583 tutamque
696 3514 1133 3584 navigationem,
1170 3514 1254 3567 its
1277 3514 1376 3568 ubi
1413 3529 1527 3565 ms.-

378 3602 450 3639 ne
503 3585 834 3640 occidebant
882 3583 996 3651 (VI.
1040 3585 1121 3639 ld.
1165 3584 1348 3651 Nom)
1399 3599 1526 3652 pro·

378 3656 614 3711 oellosae
648 3655 848 3711 hiemis
884 3655 1112 3710 initium
1137 3655 1526 3736 periculosam-

379 3745 508 3854 que)
531 3728 951 3854 nsffigetionem
995 3726 1331 3867 ostendlerer
1335 3725 1527 3850 {xisti-

377 3817 470 3853 ma
509 3816 582 3853 sn
607 3816 678 3853 ur
752 3830 818 3840 —
1026 3815 1048 3851 ι
1317 3814 1336 3849 1
1377 3812 1526 3849 enus

377 3870 496 3940 ipse
543 3870 772 3925 fortiter
812 3813 1180 3940 1>qust
1223 3868 1528 3921 immiscuit

378 3959 438 3997 ee
491 3942 914 3997 ardentissimae
969 3956 1207 4010 pugnae.
1281 3938 1352 3993 of.
1409 3936 1523 3992 Sat.

376 4014 452 4081 11,
489 4016 541 4081 3,
577 4014 663 4067 56.
699 4013 881 4081 Epist.
912 4011 957 4071 1,
987 4013 1034 4077 1,
1062 4012 1146 4064 46.
1187 4009 1356 4063 Silius
1377 4008 1524 4077 XIV,

380 4054 507 4139 17’5.
553 4100 692 4153 „per
737 4082 950 4137 medios
997 4082 1155 4151 ignes
1205 4080 1526 4149 mediosque

376 4173 489 4238 per
530 4171 702 4211 enses.
707 4155 739 4183 “
811 4152 930 4220 XV,
973 4154 1069 4205 41:
1123 4169 1260 4221 „per
1311 4151 1524 4207 medies

377 4226 616 4281 volitare
647 4226 793 4280 scies
817 4192 1141 4291 mediosque
1174 4240 1278 4293 per
1311 4224 1526 4293 ignes.“

379 4326 446 4337 —
539 4294 908 4365 tauriformis]
992 4294 1182 4348 Fluvii
1271 4294 1526 4349 solebant

377 4368 518 4437 fingi
571 4372 808 4421 eornuto
867 4366 1070 4435 eapite,
1131 4366 1377 4436 imagine
1429 4382 1523 4435 pe—

377 4439 488 4493 tits
545 4439 614 4492 ab
674 4438 892 4508 ingenti
951 4454 1226 4505 aquarum
1285 4438 1524 4507 mugitu.

377 4508 748 4563 of.Hom.11.
786 4507 1523 4579 xx1,28⁷.v0rg.oeorg.

377 4579 483 4647 IV,
531 4578 600 4633 37
611 4583 654 4633 1.
725 4581 866 4634 Aen.
923 4578 1086 4648 VIII,
1141 4580 1230 4635 77.
1307 4579 1526 4635 Eadem

1633 2083 2052 2154 comparatione
2096 2102 2227 2139 usus
2276 2089 2363 2140 est
2407 2084 2571 2140 Hom.
2608 2084 2677 2140 Il.
2714 2084 2785 2153 V,

1632 2158 1721 2210 87.
1761 2186 1827 2195 -
1866 2155 1961 2225 qui
1994 2171 2165 2225 νερπα
2189 2156 2411 2227 Dauni]
2446 2155 2783 2211 Memorabi-

1631 2228 1701 2282 lis
1750 2233 1838 2282 est
1880 2226 2173 2311 adnotatio
2208 2227 2451 2283 Βεπακ“.
2490 2226 2675 2297 „Quin
2724 2231 2786 2283 et

1630 2298 1725 2353 hio
1770 2300 1958 2367 etiam,
2003 2298 2051 2353 si
2099 2298 2277 2355 oodex
2320 2299 2468 2353 ullus
2512 2300 2784 2370 astipula-

1628 2373 1805 2439 retur,
1854 2369 2120 2424 libentius
2170 2371 2406 2443 legerim
2446 2369 2571 2441 Qua
2609 2385 2783 2441 reyna

1630 2441 1848 2510 Dauni,
1886 2445 1950 2495 ut
1991 2446 2049 2496 et
2084 2441 2235 2497 infre.
2271 2442 2511 2497 fortasse
2536 2459 2589 2496 v.
2610 2443 2681 2495 47
2710 2442 2782 2498 Τε

1627 2513 1859 2569 bduosis
1894 2527 2006 2583 qua
2036 2513 2271 2569 remotis.
2310 2513 2436 2567 Non
2466 2513 2617 2568 enim
2651 2530 2782 2585 geo·

1628 2586 1908 2655 graphum
1963 2584 2055 2638 hie
2098 2586 2237 2655 agit,
2296 2590 2359 2639 ut
2405 2584 2547 2639 situs
2582 2584 2780 2641 fluvio-

1628 2674 1755 2711 rum
1791 2654 1952 2725 quasi
1988 2673 2057 2710 ex
2100 2656 2351 2725 professo
2388 2656 2605 2711 doceat.
2680 2656 2781 2711 Cs-

1628 2728 1752 2783 tull.
1793 2730 1887 2781 11:
1954 2727 2118 2796 „Sive
2170 2728 2231 2781 in
2289 2732 2567 2783 extremos
2610 2745 2779 2797 pene-

1626 2800 1803 2854 travit
1847 2798 2014 2853 Indos
2050 2798 2181 2853 Sive
2226 2815 2336 2869 qua
2390 2799 2781 2899 septemgemi-

1626 2888 1731 2925 nus
1804 2871 2023 2926 eolorst
2095 2872 2361 2939 Aequora
2419 2870 2633 2925 Nilusf‘

1624 2942 1907 3011 praefluit]
1954 2941 2083 2995 vide
2132 2941 2203 2996 ad
2251 2940 2432 2996 Carm.
2470 2942 2565 3002 IV,
2604 2944 2655 3007 3,
2696 2944 2783 2996 10.

1627 3012 1696 3068 ef.
1734 3014 1881 3067 Plin.
1921 3012 1989 3067 Ν.
2016 3012 2086 3067 Η.
2124 3012 2224 3081 ΙΙΙ,
2265 3016 2358 3067 11:
2398 3012 2673 3081 „Aufidus
2710 3030 2781 3067 ex

1626 3084 1881 3154 Hirpinis
1934 3084 2219 3139 montibus
2267 3084 2566 3139 Canusium
2618 3100 2781 3153 prse-

1626 3155 1859 3210 fluens!
1894 3154 2317 3225 —meditatufl
2355 3155 2475 3209 Alii
2510 3172 2579 3209 ex
2616 3156 2784 3213 oodd.

1624 3226 1939 3281 minitatur·
1976 3226 2127 3280 Illud
2152 3230 2341 3281 tamen
2373 3244 2465 3310 ma
2528 3243 2555 3280 s
2584 3232 2782 3298 aptum

1628 3303 1713 3351 est
1749 3297 1824 3352 ed
1856 3314 2154 3367 personam
2192 3315 2361 3366 quam
2396 3297 2457 3351 in
2498 3299 2587 3353 uit
2620 3298 2780 3355 Aufi-

1627 3367 1731 3422 dus
1777 3368 2007 3437 fluvius3
2067 3368 2334 3423 audacior
2374 3370 2548 3425 etism
2598 3374 2783 3425 trans·

1626 3440 1765 3493 latio
1821 3440 1996 3509 lyrioo
2042 3441 2293 3495 carmine
2334 3441 2516 3495 multo
2553 3441 2783 3497 videtur

1626 3527 1744 3565 esse
1800 3510 2043 3582 dignior.
2128 3511 2200 3565 ef.
2254 3512 2424 3595 Verg.
2480 3512 2673 3568 Buool.
2730 3514 2782 3581 5,

1628 3582 1698 3635 60
1734 3598 1815 3651 sq.
1853 3584 1993 3637 Aen.
2034 3582 2105 3649 X,
2141 3584 2263 3636 455.
2304 3582 2403 3637 Sil.
2426 3582 2555 3639 Ital.
2585 3584 2785 3639 Punie-

1626 3652 1693 3714 V,
1728 3652 1835 3707 315
1874 3654 1985 3723 „Et
2020 3670 2212 3723 sparsa
2248 3670 2465 3724 pugnas
2503 3655 2781 3710 meditan-

1626 3728 1741 3778 tem
1766 3724 2039 3794 (taurum)
2064 3729 2285 3793 spectat
2303 3725 2566 3780 harenass
2605 3726 2785 3782 Recte

1627 3794 1835 3849 Keller.
1874 3796 2160 3851 Eekst'ein.
2198 3795 2418 3852 Sohiitz.

1703 3865 1764 3921 V.
1802 3868 1887 3921 30.
1942 3867 2181 3938 ferrata]
2230 3867 2428 3923 ferreis
2473 3868 2663 3923 loricis
2700 3872 2785 3923 te·

1626 3940 1737 3991 ets.
1766 3967 1831 3977 —
1850 3936 2050 4007 diruit]
2092 3938 2213 3993 Hoe
2247 3956 2472 4008 quoque
2508 3939 2784 3995 audacter

1626 4010 1963 4063 translatum
2010 4014 2095 4063 est
2130 4010 2203 4064 ad
2238 4010 2463 4065 ordines
2508 4008 2779 4093 hostium,

1626 4080 1723 4134 sed
1760 4080 1984 4151 egregie
2020 4080 2289 4135 describit
2324 4082 2613 4152 ingentem
2640 4083 2781 4151 vim,

1626 4168 1737 4219 qus.
1770 4168 1927 4233 opus·
1948 4156 2071 4205 erat
2118 4150 2187 4205 ad
2234 4152 2603 4208 disiciendum
2646 4152 2781 4208 Gal-

1624 4222 1808 4277 lorum
1846 4222 2051 4291 sciem3
2088 4240 2307 4292 quaeq
2270 4224 2405 4292 quis
2432 4224 2653 4290 ferrata
2674 4228 2786 4293 est,

1624 4293 1797 4348 etiam
1838 4293 2100 4347 diruitur.
2136 4293 2205 4348 ef.
2230 4293 2356 4348 Liv.
2388 4294 2650 4363 XXXIX,
2682 4297 2781 4351 18·

1626 4364 2035 4433 „Bacchanalia
2070 4363 2346 4419 diruere!
2385 4392 2453 4404 —-—
2504 4366 2755 4421 ηιεέκιᾶο

1624 4434 1717 4490 sio
1754 4434 1825 4490 de
1862 4434 2030 4490 mede
2065 4434 2303 4491 militari
2338 4437 2507 4507 Verg.
2533 4439 2677 4492 Aen.
2826 4489 2831 4497 ,

1624 4508 1746 4561 518.
1784 4504 1883 4561 Sil.
1911 4506 2033 4560 Ital.
2060 4504 2252 4561 Punic.
2279 4507 2375 4575 IV,
2396 4508 2533 4563 464:
2576 4510 2785 4575 „metit

1624 4577 1853 4649 agmins.
1883 4580 2067 4633 tectus
2102 4576 2340 4634 Caelesti
2376 4578 2611 4649 olipeof‘
2658 4580 2785 4637 Gfr.
