<?xml version="1.0" encoding="UTF-8"?>
<!DOCTYPE html PUBLIC "-//W3C//DTD XHTML 1.0 Transitional//EN"
    "http://www.w3.org/TR/xhtml1/DTD/xhtml1-transitional.dtd">
<html xmlns="http://www.w3.org/1999/xhtml" xml:lang="en" lang="en">
 <head>
  <title>
</title>
<meta http-equiv="Content-Type" content="text/html;charset=utf-8" />
  <meta name='ocr-system' content='tesseract 3.04.00' />
  <meta name='ocr-capabilities' content='ocr_page ocr_carea ocr_par ocr_line ocrx_word'/>
</head>
<body>
  <div class='ocr_page' id='page_1' title='image "./qhoratiiflaccio05unkngoog/qhoratiiflaccio05unkngoog_0318.png"; bbox 0 0 3092 5059; ppageno 0'>
   <div class='ocr_carea' id='block_1_1' title="bbox 1053 608 2102 722">
    <p class='ocr_par' dir='ltr' id='par_1_1' title="bbox 1053 608 2102 722">
     <span class='ocr_line' id='line_1_1' title="bbox 1053 608 2102 722; baseline -0.008 -20"><span class='ocrx_word' id='word_1_1' title='bbox 1053 617 1143 722; x_wconf 80' lang='lat' dir='ltr'><strong>Q.</strong></span> <span class='ocrx_word' id='word_1_2' title='bbox 1204 614 1648 701; x_wconf 81' lang='lat' dir='ltr'><strong>HORATII</strong></span> <span class='ocrx_word' id='word_1_3' title='bbox 1711 608 2102 697; x_wconf 82' lang='lat' dir='ltr'>FLACCI</span> 
     </span>
    </p>
   </div>
   <div class='ocr_carea' id='block_1_2' title="bbox 900 803 1499 915">
    <p class='ocr_par' dir='ltr' id='par_1_2' title="bbox 900 803 1499 915">
     <span class='ocr_line' id='line_1_2' title="bbox 900 803 1499 915; baseline -0.005 0"><span class='ocrx_word' id='word_1_4' title='bbox 900 803 1499 915; x_wconf 83' lang='lat' dir='ltr'><strong>EPO</strong></span> 
     </span>
    </p>
   </div>
   <div class='ocr_carea' id='block_1_3' title="bbox 1651 798 2273 911">
    <p class='ocr_par' dir='ltr' id='par_1_3' title="bbox 1651 798 2273 911">
     <span class='ocr_line' id='line_1_3' title="bbox 1651 798 2273 911; baseline 0.002 -2"><span class='ocrx_word' id='word_1_5' title='bbox 1651 798 2273 911; x_wconf 91' lang='lat' dir='ltr'><strong>DON</strong></span> 
     </span>
    </p>
   </div>
   <div class='ocr_carea' id='block_1_4' title="bbox 1376 1021 1761 1087">
    <p class='ocr_par' dir='ltr' id='par_1_4' title="bbox 1376 1021 1761 1087">
     <span class='ocr_line' id='line_1_4' title="bbox 1376 1021 1761 1087; baseline -0.005 -1"><span class='ocrx_word' id='word_1_6' title='bbox 1376 1021 1761 1087; x_wconf 86' lang='lat' dir='ltr'><strong>LIBER.</strong></span> 
     </span>
    </p>
   </div>
   <div class='ocr_carea' id='block_1_5' title="bbox 1474 1219 1595 1227">
    <p class='ocr_par' dir='ltr' id='par_1_5' title="bbox 1474 1219 1595 1227">
     <span class='ocr_line' id='line_1_5' title="bbox 1474 1219 1595 1227; baseline -0.017 -1"><span class='ocrx_word' id='word_1_7' title='bbox 1474 1219 1595 1227; x_wconf 79' lang='lat'><strong>——</strong></span> 
     </span>
    </p>
   </div>
   <div class='ocr_carea' id='block_1_6' title="bbox 1324 1366 1832 1453">
    <p class='ocr_par' dir='ltr' id='par_1_6' title="bbox 1324 1366 1832 1453">
     <span class='ocr_line' id='line_1_6' title="bbox 1324 1366 1832 1453; baseline -0.008 0"><span class='ocrx_word' id='word_1_8' title='bbox 1324 1366 1707 1453; x_wconf 76' lang='lat' dir='ltr'>GARMEN</span> <span class='ocrx_word' id='word_1_9' title='bbox 1769 1366 1832 1449; x_wconf 92' lang='lat'><strong>1.</strong></span> 
     </span>
    </p>
   </div>
   <div class='ocr_carea' id='block_1_7' title="bbox 776 1520 2266 2003">
    <p class='ocr_par' dir='ltr' id='par_1_7' title="bbox 776 1520 2192 1756">
     <span class='ocr_line' id='line_1_7' title="bbox 776 1520 2192 1622; baseline -0.003 -13"><span class='ocrx_word' id='word_1_10' title='bbox 776 1534 935 1613; x_wconf 82' lang='lat' dir='ltr'>Ibis</span> <span class='ocrx_word' id='word_1_11' title='bbox 986 1534 1351 1610; x_wconf 88' lang='lat' dir='ltr'><strong>Liburnis</strong></span> <span class='ocrx_word' id='word_1_12' title='bbox 1402 1533 1603 1608; x_wconf 86' lang='lat' dir='ltr'><strong>inter</strong></span> <span class='ocrx_word' id='word_1_13' title='bbox 1655 1530 1812 1607; x_wconf 87' lang='lat' dir='ltr'><strong>alta</strong></span> <span class='ocrx_word' id='word_1_14' title='bbox 1855 1520 2192 1622; x_wconf 85' lang='lat' dir='ltr'><strong>navium,</strong></span> 
     </span>
     <span class='ocr_line' id='line_1_8' title="bbox 972 1654 1901 1756; baseline -0.004 -21"><span class='ocrx_word' id='word_1_15' title='bbox 972 1660 1263 1753; x_wconf 85' lang='lat' dir='ltr'><strong>Amice,</strong></span> <span class='ocrx_word' id='word_1_16' title='bbox 1312 1654 1901 1756; x_wconf 84' lang='lat' dir='ltr'><strong>propugnacula</strong></span> 
     </span>
    </p>

    <p class='ocr_par' dir='ltr' id='par_1_8' title="bbox 777 1778 2266 2003">
     <span class='ocr_line' id='line_1_9' title="bbox 777 1778 2266 1877; baseline -0.006 -16"><span class='ocrx_word' id='word_1_17' title='bbox 777 1786 1095 1862; x_wconf 81' lang='lat' dir='ltr'><strong>Paratus</strong></span> <span class='ocrx_word' id='word_1_18' title='bbox 1150 1809 1379 1859; x_wconf 92' lang='lat' dir='ltr'><strong>omne</strong></span> <span class='ocrx_word' id='word_1_19' title='bbox 1430 1780 1782 1859; x_wconf 81' lang='lat' dir='ltr'><strong>Caesaris</strong></span> <span class='ocrx_word' id='word_1_20' title='bbox 1840 1778 2266 1877; x_wconf 84' lang='lat' dir='ltr'><strong>periculum</strong></span> 
     </span>
     <span class='ocr_line' id='line_1_10' title="bbox 974 1907 1971 2003; baseline -0.008 -17"><span class='ocrx_word' id='word_1_21' title='bbox 974 1909 1271 2003; x_wconf 78' lang='lat' dir='ltr'><strong>Subire,</strong></span> <span class='ocrx_word' id='word_1_22' title='bbox 1326 1907 1751 2001; x_wconf 79' lang='lat' dir='ltr'><strong>Maecenas,</strong></span> <span class='ocrx_word' id='word_1_23' title='bbox 1803 1917 1971 1979; x_wconf 84' lang='lat' dir='ltr'><strong>tuo:</strong></span> 
     </span>
    </p>
   </div>
   <div class='ocr_carea' id='block_1_8' title="bbox 772 2150 1135 2206">
    <p class='ocr_par' dir='ltr' id='par_1_9' title="bbox 772 2150 1135 2206">
     <span class='ocr_line' id='line_1_11' title="bbox 772 2150 1135 2206; baseline -0.008 0"><span class='ocrx_word' id='word_1_24' title='bbox 772 2150 1055 2206; x_wconf 77' lang='lat' dir='ltr'><strong>Carmen</strong></span> <span class='ocrx_word' id='word_1_25' title='bbox 1092 2150 1135 2204; x_wconf 88' lang='grc' dir='ltr'><strong>Ι.</strong></span> 
     </span>
    </p>
   </div>
   <div class='ocr_carea' id='block_1_9' title="bbox 382 2246 1529 2675">
    <p class='ocr_par' dir='ltr' id='par_1_10' title="bbox 382 2246 1529 2675">
     <span class='ocr_line' id='line_1_12' title="bbox 450 2246 1529 2317; baseline -0.002 -16"><span class='ocrx_word' id='word_1_26' title='bbox 450 2246 779 2317; x_wconf 83' lang='lat' dir='ltr'><strong>Epodorum</strong></span> <span class='ocrx_word' id='word_1_27' title='bbox 826 2246 1033 2301; x_wconf 88' lang='lat' dir='ltr'><strong>librum</strong></span> <span class='ocrx_word' id='word_1_28' title='bbox 1088 2248 1301 2303; x_wconf 87' lang='lat' dir='ltr'><strong>editum</strong></span> <span class='ocrx_word' id='word_1_29' title='bbox 1348 2246 1529 2301; x_wconf 85' lang='lat' dir='ltr'><strong>videri</strong></span> 
     </span>
     <span class='ocr_line' id='line_1_13' title="bbox 383 2318 1528 2388; baseline -0.001 -15"><span class='ocrx_word' id='word_1_30' title='bbox 383 2337 527 2373; x_wconf 88' lang='lat' dir='ltr'><strong>anno</strong></span> <span class='ocrx_word' id='word_1_31' title='bbox 567 2322 671 2372; x_wconf 81' lang='lat'><strong>725</strong></span> <span class='ocrx_word' id='word_1_32' title='bbox 716 2335 887 2388; x_wconf 89' lang='lat' dir='ltr'><strong>supra</strong></span> <span class='ocrx_word' id='word_1_33' title='bbox 938 2319 1047 2373; x_wconf 87' lang='lat' dir='ltr'><strong>iam</strong></span> <span class='ocrx_word' id='word_1_34' title='bbox 1100 2336 1153 2387; x_wconf 90' lang='lat' dir='ltr'><strong>p.</strong></span> <span class='ocrx_word' id='word_1_35' title='bbox 1198 2321 1260 2372; x_wconf 90' lang='grc'><strong>17</strong></span> <span class='ocrx_word' id='word_1_36' title='bbox 1315 2318 1528 2372; x_wconf 90' lang='lat' dir='ltr'><strong>dictum</strong></span> 
     </span>
     <span class='ocr_line' id='line_1_14' title="bbox 382 2390 1529 2461; baseline -0.002 -16"><span class='ocrx_word' id='word_1_37' title='bbox 382 2396 496 2461; x_wconf 82' lang='lat' dir='ltr'><strong>est3</strong></span> <span class='ocrx_word' id='word_1_38' title='bbox 550 2390 697 2445; x_wconf 84' lang='lat' dir='ltr'><strong>falsa</strong></span> <span class='ocrx_word' id='word_1_39' title='bbox 747 2391 895 2444; x_wconf 89' lang='lat' dir='ltr'><strong>enim</strong></span> <span class='ocrx_word' id='word_1_40' title='bbox 950 2407 1141 2445; x_wconf 89' lang='lat' dir='ltr'><strong>eorum</strong></span> <span class='ocrx_word' id='word_1_41' title='bbox 1196 2393 1281 2444; x_wconf 85' lang='lat' dir='ltr'><strong>est</strong></span> <span class='ocrx_word' id='word_1_42' title='bbox 1338 2391 1529 2459; x_wconf 90' lang='lat' dir='ltr'><strong>opinio</strong></span> 
     </span>
     <span class='ocr_line' id='line_1_15' title="bbox 382 2460 1528 2532; baseline 0.001 -17"><span class='ocrx_word' id='word_1_43' title='bbox 382 2462 584 2532; x_wconf 84' lang='lat' dir='ltr'><strong>quibus</strong></span> <span class='ocrx_word' id='word_1_44' title='bbox 634 2460 971 2515; x_wconf 85' lang='lat' dir='ltr'><strong>Octavianus</strong></span> <span class='ocrx_word' id='word_1_45' title='bbox 1022 2468 1137 2515; x_wconf 86' lang='lat' dir='ltr'><strong>tam</strong></span> <span class='ocrx_word' id='word_1_46' title='bbox 1192 2461 1415 2516; x_wconf 88' lang='lat' dir='ltr'><strong>infirmo</strong></span> <span class='ocrx_word' id='word_1_47' title='bbox 1470 2466 1528 2516; x_wconf 86' lang='lat' dir='ltr'><strong>et</strong></span> 
     </span>
     <span class='ocr_line' id='line_1_16' title="bbox 384 2532 1528 2603; baseline -0.002 -16"><span class='ocrx_word' id='word_1_48' title='bbox 384 2533 606 2603; x_wconf 87' lang='lat' dir='ltr'><strong>pusillo,</strong></span> <span class='ocrx_word' id='word_1_49' title='bbox 648 2532 915 2587; x_wconf 89' lang='lat' dir='ltr'><strong>Horatius</strong></span> <span class='ocrx_word' id='word_1_50' title='bbox 952 2539 1067 2587; x_wconf 85' lang='lat' dir='ltr'><strong>tam</strong></span> <span class='ocrx_word' id='word_1_51' title='bbox 1096 2534 1197 2587; x_wconf 87' lang='lat' dir='ltr'><strong>vili</strong></span> <span class='ocrx_word' id='word_1_52' title='bbox 1239 2538 1296 2589; x_wconf 94' lang='lat' dir='ltr'><strong>et</strong></span> <span class='ocrx_word' id='word_1_53' title='bbox 1332 2533 1528 2587; x_wconf 90' lang='lat' dir='ltr'><strong>humili</strong></span> 
     </span>
     <span class='ocr_line' id='line_1_17' title="bbox 385 2603 1528 2675; baseline -0.001 -17"><span class='ocrx_word' id='word_1_54' title='bbox 385 2605 569 2658; x_wconf 88' lang='lat' dir='ltr'><strong>animo</strong></span> <span class='ocrx_word' id='word_1_55' title='bbox 610 2604 775 2657; x_wconf 80' lang='lat' dir='ltr'><strong>fuisse</strong></span> <span class='ocrx_word' id='word_1_56' title='bbox 813 2603 1125 2666; x_wconf 85' lang='lat' dir='ltr'><strong>videbatur,</strong></span> <span class='ocrx_word' id='word_1_57' title='bbox 1174 2609 1241 2659; x_wconf 88' lang='lat' dir='ltr'><strong>ut</strong></span> <span class='ocrx_word' id='word_1_58' title='bbox 1285 2622 1425 2675; x_wconf 88' lang='lat' dir='ltr'><strong>quae</strong></span> <span class='ocrx_word' id='word_1_59' title='bbox 1468 2604 1528 2658; x_wconf 93' lang='lat' dir='ltr'><strong>in</strong></span> 
     </span>
    </p>
   </div>
   <div class='ocr_carea' id='block_1_10' title="bbox 382 2676 1571 2746">
    <p class='ocr_par' dir='ltr' id='par_1_11' title="bbox 382 2676 1571 2746">
     <span class='ocr_line' id='line_1_18' title="bbox 382 2676 1571 2746; baseline -0.003 -16"><span class='ocrx_word' id='word_1_60' title='bbox 382 2676 469 2730; x_wconf 89' lang='lat' dir='ltr'><strong>his</strong></span> <span class='ocrx_word' id='word_1_61' title='bbox 495 2676 741 2729; x_wconf 78' lang='lat' dir='ltr'><strong>inessent</strong></span> <span class='ocrx_word' id='word_1_62' title='bbox 765 2676 1031 2731; x_wconf 80' lang='lat' dir='ltr'><strong>liberiora</strong></span> <span class='ocrx_word' id='word_1_63' title='bbox 1057 2678 1306 2731; x_wconf 85' lang='lat' dir='ltr'><strong>carmina</strong></span> <span class='ocrx_word' id='word_1_64' title='bbox 1332 2676 1526 2746; x_wconf 88' lang='lat' dir='ltr'><strong>(Epod.</strong></span> <span class='ocrx_word' id='word_1_65' title='bbox 1565 2716 1571 2725; x_wconf 97' lang='lat'><em>.</em></span> 
     </span>
    </p>
   </div>
   <div class='ocr_carea' id='block_1_11' title="bbox 354 2747 1538 4606">
    <p class='ocr_par' dir='ltr' id='par_1_12' title="bbox 354 2747 1538 4606">
     <span class='ocr_line' id='line_1_19' title="bbox 384 2747 1527 2816; baseline 0.001 -17"><span class='ocrx_word' id='word_1_66' title='bbox 384 2750 435 2801; x_wconf 92' lang='grc'><strong>7.</strong></span> <span class='ocrx_word' id='word_1_67' title='bbox 478 2748 568 2816; x_wconf 87' lang='grc'><strong>16)</strong></span> <span class='ocrx_word' id='word_1_68' title='bbox 624 2764 805 2815; x_wconf 90' lang='lat' dir='ltr'><strong>neque</strong></span> <span class='ocrx_word' id='word_1_69' title='bbox 857 2747 1017 2801; x_wconf 91' lang='lat' dir='ltr'><strong>illum</strong></span> <span class='ocrx_word' id='word_1_70' title='bbox 1064 2747 1331 2802; x_wconf 87' lang='lat' dir='ltr'><strong>benevole</strong></span> <span class='ocrx_word' id='word_1_71' title='bbox 1388 2748 1527 2802; x_wconf 86' lang='lat' dir='ltr'><strong>acci-</strong></span> 
     </span>
     <span class='ocr_line' id='line_1_20' title="bbox 381 2818 1531 2889; baseline 0.001 -17"><span class='ocrx_word' id='word_1_72' title='bbox 381 2836 515 2887; x_wconf 87' lang='lat' dir='ltr'><strong>pere</strong></span> <span class='ocrx_word' id='word_1_73' title='bbox 551 2818 799 2887; x_wconf 88' lang='lat' dir='ltr'><strong>potuisse</strong></span> <span class='ocrx_word' id='word_1_74' title='bbox 836 2836 1015 2887; x_wconf 92' lang='lat' dir='ltr'><strong>neque</strong></span> <span class='ocrx_word' id='word_1_75' title='bbox 1050 2819 1199 2875; x_wconf 88' lang='lat' dir='ltr'><strong>hunc</strong></span> <span class='ocrx_word' id='word_1_76' title='bbox 1232 2820 1293 2873; x_wconf 91' lang='lat' dir='ltr'><strong>in</strong></span> <span class='ocrx_word' id='word_1_77' title='bbox 1328 2820 1531 2889; x_wconf 82' lang='lat' dir='ltr'><strong>vulgus</strong></span> 
     </span>
     <span class='ocr_line' id='line_1_21' title="bbox 383 2890 1532 2960; baseline 0 -16"><span class='ocrx_word' id='word_1_78' title='bbox 383 2890 549 2945; x_wconf 89' lang='lat' dir='ltr'><strong>edere</strong></span> <span class='ocrx_word' id='word_1_79' title='bbox 584 2907 780 2943; x_wconf 87' lang='lat' dir='ltr'><strong>ausum</strong></span> <span class='ocrx_word' id='word_1_80' title='bbox 818 2907 933 2944; x_wconf 87' lang='lat' dir='ltr'><strong>esse</strong></span> <span class='ocrx_word' id='word_1_81' title='bbox 971 2891 1082 2945; x_wconf 82' lang='lat' dir='ltr'><strong>sibi</strong></span> <span class='ocrx_word' id='word_1_82' title='bbox 1130 2892 1532 2960; x_wconf 77' lang='lat' dir='ltr'><strong>persuaderent</strong></span> 
     </span>
     <span class='ocr_line' id='line_1_22' title="bbox 385 2962 1531 3032; baseline 0 -17"><span class='ocrx_word' id='word_1_83' title='bbox 385 2966 443 3015; x_wconf 90' lang='lat' dir='ltr'><strong>et</strong></span> <span class='ocrx_word' id='word_1_84' title='bbox 492 2966 713 3015; x_wconf 85' lang='lat' dir='ltr'><strong>mortuo</strong></span> <span class='ocrx_word' id='word_1_85' title='bbox 760 2962 985 3016; x_wconf 89' lang='lat' dir='ltr'><strong>demum</strong></span> <span class='ocrx_word' id='word_1_86' title='bbox 1032 2962 1269 3017; x_wconf 89' lang='lat' dir='ltr'><strong>Horatio</strong></span> <span class='ocrx_word' id='word_1_87' title='bbox 1306 2962 1531 3032; x_wconf 84' lang='lat' dir='ltr'><strong>Epodoa</strong></span> 
     </span>
     <span class='ocr_line' id='line_1_23' title="bbox 386 3033 1533 3159; baseline -0.001 -71"><span class='ocrx_word' id='word_1_88' title='bbox 386 3051 419 3088; x_wconf 98' lang='lat' dir='ltr'><strong>a</strong></span> <span class='ocrx_word' id='word_1_89' title='bbox 422 3033 1057 3159; x_wconf 49' lang='lat' dir='ltr'><strong>dffirammatgoeffliqm</strong></span> <span class='ocrx_word' id='word_1_90' title='bbox 1105 3034 1366 3159; x_wconf 52' lang='lat' dir='ltr'><strong>cotgectgs</strong></span> <span class='ocrx_word' id='word_1_91' title='bbox 1416 3052 1533 3087; x_wconf 86' lang='lat' dir='ltr'><strong>esse</strong></span> 
     </span>
     <span class='ocr_line' id='line_1_24' title="bbox 386 3122 1532 3175; baseline 0 -16"><span class='ocrx_word' id='word_1_92' title='bbox 386 3122 419 3159; x_wconf 90' lang='lat' dir='ltr'><strong>a</strong></span> <span class='ocrx_word' id='word_1_93' title='bbox 500 3122 722 3158; x_wconf 89' lang='lat' dir='ltr'><strong>rmaren</strong></span> <span class='ocrx_word' id='word_1_94' title='bbox 752 3144 766 3157; x_wconf 90' lang='lat'>.</span> <span class='ocrx_word' id='word_1_95' title='bbox 880 3122 1042 3159; x_wconf 88' lang='lat' dir='ltr'><strong>omen</strong></span> <span class='ocrx_word' id='word_1_96' title='bbox 1078 3123 1149 3159; x_wconf 88' lang='lat' dir='ltr'><strong>au</strong></span> <span class='ocrx_word' id='word_1_97' title='bbox 1209 3125 1265 3159; x_wconf 92' lang='lat' dir='ltr'><strong>m</strong></span> <span class='ocrx_word' id='word_1_98' title='bbox 1344 3123 1412 3161; x_wconf 92' lang='lat' dir='ltr'><strong>oc</strong></span> <span class='ocrx_word' id='word_1_99' title='bbox 1440 3122 1532 3175; x_wconf 83' lang='lat' dir='ltr'><strong>ge-</strong></span> 
     </span>
     <span class='ocr_line' id='line_1_25' title="bbox 387 3177 1531 3247; baseline 0.001 -18"><span class='ocrx_word' id='word_1_100' title='bbox 387 3193 491 3229; x_wconf 89' lang='lat' dir='ltr'><strong>nus</strong></span> <span class='ocrx_word' id='word_1_101' title='bbox 528 3177 837 3231; x_wconf 83' lang='lat' dir='ltr'><strong>carminum</strong></span> <span class='ocrx_word' id='word_1_102' title='bbox 877 3178 1093 3247; x_wconf 87' lang='lat' dir='ltr'><strong>accepit</strong></span> <span class='ocrx_word' id='word_1_103' title='bbox 1129 3196 1163 3231; x_wconf 87' lang='lat' dir='ltr'><strong>a</strong></span> <span class='ocrx_word' id='word_1_104' title='bbox 1198 3182 1395 3245; x_wconf 84' lang='lat' dir='ltr'><strong>metro,</strong></span> <span class='ocrx_word' id='word_1_105' title='bbox 1422 3194 1531 3245; x_wconf 90' lang='lat' dir='ltr'><strong>quo</strong></span> 
     </span>
     <span class='ocr_line' id='line_1_26' title="bbox 387 3248 1534 3319; baseline -0.001 -18"><span class='ocrx_word' id='word_1_106' title='bbox 387 3248 497 3301; x_wconf 92' lang='lat' dir='ltr'><strong>duo</strong></span> <span class='ocrx_word' id='word_1_107' title='bbox 535 3248 815 3317; x_wconf 75' lang='lat' dir='ltr'><strong>simplices</strong></span> <span class='ocrx_word' id='word_1_108' title='bbox 850 3265 1040 3302; x_wconf 83' lang='lat' dir='ltr'><strong>versus</strong></span> <span class='ocrx_word' id='word_1_109' title='bbox 1075 3249 1156 3303; x_wconf 89' lang='lat' dir='ltr'><strong>ita</strong></span> <span class='ocrx_word' id='word_1_110' title='bbox 1192 3250 1534 3319; x_wconf 83' lang='lat' dir='ltr'><strong>coniungun-</strong></span> 
     </span>
     <span class='ocr_line' id='line_1_27' title="bbox 385 3320 1534 3390; baseline 0 -17"><span class='ocrx_word' id='word_1_111' title='bbox 385 3324 499 3387; x_wconf 88' lang='lat' dir='ltr'><strong>tur,</strong></span> <span class='ocrx_word' id='word_1_112' title='bbox 534 3324 600 3373; x_wconf 90' lang='lat' dir='ltr'><strong>ut</strong></span> <span class='ocrx_word' id='word_1_113' title='bbox 637 3324 734 3373; x_wconf 84' lang='lat' dir='ltr'><strong>aut</strong></span> <span class='ocrx_word' id='word_1_114' title='bbox 770 3320 1079 3390; x_wconf 88' lang='lat' dir='ltr'><strong>longiorem</strong></span> <span class='ocrx_word' id='word_1_115' title='bbox 1115 3321 1341 3375; x_wconf 85' lang='lat' dir='ltr'><strong>brevior</strong></span> <span class='ocrx_word' id='word_1_116' title='bbox 1389 3320 1534 3374; x_wconf 87' lang='lat' dir='ltr'><strong>exci-</strong></span> 
     </span>
     <span class='ocr_line' id='line_1_28' title="bbox 386 3390 1533 3463; baseline 0.002 -20"><span class='ocrx_word' id='word_1_117' title='bbox 386 3391 508 3460; x_wconf 87' lang='lat' dir='ltr'><strong>piat</strong></span> <span class='ocrx_word' id='word_1_118' title='bbox 564 3396 661 3444; x_wconf 86' lang='lat' dir='ltr'><strong>aut</strong></span> <span class='ocrx_word' id='word_1_119' title='bbox 708 3390 1022 3445; x_wconf 86' lang='lat' dir='ltr'><strong>breviorem</strong></span> <span class='ocrx_word' id='word_1_120' title='bbox 1075 3392 1297 3463; x_wconf 84' lang='lat' dir='ltr'><strong>longior</strong></span> <span class='ocrx_word' id='word_1_121' title='bbox 1342 3408 1533 3460; x_wconf 88' lang='lat' dir='ltr'><strong>sequa-</strong></span> 
     </span>
     <span class='ocr_line' id='line_1_29' title="bbox 387 3462 1534 3533; baseline 0 -18"><span class='ocrx_word' id='word_1_122' title='bbox 387 3469 498 3516; x_wconf 88' lang='lat' dir='ltr'><strong>tur.</strong></span> <span class='ocrx_word' id='word_1_123' title='bbox 572 3462 693 3529; x_wconf 82' lang='lat' dir='ltr'><strong>Quo</strong></span> <span class='ocrx_word' id='word_1_124' title='bbox 742 3464 911 3517; x_wconf 87' lang='lat' dir='ltr'><strong>metri</strong></span> <span class='ocrx_word' id='word_1_125' title='bbox 965 3480 1169 3533; x_wconf 80' lang='lat' dir='ltr'><strong>genere</strong></span> <span class='ocrx_word' id='word_1_126' title='bbox 1227 3464 1297 3517; x_wconf 88' lang='lat' dir='ltr'><strong>ad</strong></span> <span class='ocrx_word' id='word_1_127' title='bbox 1353 3479 1534 3517; x_wconf 83' lang='lat' dir='ltr'><strong>exem·</strong></span> 
     </span>
     <span class='ocr_line' id='line_1_30' title="bbox 387 3534 1534 3603; baseline 0.001 -16"><span class='ocrx_word' id='word_1_128' title='bbox 387 3535 545 3603; x_wconf 92' lang='lat' dir='ltr'><strong>plum</strong></span> <span class='ocrx_word' id='word_1_129' title='bbox 582 3534 909 3588; x_wconf 85' lang='lat' dir='ltr'><strong>Archilochi</strong></span> <span class='ocrx_word' id='word_1_130' title='bbox 942 3540 999 3589; x_wconf 90' lang='lat' dir='ltr'><strong>et</strong></span> <span class='ocrx_word' id='word_1_131' title='bbox 1034 3535 1274 3590; x_wconf 86' lang='lat' dir='ltr'><strong>aliorum</strong></span> <span class='ocrx_word' id='word_1_132' title='bbox 1300 3534 1534 3589; x_wconf 86' lang='lat' dir='ltr'><strong>Graeco-</strong></span> 
     </span>
     <span class='ocr_line' id='line_1_31' title="bbox 388 3604 1536 3661; baseline -0.001 -2"><span class='ocrx_word' id='word_1_133' title='bbox 388 3624 513 3659; x_wconf 86' lang='lat' dir='ltr'><strong>rum</strong></span> <span class='ocrx_word' id='word_1_134' title='bbox 538 3604 803 3660; x_wconf 77' lang='lat' dir='ltr'><strong>Horatius</strong></span> <span class='ocrx_word' id='word_1_135' title='bbox 828 3622 959 3659; x_wconf 84' lang='lat' dir='ltr'><strong>usus</strong></span> <span class='ocrx_word' id='word_1_136' title='bbox 979 3611 1065 3660; x_wconf 89' lang='lat' dir='ltr'><strong>est</strong></span> <span class='ocrx_word' id='word_1_137' title='bbox 1088 3608 1147 3660; x_wconf 91' lang='lat' dir='ltr'><strong>in</strong></span> <span class='ocrx_word' id='word_1_138' title='bbox 1171 3607 1427 3661; x_wconf 85' lang='lat' dir='ltr'><strong>omnibus</strong></span> <span class='ocrx_word' id='word_1_139' title='bbox 1450 3605 1536 3659; x_wconf 87' lang='lat' dir='ltr'><strong>his</strong></span> 
     </span>
     <span class='ocr_line' id='line_1_32' title="bbox 389 3677 1536 3747; baseline -0.001 -16"><span class='ocrx_word' id='word_1_140' title='bbox 389 3677 731 3731; x_wconf 84' lang='lat' dir='ltr'><strong>carminibus</strong></span> <span class='ocrx_word' id='word_1_141' title='bbox 770 3682 1001 3745; x_wconf 84' lang='lat' dir='ltr'><strong>excepto</strong></span> <span class='ocrx_word' id='word_1_142' title='bbox 1038 3678 1255 3733; x_wconf 85' lang='lat' dir='ltr'><strong>decimo</strong></span> <span class='ocrx_word' id='word_1_143' title='bbox 1280 3677 1536 3747; x_wconf 88' lang='lat' dir='ltr'><strong>septim0,</strong></span> 
     </span>
     <span class='ocr_line' id='line_1_33' title="bbox 354 3748 1537 3819; baseline 0 -17"><span class='ocrx_word' id='word_1_144' title='bbox 354 3808 361 3816; x_wconf 53' lang='grc'><strong>,</strong></span> <span class='ocrx_word' id='word_1_145' title='bbox 391 3748 557 3818; x_wconf 91' lang='lat' dir='ltr'><strong>quod,</strong></span> <span class='ocrx_word' id='word_1_146' title='bbox 583 3748 858 3817; x_wconf 87' lang='lat' dir='ltr'><strong>siquidem</strong></span> <span class='ocrx_word' id='word_1_147' title='bbox 883 3767 995 3804; x_wconf 90' lang='lat' dir='ltr'><strong>non</strong></span> <span class='ocrx_word' id='word_1_148' title='bbox 1028 3752 1214 3819; x_wconf 87' lang='lat' dir='ltr'><strong>metri,</strong></span> <span class='ocrx_word' id='word_1_149' title='bbox 1240 3750 1323 3803; x_wconf 91' lang='lat' dir='ltr'><strong>rei</strong></span> <span class='ocrx_word' id='word_1_150' title='bbox 1348 3755 1537 3803; x_wconf 89' lang='lat' dir='ltr'><strong>tamen</strong></span> 
     </span>
     <span class='ocr_line' id='line_1_34' title="bbox 392 3820 1537 3892; baseline 0.001 -19"><span class='ocrx_word' id='word_1_151' title='bbox 392 3826 596 3874; x_wconf 87' lang='lat' dir='ltr'><strong>natura</strong></span> <span class='ocrx_word' id='word_1_152' title='bbox 616 3820 847 3889; x_wconf 88' lang='lat' dir='ltr'><strong>reliquis</strong></span> <span class='ocrx_word' id='word_1_153' title='bbox 867 3827 1169 3892; x_wconf 82' lang='lat' dir='ltr'><strong>cognatum</strong></span> <span class='ocrx_word' id='word_1_154' title='bbox 1187 3826 1298 3890; x_wconf 85' lang='lat' dir='ltr'><strong>est3</strong></span> <span class='ocrx_word' id='word_1_155' title='bbox 1336 3821 1405 3874; x_wconf 93' lang='lat' dir='ltr'><strong>de</strong></span> <span class='ocrx_word' id='word_1_156' title='bbox 1427 3836 1537 3888; x_wconf 88' lang='lat' dir='ltr'><strong>qua</strong></span> 
     </span>
     <span class='ocr_line' id='line_1_35' title="bbox 388 3892 1535 3962; baseline -0.001 -17"><span class='ocrx_word' id='word_1_157' title='bbox 388 3908 451 3946; x_wconf 88' lang='lat' dir='ltr'><strong>re</strong></span> <span class='ocrx_word' id='word_1_158' title='bbox 488 3893 867 3946; x_wconf 89' lang='lat' dir='ltr'><strong>memorabilis</strong></span> <span class='ocrx_word' id='word_1_159' title='bbox 894 3892 1048 3947; x_wconf 90' lang='lat' dir='ltr'><strong>locus</strong></span> <span class='ocrx_word' id='word_1_160' title='bbox 1086 3898 1171 3947; x_wconf 89' lang='lat' dir='ltr'><strong>est</strong></span> <span class='ocrx_word' id='word_1_161' title='bbox 1207 3892 1381 3962; x_wconf 88' lang='lat' dir='ltr'><strong>ipsius</strong></span> <span class='ocrx_word' id='word_1_162' title='bbox 1406 3908 1535 3961; x_wconf 90' lang='lat' dir='ltr'><strong>poe-</strong></span> 
     </span>
     <span class='ocr_line' id='line_1_36' title="bbox 389 3964 1537 4033; baseline -0.001 -15"><span class='ocrx_word' id='word_1_163' title='bbox 389 3968 481 4018; x_wconf 88' lang='lat' dir='ltr'><strong>tae</strong></span> <span class='ocrx_word' id='word_1_164' title='bbox 518 3964 699 4033; x_wconf 83' lang='lat' dir='ltr'><strong>Epist.</strong></span> <span class='ocrx_word' id='word_1_165' title='bbox 735 3965 780 4031; x_wconf 92' lang='lat'><strong>1,</strong></span> <span class='ocrx_word' id='word_1_166' title='bbox 824 3965 905 4032; x_wconf 88' lang='grc'><strong>19,</strong></span> <span class='ocrx_word' id='word_1_167' title='bbox 946 3967 1030 4019; x_wconf 83' lang='grc'><strong>23.</strong></span> <span class='ocrx_word' id='word_1_168' title='bbox 1078 3964 1415 4019; x_wconf 85' lang='lat' dir='ltr'><strong>Monendum</strong></span> <span class='ocrx_word' id='word_1_169' title='bbox 1454 3967 1537 4017; x_wconf 87' lang='lat' dir='ltr'><strong>ta·</strong></span> 
     </span>
     <span class='ocr_line' id='line_1_37' title="bbox 391 4034 1537 4105; baseline -0.003 -15"><span class='ocrx_word' id='word_1_170' title='bbox 391 4053 520 4090; x_wconf 91' lang='lat' dir='ltr'><strong>men</strong></span> <span class='ocrx_word' id='word_1_171' title='bbox 556 4040 641 4089; x_wconf 86' lang='lat' dir='ltr'><strong>est</strong></span> <span class='ocrx_word' id='word_1_172' title='bbox 676 4052 747 4090; x_wconf 90' lang='lat' dir='ltr'><strong>ne</strong></span> <span class='ocrx_word' id='word_1_173' title='bbox 784 4036 907 4105; x_wconf 87' lang='lat' dir='ltr'><strong>quis</strong></span> <span class='ocrx_word' id='word_1_174' title='bbox 932 4036 1119 4091; x_wconf 90' lang='lat' dir='ltr'><strong>omnia</strong></span> <span class='ocrx_word' id='word_1_175' title='bbox 1144 4053 1286 4105; x_wconf 87' lang='lat' dir='ltr'><strong>quae</strong></span> <span class='ocrx_word' id='word_1_176' title='bbox 1310 4035 1369 4087; x_wconf 93' lang='lat' dir='ltr'><strong>in</strong></span> <span class='ocrx_word' id='word_1_177' title='bbox 1388 4034 1537 4105; x_wconf 87' lang='lat' dir='ltr'><strong>Epo·</strong></span> 
     </span>
     <span class='ocr_line' id='line_1_38' title="bbox 392 4106 1537 4177; baseline -0.003 -16"><span class='ocrx_word' id='word_1_178' title='bbox 392 4106 477 4161; x_wconf 88' lang='lat' dir='ltr'><strong>dis</strong></span> <span class='ocrx_word' id='word_1_179' title='bbox 514 4108 775 4177; x_wconf 82' lang='lat' dir='ltr'><strong>legantur</strong></span> <span class='ocrx_word' id='word_1_180' title='bbox 809 4108 1037 4162; x_wconf 85' lang='lat' dir='ltr'><strong>nomina</strong></span> <span class='ocrx_word' id='word_1_181' title='bbox 1071 4112 1304 4177; x_wconf 82' lang='lat' dir='ltr'><strong>propter</strong></span> <span class='ocrx_word' id='word_1_182' title='bbox 1337 4106 1537 4160; x_wconf 81' lang='lat' dir='ltr'><strong>Archi·</strong></span> 
     </span>
     <span class='ocr_line' id='line_1_39' title="bbox 390 4177 1536 4245; baseline -0.003 -13"><span class='ocrx_word' id='word_1_183' title='bbox 390 4178 541 4233; x_wconf 92' lang='lat' dir='ltr'><strong>lochi</strong></span> <span class='ocrx_word' id='word_1_184' title='bbox 549 4179 924 4233; x_wconf 84' lang='lat' dir='ltr'><strong>imitationem</strong></span> <span class='ocrx_word' id='word_1_185' title='bbox 944 4196 1075 4233; x_wconf 86' lang='lat' dir='ltr'><strong>vera</strong></span> <span class='ocrx_word' id='word_1_186' title='bbox 1094 4179 1287 4233; x_wconf 86' lang='lat' dir='ltr'><strong>statim</strong></span> <span class='ocrx_word' id='word_1_187' title='bbox 1306 4177 1536 4245; x_wconf 83' lang='lat' dir='ltr'><strong>habeat3</strong></span> 
     </span>
     <span class='ocr_line' id='line_1_40' title="bbox 392 4249 1537 4305; baseline -0.002 -2"><span class='ocrx_word' id='word_1_188' title='bbox 392 4252 565 4305; x_wconf 91' lang='lat' dir='ltr'><strong>immo</strong></span> <span class='ocrx_word' id='word_1_189' title='bbox 618 4267 751 4305; x_wconf 88' lang='lat' dir='ltr'><strong>vero</strong></span> <span class='ocrx_word' id='word_1_190' title='bbox 824 4256 1254 4305; x_wconf 84' lang='lat' dir='ltr'><strong>consentaneum</strong></span> <span class='ocrx_word' id='word_1_191' title='bbox 1324 4254 1409 4303; x_wconf 88' lang='lat' dir='ltr'><strong>est</strong></span> <span class='ocrx_word' id='word_1_192' title='bbox 1478 4249 1537 4301; x_wconf 91' lang='lat' dir='ltr'><strong>in</strong></span> 
     </span>
     <span class='ocr_line' id='line_1_41' title="bbox 392 4320 1537 4391; baseline -0.002 -16"><span class='ocrx_word' id='word_1_193' title='bbox 392 4320 604 4391; x_wconf 85' lang='lat' dir='ltr'><strong>Epodis</strong></span> <span class='ocrx_word' id='word_1_194' title='bbox 650 4338 873 4391; x_wconf 84' lang='lat' dir='ltr'><strong>quoque</strong></span> <span class='ocrx_word' id='word_1_195' title='bbox 919 4320 1065 4375; x_wconf 85' lang='lat' dir='ltr'><strong>fictis</strong></span> <span class='ocrx_word' id='word_1_196' title='bbox 1110 4320 1393 4379; x_wconf 86' lang='lat' dir='ltr'><strong>interdum</strong></span> <span class='ocrx_word' id='word_1_197' title='bbox 1440 4338 1537 4374; x_wconf 87' lang='lat' dir='ltr'><strong>no·</strong></span> 
     </span>
     <span class='ocr_line' id='line_1_42' title="bbox 393 4392 1413 4462; baseline -0.001 -16"><span class='ocrx_word' id='word_1_198' title='bbox 393 4393 636 4447; x_wconf 85' lang='lat' dir='ltr'><strong>minibus</strong></span> <span class='ocrx_word' id='word_1_199' title='bbox 675 4393 933 4462; x_wconf 85' lang='lat' dir='ltr'><strong>aequales</strong></span> <span class='ocrx_word' id='word_1_200' title='bbox 971 4393 1194 4447; x_wconf 82' lang='lat' dir='ltr'><strong>Horatii</strong></span> <span class='ocrx_word' id='word_1_201' title='bbox 1228 4392 1413 4447; x_wconf 85' lang='lat' dir='ltr'><strong>celari.</strong></span> 
     </span>
     <span class='ocr_line' id='line_1_43' title="bbox 466 4462 1537 4521; baseline -0.003 -3"><span class='ocrx_word' id='word_1_202' title='bbox 466 4467 629 4519; x_wconf 85' lang='lat' dir='ltr'><strong>Anno</strong></span> <span class='ocrx_word' id='word_1_203' title='bbox 674 4482 726 4519; x_wconf 89' lang='lat' dir='ltr'><strong>u.</strong></span> <span class='ocrx_word' id='word_1_204' title='bbox 776 4482 823 4519; x_wconf 91' lang='lat' dir='ltr'><strong>c.</strong></span> <span class='ocrx_word' id='word_1_205' title='bbox 876 4466 980 4518; x_wconf 80' lang='lat'><strong>723</strong></span> <span class='ocrx_word' id='word_1_206' title='bbox 1036 4482 1158 4521; x_wconf 89' lang='lat' dir='ltr'><strong>cum</strong></span> <span class='ocrx_word' id='word_1_207' title='bbox 1214 4464 1423 4519; x_wconf 87' lang='lat' dir='ltr'><strong>bellum</strong></span> <span class='ocrx_word' id='word_1_208' title='bbox 1477 4462 1537 4515; x_wconf 92' lang='lat' dir='ltr'><strong>in</strong></span> 
     </span>
     <span class='ocr_line' id='line_1_44' title="bbox 395 4534 1538 4606; baseline -0.004 -13"><span class='ocrx_word' id='word_1_209' title='bbox 395 4534 747 4606; x_wconf 86' lang='lat' dir='ltr'><strong>Cleopatram</strong></span> <span class='ocrx_word' id='word_1_210' title='bbox 784 4541 843 4593; x_wconf 86' lang='lat' dir='ltr'><strong>et</strong></span> <span class='ocrx_word' id='word_1_211' title='bbox 877 4537 1183 4591; x_wconf 81' lang='lat' dir='ltr'><strong>Antonium</strong></span> <span class='ocrx_word' id='word_1_212' title='bbox 1220 4540 1538 4605; x_wconf 87' lang='lat' dir='ltr'><strong>pararetur,</strong></span> 
     </span>
    </p>
   </div>
   <div class='ocr_carea' id='block_1_12' title="bbox 1627 2102 2789 4593">
    <p class='ocr_par' dir='ltr' id='par_1_13' title="bbox 1627 2102 2785 3460">
     <span class='ocr_line' id='line_1_45' title="bbox 1629 2102 2780 2159; baseline 0.001 -2"><span class='ocrx_word' id='word_1_213' title='bbox 1629 2104 1922 2159; x_wconf 83' lang='lat' dir='ltr'><strong>Maecenas</strong></span> <span class='ocrx_word' id='word_1_214' title='bbox 1957 2102 2326 2159; x_wconf 86' lang='lat' dir='ltr'><strong>Octavianum</strong></span> <span class='ocrx_word' id='word_1_215' title='bbox 2349 2103 2412 2157; x_wconf 89' lang='lat' dir='ltr'><strong>in</strong></span> <span class='ocrx_word' id='word_1_216' title='bbox 2442 2102 2656 2157; x_wconf 90' lang='lat' dir='ltr'><strong>bellum</strong></span> <span class='ocrx_word' id='word_1_217' title='bbox 2687 2119 2780 2158; x_wconf 89' lang='lat' dir='ltr'><strong>co·</strong></span> 
     </span>
     <span class='ocr_line' id='line_1_46' title="bbox 1629 2174 2780 2245; baseline 0 -16"><span class='ocrx_word' id='word_1_218' title='bbox 1629 2176 1869 2230; x_wconf 86' lang='lat' dir='ltr'><strong>mitandi</strong></span> <span class='ocrx_word' id='word_1_219' title='bbox 1918 2176 2212 2230; x_wconf 87' lang='lat' dir='ltr'><strong>consilium</strong></span> <span class='ocrx_word' id='word_1_220' title='bbox 2265 2177 2432 2245; x_wconf 86' lang='lat' dir='ltr'><strong>cepit.</strong></span> <span class='ocrx_word' id='word_1_221' title='bbox 2513 2174 2780 2230; x_wconf 85' lang='lat' dir='ltr'><strong>Horatius</strong></span> 
     </span>
     <span class='ocr_line' id='line_1_47' title="bbox 1629 2248 2781 2317; baseline 0 -16"><span class='ocrx_word' id='word_1_222' title='bbox 1629 2265 1734 2316; x_wconf 90' lang='lat' dir='ltr'><strong>pro</strong></span> <span class='ocrx_word' id='word_1_223' title='bbox 1773 2248 2180 2302; x_wconf 82' lang='lat' dir='ltr'><strong>necessitudine</strong></span> <span class='ocrx_word' id='word_1_224' title='bbox 2215 2264 2359 2317; x_wconf 87' lang='lat' dir='ltr'><strong>quae</strong></span> <span class='ocrx_word' id='word_1_225' title='bbox 2393 2248 2445 2302; x_wconf 91' lang='lat' dir='ltr'><strong>ei</strong></span> <span class='ocrx_word' id='word_1_226' title='bbox 2492 2252 2614 2303; x_wconf 88' lang='lat' dir='ltr'><strong>erat</strong></span> <span class='ocrx_word' id='word_1_227' title='bbox 2649 2264 2781 2301; x_wconf 89' lang='lat' dir='ltr'><strong>cum</strong></span> 
     </span>
     <span class='ocr_line' id='line_1_48' title="bbox 1632 2319 2781 2374; baseline 0 -1"><span class='ocrx_word' id='word_1_228' title='bbox 1632 2319 1728 2373; x_wconf 90' lang='lat' dir='ltr'><strong>illo</strong></span> <span class='ocrx_word' id='word_1_229' title='bbox 1789 2320 1912 2373; x_wconf 82' lang='lat' dir='ltr'><strong>viro</strong></span> <span class='ocrx_word' id='word_1_230' title='bbox 1973 2338 2134 2373; x_wconf 89' lang='lat' dir='ltr'><strong>suum</strong></span> <span class='ocrx_word' id='word_1_231' title='bbox 2196 2336 2312 2374; x_wconf 88' lang='lat' dir='ltr'><strong>esse</strong></span> <span class='ocrx_word' id='word_1_232' title='bbox 2371 2319 2480 2373; x_wconf 90' lang='lat' dir='ltr'><strong>hoc</strong></span> <span class='ocrx_word' id='word_1_233' title='bbox 2532 2320 2781 2373; x_wconf 81' lang='lat' dir='ltr'><strong>carmine</strong></span> 
     </span>
     <span class='ocr_line' id='line_1_49' title="bbox 1628 2390 2781 2460; baseline -0.001 -16"><span class='ocrx_word' id='word_1_234' title='bbox 1628 2390 1912 2459; x_wconf 86' lang='lat' dir='ltr'><strong>professus</strong></span> <span class='ocrx_word' id='word_1_235' title='bbox 1958 2396 2067 2459; x_wconf 88' lang='lat' dir='ltr'><strong>est,</strong></span> <span class='ocrx_word' id='word_1_236' title='bbox 2112 2391 2311 2445; x_wconf 85' lang='lat' dir='ltr'><strong>iisdem</strong></span> <span class='ocrx_word' id='word_1_237' title='bbox 2355 2408 2472 2444; x_wconf 90' lang='lat' dir='ltr'><strong>sese</strong></span> <span class='ocrx_word' id='word_1_238' title='bbox 2515 2390 2781 2460; x_wconf 87' lang='lat' dir='ltr'><strong>periculis</strong></span> 
     </span>
     <span class='ocr_line' id='line_1_50' title="bbox 1631 2462 2782 2531; baseline 0 -16"><span class='ocrx_word' id='word_1_239' title='bbox 1631 2479 1772 2531; x_wconf 87' lang='lat' dir='ltr'><strong>quae</strong></span> <span class='ocrx_word' id='word_1_240' title='bbox 1809 2462 2019 2516; x_wconf 87' lang='lat' dir='ltr'><strong>amicus</strong></span> <span class='ocrx_word' id='word_1_241' title='bbox 2055 2464 2241 2517; x_wconf 89' lang='lat' dir='ltr'><strong>obiret</strong></span> <span class='ocrx_word' id='word_1_242' title='bbox 2277 2462 2514 2517; x_wconf 89' lang='lat' dir='ltr'><strong>obicere.</strong></span> <span class='ocrx_word' id='word_1_243' title='bbox 2549 2462 2782 2517; x_wconf 84' lang='lat' dir='ltr'><strong>Etenim</strong></span> 
     </span>
     <span class='ocr_line' id='line_1_51' title="bbox 1662 2534 2779 2603; baseline -0.001 -16"><span class='ocrx_word' id='word_1_244' title='bbox 1662 2538 1752 2597; x_wconf 58' lang='lat' dir='ltr'><strong>tu&gt;</strong></span> <span class='ocrx_word' id='word_1_245' title='bbox 1774 2534 1976 2603; x_wconf 88' lang='lat' dir='ltr'><strong>inquit,</strong></span> <span class='ocrx_word' id='word_1_246' title='bbox 2011 2534 2318 2600; x_wconf 83' lang='lat' dir='ltr'><strong>Maecenas,</strong></span> <span class='ocrx_word' id='word_1_247' title='bbox 2350 2534 2591 2588; x_wconf 88' lang='lat' dir='ltr'><strong>amicum</strong></span> <span class='ocrx_word' id='word_1_248' title='bbox 2618 2539 2779 2588; x_wconf 89' lang='lat' dir='ltr'><strong>tuum</strong></span> 
     </span>
     <span class='ocr_line' id='line_1_52' title="bbox 1628 2574 2779 2661; baseline -0.001 -2"><span class='ocrx_word' id='word_1_249' title='bbox 1628 2574 1998 2660; x_wconf 53' lang='lat' dir='ltr'><strong>bctavianum</strong></span> <span class='ocrx_word' id='word_1_250' title='bbox 2057 2606 2422 2661; x_wconf 85' lang='lat' dir='ltr'><strong>comitaturus</strong></span> <span class='ocrx_word' id='word_1_251' title='bbox 2471 2624 2528 2659; x_wconf 88' lang='lat' dir='ltr'><strong>es</strong></span> <span class='ocrx_word' id='word_1_252' title='bbox 2572 2606 2632 2659; x_wconf 93' lang='lat' dir='ltr'><strong>in</strong></span> <span class='ocrx_word' id='word_1_253' title='bbox 2685 2622 2779 2659; x_wconf 88' lang='lat' dir='ltr'><strong>ex·</strong></span> 
     </span>
     <span class='ocr_line' id='line_1_53' title="bbox 1629 2676 2779 2746; baseline 0 -16"><span class='ocrx_word' id='word_1_254' title='bbox 1629 2684 1810 2731; x_wconf 88' lang='lat' dir='ltr'><strong>trema</strong></span> <span class='ocrx_word' id='word_1_255' title='bbox 1854 2676 1990 2731; x_wconf 92' lang='lat' dir='ltr'><strong>belli</strong></span> <span class='ocrx_word' id='word_1_256' title='bbox 2039 2678 2308 2746; x_wconf 87' lang='lat' dir='ltr'><strong>pericula,</strong></span> <span class='ocrx_word' id='word_1_257' title='bbox 2365 2676 2516 2731; x_wconf 86' lang='lat' dir='ltr'><strong>idem</strong></span> <span class='ocrx_word' id='word_1_258' title='bbox 2558 2693 2630 2731; x_wconf 89' lang='lat' dir='ltr'><strong>ne</strong></span> <span class='ocrx_word' id='word_1_259' title='bbox 2675 2693 2779 2746; x_wconf 80' lang='lat' dir='ltr'><strong>ego</strong></span> 
     </span>
     <span class='ocr_line' id='line_1_54' title="bbox 1629 2747 2782 2817; baseline -0.001 -15"><span class='ocrx_word' id='word_1_260' title='bbox 1629 2748 1837 2803; x_wconf 84' lang='lat' dir='ltr'><strong>faciam</strong></span> <span class='ocrx_word' id='word_1_261' title='bbox 1873 2753 2047 2803; x_wconf 85' lang='lat' dir='ltr'><strong>vetas.</strong></span> <span class='ocrx_word' id='word_1_262' title='bbox 2126 2747 2192 2802; x_wconf 95' lang='lat' dir='ltr'><strong>In</strong></span> <span class='ocrx_word' id='word_1_263' title='bbox 2231 2766 2341 2817; x_wconf 90' lang='lat' dir='ltr'><strong>qua</strong></span> <span class='ocrx_word' id='word_1_264' title='bbox 2377 2766 2440 2802; x_wconf 91' lang='lat' dir='ltr'><strong>re</strong></span> <span class='ocrx_word' id='word_1_265' title='bbox 2479 2748 2576 2817; x_wconf 91' lang='lat' dir='ltr'><strong>qui</strong></span> <span class='ocrx_word' id='word_1_266' title='bbox 2613 2753 2782 2817; x_wconf 89' lang='lat' dir='ltr'><strong>putas</strong></span> 
     </span>
     <span class='ocr_line' id='line_1_55' title="bbox 1627 2819 2776 2890; baseline -0.002 -16"><span class='ocrx_word' id='word_1_267' title='bbox 1627 2837 1716 2875; x_wconf 91' lang='lat' dir='ltr'><strong>me</strong></span> <span class='ocrx_word' id='word_1_268' title='bbox 1753 2820 1861 2874; x_wconf 90' lang='lat' dir='ltr'><strong>tibi</strong></span> <span class='ocrx_word' id='word_1_269' title='bbox 1897 2836 2058 2890; x_wconf 87' lang='lat' dir='ltr'><strong>posse</strong></span> <span class='ocrx_word' id='word_1_270' title='bbox 2095 2819 2523 2888; x_wconf 77' lang='lat' dir='ltr'><strong>obtemperare?</strong></span> <span class='ocrx_word' id='word_1_271' title='bbox 2597 2819 2776 2873; x_wconf 88' lang='lat' dir='ltr'><strong>Immo</strong></span> 
     </span>
     <span class='ocr_line' id='line_1_56' title="bbox 1627 2890 2778 2961; baseline -0.002 -16"><span class='ocrx_word' id='word_1_272' title='bbox 1627 2895 1858 2961; x_wconf 87' lang='lat' dir='ltr'><strong>paratus</strong></span> <span class='ocrx_word' id='word_1_273' title='bbox 1896 2908 2017 2945; x_wconf 90' lang='lat' dir='ltr'><strong>sum</strong></span> <span class='ocrx_word' id='word_1_274' title='bbox 2055 2892 2244 2945; x_wconf 87' lang='lat' dir='ltr'><strong>omnia</strong></span> <span class='ocrx_word' id='word_1_275' title='bbox 2288 2895 2388 2945; x_wconf 89' lang='lat' dir='ltr'><strong>tua</strong></span> <span class='ocrx_word' id='word_1_276' title='bbox 2427 2890 2679 2960; x_wconf 86' lang='lat' dir='ltr'><strong>pericula</strong></span> <span class='ocrx_word' id='word_1_277' title='bbox 2712 2890 2778 2944; x_wconf 90' lang='lat' dir='ltr'><strong>li·</strong></span> 
     </span>
     <span class='ocr_line' id='line_1_57' title="bbox 1627 2961 2783 3031; baseline -0.001 -14"><span class='ocrx_word' id='word_1_278' title='bbox 1627 2962 1830 3017; x_wconf 88' lang='lat' dir='ltr'><strong>benter</strong></span> <span class='ocrx_word' id='word_1_279' title='bbox 1867 2962 2042 3031; x_wconf 88' lang='lat' dir='ltr'><strong>obire,</strong></span> <span class='ocrx_word' id='word_1_280' title='bbox 2083 2980 2194 3017; x_wconf 89' lang='lat' dir='ltr'><strong>non</strong></span> <span class='ocrx_word' id='word_1_281' title='bbox 2234 2962 2372 3017; x_wconf 90' lang='lat' dir='ltr'><strong>lucri</strong></span> <span class='ocrx_word' id='word_1_282' title='bbox 2413 2966 2514 3016; x_wconf 88' lang='lat' dir='ltr'><strong>aut</strong></span> <span class='ocrx_word' id='word_1_283' title='bbox 2538 2961 2783 3031; x_wconf 82' lang='lat' dir='ltr'><strong>praedae</strong></span> 
     </span>
     <span class='ocr_line' id='line_1_58' title="bbox 1629 3033 2780 3103; baseline -0.003 -13"><span class='ocrx_word' id='word_1_284' title='bbox 1629 3052 1796 3090; x_wconf 90' lang='lat' dir='ltr'><strong>causa</strong></span> <span class='ocrx_word' id='word_1_285' title='bbox 1839 3035 1936 3087; x_wconf 84' lang='lat' dir='ltr'><strong>sed</strong></span> <span class='ocrx_word' id='word_1_286' title='bbox 1975 3035 2108 3103; x_wconf 88' lang='lat' dir='ltr'><strong>quia</strong></span> <span class='ocrx_word' id='word_1_287' title='bbox 2137 3050 2399 3103; x_wconf 88' lang='lat' dir='ltr'><strong>praesens</strong></span> <span class='ocrx_word' id='word_1_288' title='bbox 2450 3034 2558 3088; x_wconf 92' lang='lat' dir='ltr'><strong>tibi</strong></span> <span class='ocrx_word' id='word_1_289' title='bbox 2597 3033 2780 3087; x_wconf 84' lang='lat' dir='ltr'><strong>minus</strong></span> 
     </span>
     <span class='ocr_line' id='line_1_59' title="bbox 1628 3104 2785 3174; baseline 0 -15"><span class='ocrx_word' id='word_1_290' title='bbox 1628 3106 1801 3159; x_wconf 87' lang='lat' dir='ltr'><strong>timeo</strong></span> <span class='ocrx_word' id='word_1_291' title='bbox 1841 3122 2009 3174; x_wconf 86' lang='lat' dir='ltr'><strong>quam</strong></span> <span class='ocrx_word' id='word_1_292' title='bbox 2047 3106 2256 3160; x_wconf 87' lang='lat' dir='ltr'><strong>Romae</strong></span> <span class='ocrx_word' id='word_1_293' title='bbox 2289 3105 2571 3159; x_wconf 86' lang='lat' dir='ltr'><strong>relictus.“</strong></span> <span class='ocrx_word' id='word_1_294' title='bbox 2630 3104 2785 3159; x_wconf 88' lang='lat' dir='ltr'><strong>Haec</strong></span> 
     </span>
     <span class='ocr_line' id='line_1_60' title="bbox 1630 3176 2781 3246; baseline -0.002 -15"><span class='ocrx_word' id='word_1_295' title='bbox 1630 3178 1923 3246; x_wconf 82' lang='lat' dir='ltr'><strong>Horatius3</strong></span> <span class='ocrx_word' id='word_1_296' title='bbox 1961 3177 2250 3232; x_wconf 85' lang='lat' dir='ltr'><strong>Maecenas</strong></span> <span class='ocrx_word' id='word_1_297' title='bbox 2297 3176 2498 3231; x_wconf 91' lang='lat' dir='ltr'><strong>deinde</strong></span> <span class='ocrx_word' id='word_1_298' title='bbox 2545 3178 2643 3245; x_wconf 92' lang='lat' dir='ltr'><strong>qui</strong></span> <span class='ocrx_word' id='word_1_299' title='bbox 2687 3194 2781 3229; x_wconf 86' lang='lat' dir='ltr'><strong>ur·</strong></span> 
     </span>
     <span class='ocr_line' id='line_1_61' title="bbox 1631 3246 2784 3318; baseline -0.001 -15"><span class='ocrx_word' id='word_1_300' title='bbox 1631 3248 1791 3303; x_wconf 88' lang='lat' dir='ltr'><strong>banis</strong></span> <span class='ocrx_word' id='word_1_301' title='bbox 1848 3249 2090 3318; x_wconf 81' lang='lat' dir='ltr'><strong>negotiis</strong></span> <span class='ocrx_word' id='word_1_302' title='bbox 2146 3254 2427 3317; x_wconf 84' lang='lat' dir='ltr'><strong>praeesset</strong></span> <span class='ocrx_word' id='word_1_303' title='bbox 2487 3248 2558 3302; x_wconf 89' lang='lat' dir='ltr'><strong>ab</strong></span> <span class='ocrx_word' id='word_1_304' title='bbox 2617 3246 2784 3302; x_wconf 85' lang='lat' dir='ltr'><strong>Octa-</strong></span> 
     </span>
     <span class='ocr_line' id='line_1_62' title="bbox 1629 3319 2782 3389; baseline 0 -16"><span class='ocrx_word' id='word_1_305' title='bbox 1629 3320 1795 3374; x_wconf 81' lang='lat' dir='ltr'><strong>viano</strong></span> <span class='ocrx_word' id='word_1_306' title='bbox 1818 3319 2048 3373; x_wconf 88' lang='lat' dir='ltr'><strong>relictus</strong></span> <span class='ocrx_word' id='word_1_307' title='bbox 2073 3325 2300 3389; x_wconf 86' lang='lat' dir='ltr'><strong>captum</strong></span> <span class='ocrx_word' id='word_1_308' title='bbox 2326 3326 2454 3374; x_wconf 88' lang='lat' dir='ltr'><strong>ante</strong></span> <span class='ocrx_word' id='word_1_309' title='bbox 2486 3320 2782 3374; x_wconf 88' lang='lat' dir='ltr'><strong>consilium</strong></span> 
     </span>
     <span class='ocr_line' id='line_1_63' title="bbox 1631 3395 2240 3460; baseline 0 -15"><span class='ocrx_word' id='word_1_310' title='bbox 1631 3409 1742 3445; x_wconf 89' lang='lat' dir='ltr'><strong>non</strong></span> <span class='ocrx_word' id='word_1_311' title='bbox 1780 3395 1864 3445; x_wconf 86' lang='lat' dir='ltr'><strong>est</strong></span> <span class='ocrx_word' id='word_1_312' title='bbox 1899 3396 2240 3460; x_wconf 87' lang='lat' dir='ltr'><strong>persecutus.</strong></span> 
     </span>
    </p>

    <p class='ocr_par' dir='ltr' id='par_1_14' title="bbox 1630 3460 2789 4593">
     <span class='ocr_line' id='line_1_64' title="bbox 1701 3460 2781 3532; baseline 0 -17"><span class='ocrx_word' id='word_1_313' title='bbox 1701 3463 1767 3517; x_wconf 85' lang='lat' dir='ltr'><strong>V.</strong></span> <span class='ocrx_word' id='word_1_314' title='bbox 1814 3466 1857 3517; x_wconf 93' lang='lat'><strong>1.</strong></span> <span class='ocrx_word' id='word_1_315' title='bbox 1895 3461 2191 3532; x_wconf 73' lang='lat' dir='ltr'><strong>Liburnis]</strong></span> <span class='ocrx_word' id='word_1_316' title='bbox 2229 3461 2515 3516; x_wconf 86' lang='lat' dir='ltr'><strong>Liburnae</strong></span> <span class='ocrx_word' id='word_1_317' title='bbox 2551 3462 2642 3515; x_wconf 84' lang='lat' dir='ltr'><strong>vel</strong></span> <span class='ocrx_word' id='word_1_318' title='bbox 2685 3460 2781 3515; x_wconf 90' lang='lat' dir='ltr'><strong>Li-</strong></span> 
     </span>
     <span class='ocr_line' id='line_1_65' title="bbox 1630 3534 2783 3603; baseline 0 -16"><span class='ocrx_word' id='word_1_319' title='bbox 1630 3534 1898 3589; x_wconf 90' lang='lat' dir='ltr'><strong>burnicae</strong></span> <span class='ocrx_word' id='word_1_320' title='bbox 1935 3551 2102 3589; x_wconf 81' lang='lat' dir='ltr'><strong>naves</strong></span> <span class='ocrx_word' id='word_1_321' title='bbox 2147 3538 2310 3588; x_wconf 86' lang='lat' dir='ltr'><strong>erant</strong></span> <span class='ocrx_word' id='word_1_322' title='bbox 2344 3548 2552 3603; x_wconf 79' lang='lat' dir='ltr'><strong>parvae</strong></span> <span class='ocrx_word' id='word_1_323' title='bbox 2598 3538 2655 3587; x_wconf 90' lang='lat' dir='ltr'><strong>et</strong></span> <span class='ocrx_word' id='word_1_324' title='bbox 2689 3550 2783 3587; x_wconf 79' lang='lat' dir='ltr'><strong>ve-</strong></span> 
     </span>
     <span class='ocr_line' id='line_1_66' title="bbox 1632 3604 2784 3687; baseline -0.001 -29"><span class='ocrx_word' id='word_1_325' title='bbox 1632 3605 1942 3660; x_wconf 86' lang='lat' dir='ltr'><strong>locissimae</strong></span> <span class='ocrx_word' id='word_1_326' title='bbox 1991 3624 2024 3660; x_wconf 89' lang='lat' dir='ltr'><strong>a</strong></span> <span class='ocrx_word' id='word_1_327' title='bbox 2072 3605 2355 3671; x_wconf 88' lang='lat' dir='ltr'><strong>Liburnis,</strong></span> <span class='ocrx_word' id='word_1_328' title='bbox 2397 3610 2566 3687; x_wconf 76' lang='lat' dir='ltr'><strong>gente</strong></span> <span class='ocrx_word' id='word_1_329' title='bbox 2599 3604 2784 3672; x_wconf 84' lang='lat' dir='ltr'><strong>Illyri-</strong></span> 
     </span>
     <span class='ocr_line' id='line_1_67' title="bbox 1633 3676 2785 3739; baseline -0.002 -8"><span class='ocrx_word' id='word_1_330' title='bbox 1633 3694 1714 3739; x_wconf 84' lang='lat' dir='ltr'><strong>ca,</strong></span> <span class='ocrx_word' id='word_1_331' title='bbox 1758 3678 2095 3731; x_wconf 88' lang='lat' dir='ltr'><strong>nominatae.</strong></span> <span class='ocrx_word' id='word_1_332' title='bbox 2169 3676 2338 3731; x_wconf 87' lang='lat' dir='ltr'><strong>Plura</strong></span> <span class='ocrx_word' id='word_1_333' title='bbox 2373 3676 2503 3730; x_wconf 77' lang='lat' dir='ltr'><strong>vide</strong></span> <span class='ocrx_word' id='word_1_334' title='bbox 2540 3676 2691 3730; x_wconf 85' lang='lat' dir='ltr'><strong>infra</strong></span> <span class='ocrx_word' id='word_1_335' title='bbox 2722 3676 2785 3729; x_wconf 88' lang='lat' dir='ltr'><strong>in</strong></span> 
     </span>
     <span class='ocr_line' id='line_1_68' title="bbox 1631 3747 2784 3817; baseline 0 -16"><span class='ocrx_word' id='word_1_336' title='bbox 1631 3747 1903 3802; x_wconf 84' lang='lat' dir='ltr'><strong>Excursu.</strong></span> <span class='ocrx_word' id='word_1_337' title='bbox 1963 3778 2030 3789; x_wconf 89' lang='lat'><em>-</em></span> <span class='ocrx_word' id='word_1_338' title='bbox 2084 3749 2137 3802; x_wconf 75' lang='lat' dir='ltr'><strong>si</strong></span> <span class='ocrx_word' id='word_1_339' title='bbox 2197 3747 2503 3817; x_wconf 69' lang='lat' dir='ltr'><strong>superstite]</strong></span> <span class='ocrx_word' id='word_1_340' title='bbox 2548 3747 2666 3801; x_wconf 81' lang='lat' dir='ltr'><strong>Alii</strong></span> <span class='ocrx_word' id='word_1_341' title='bbox 2715 3752 2784 3801; x_wconf 88' lang='lat' dir='ltr'><strong>ut</strong></span> 
     </span>
     <span class='ocr_line' id='line_1_69' title="bbox 1632 3818 2783 3875; baseline 0 -3"><span class='ocrx_word' id='word_1_342' title='bbox 1632 3821 1763 3873; x_wconf 82' lang='lat' dir='ltr'><strong>Axt.</strong></span> <span class='ocrx_word' id='word_1_343' title='bbox 1819 3820 2106 3874; x_wconf 86' lang='lat' dir='ltr'><strong>Eckstein.</strong></span> <span class='ocrx_word' id='word_1_344' title='bbox 2164 3819 2370 3875; x_wconf 87' lang='lat' dir='ltr'><strong>Keller.</strong></span> <span class='ocrx_word' id='word_1_345' title='bbox 2435 3818 2652 3873; x_wconf 85' lang='lat' dir='ltr'><strong>Schiitz.</strong></span> <span class='ocrx_word' id='word_1_346' title='bbox 2703 3820 2783 3872; x_wconf 73' lang='lat' dir='ltr'><strong>sit</strong></span> 
     </span>
     <span class='ocr_line' id='line_1_70' title="bbox 1631 3889 2786 3960; baseline -0.002 -15"><span class='ocrx_word' id='word_1_347' title='bbox 1631 3896 1884 3960; x_wconf 64' lang='lat' dir='ltr'><strong>superet„</strong></span> <span class='ocrx_word' id='word_1_348' title='bbox 1937 3892 2086 3959; x_wconf 89' lang='lat' dir='ltr'><strong>quod</strong></span> <span class='ocrx_word' id='word_1_349' title='bbox 2131 3892 2346 3945; x_wconf 88' lang='lat' dir='ltr'><strong>minore</strong></span> <span class='ocrx_word' id='word_1_350' title='bbox 2393 3889 2648 3946; x_wconf 84' lang='lat' dir='ltr'><strong>codicum</strong></span> <span class='ocrx_word' id='word_1_351' title='bbox 2688 3906 2786 3943; x_wconf 89' lang='lat' dir='ltr'><strong>au-</strong></span> 
     </span>
     <span class='ocr_line' id='line_1_71' title="bbox 1633 3962 2784 4032; baseline -0.001 -16"><span class='ocrx_word' id='word_1_352' title='bbox 1633 3962 1896 4016; x_wconf 87' lang='lat' dir='ltr'><strong>ctoritate</strong></span> <span class='ocrx_word' id='word_1_353' title='bbox 1933 3962 2152 4018; x_wconf 89' lang='lat' dir='ltr'><strong>nititur.</strong></span> <span class='ocrx_word' id='word_1_354' title='bbox 2191 3962 2476 4017; x_wconf 87' lang='lat' dir='ltr'><strong>Vocabula</strong></span> <span class='ocrx_word' id='word_1_355' title='bbox 2513 3968 2564 4017; x_wconf 77' lang='lat' dir='ltr'><strong>te</strong></span> <span class='ocrx_word' id='word_1_356' title='bbox 2595 3977 2784 4032; x_wconf 74' lang='lat' dir='ltr'><strong>super-</strong></span> 
     </span>
     <span class='ocr_line' id='line_1_72' title="bbox 1631 4033 2786 4102; baseline -0.001 -15"><span class='ocrx_word' id='word_1_357' title='bbox 1631 4033 1784 4100; x_wconf 75' lang='lat' dir='ltr'><strong>stite,</strong></span> <span class='ocrx_word' id='word_1_358' title='bbox 1842 4051 2077 4102; x_wconf 91' lang='lat' dir='ltr'><strong>quorum</strong></span> <span class='ocrx_word' id='word_1_359' title='bbox 2134 4033 2377 4089; x_wconf 85' lang='lat' dir='ltr'><strong>alterum</strong></span> <span class='ocrx_word' id='word_1_360' title='bbox 2435 4034 2496 4087; x_wconf 91' lang='lat' dir='ltr'><strong>in</strong></span> <span class='ocrx_word' id='word_1_361' title='bbox 2555 4050 2786 4088; x_wconf 83' lang='lat' dir='ltr'><strong>caesura</strong></span> 
     </span>
     <span class='ocr_line' id='line_1_73' title="bbox 1633 4104 2785 4160; baseline -0.001 -1"><span class='ocrx_word' id='word_1_362' title='bbox 1633 4104 1874 4159; x_wconf 86' lang='lat' dir='ltr'><strong>alterum</strong></span> <span class='ocrx_word' id='word_1_363' title='bbox 1929 4106 1988 4159; x_wconf 91' lang='lat' dir='ltr'><strong>in</strong></span> <span class='ocrx_word' id='word_1_364' title='bbox 2043 4105 2154 4159; x_wconf 88' lang='lat' dir='ltr'><strong>fine</strong></span> <span class='ocrx_word' id='word_1_365' title='bbox 2206 4122 2398 4160; x_wconf 82' lang='lat' dir='ltr'><strong>versus</strong></span> <span class='ocrx_word' id='word_1_366' title='bbox 2449 4105 2785 4159; x_wconf 84' lang='lat' dir='ltr'><strong>collocatum</strong></span> 
     </span>
     <span class='ocr_line' id='line_1_74' title="bbox 1633 4175 2785 4243; baseline -0.001 -13"><span class='ocrx_word' id='word_1_367' title='bbox 1633 4181 1743 4243; x_wconf 82' lang='lat' dir='ltr'><strong>est,</strong></span> <span class='ocrx_word' id='word_1_368' title='bbox 1798 4175 1932 4231; x_wconf 87' lang='lat' dir='ltr'><strong>locis</strong></span> <span class='ocrx_word' id='word_1_369' title='bbox 1988 4178 2262 4232; x_wconf 87' lang='lat' dir='ltr'><strong>distracta</strong></span> <span class='ocrx_word' id='word_1_370' title='bbox 2321 4182 2500 4231; x_wconf 86' lang='lat' dir='ltr'><strong>metro</strong></span> <span class='ocrx_word' id='word_1_371' title='bbox 2556 4176 2785 4231; x_wconf 86' lang='lat' dir='ltr'><strong>coniun-</strong></span> 
     </span>
     <span class='ocr_line' id='line_1_75' title="bbox 1633 4246 2784 4317; baseline -0.001 -16"><span class='ocrx_word' id='word_1_372' title='bbox 1633 4252 1871 4317; x_wconf 80' lang='lat' dir='ltr'><strong>guntur3</strong></span> <span class='ocrx_word' id='word_1_373' title='bbox 1921 4266 2034 4303; x_wconf 90' lang='lat' dir='ltr'><strong>non</strong></span> <span class='ocrx_word' id='word_1_374' title='bbox 2082 4250 2247 4303; x_wconf 87' lang='lat' dir='ltr'><strong>aliter</strong></span> <span class='ocrx_word' id='word_1_375' title='bbox 2300 4264 2351 4302; x_wconf 84' lang='lat' dir='ltr'><strong>v.</strong></span> <span class='ocrx_word' id='word_1_376' title='bbox 2399 4250 2461 4301; x_wconf 83' lang='lat'><strong>17</strong></span> <span class='ocrx_word' id='word_1_377' title='bbox 2509 4246 2784 4303; x_wconf 77' lang='lat' dir='ltr'><strong>vocabula</strong></span> 
     </span>
     <span class='ocr_line' id='line_1_76' title="bbox 1631 4318 2785 4389; baseline -0.001 -16"><span class='ocrx_word' id='word_1_378' title='bbox 1631 4320 1842 4375; x_wconf 77' lang='lat' dir='ltr'><strong>minore</strong></span> <span class='ocrx_word' id='word_1_379' title='bbox 1904 4326 2060 4375; x_wconf 78' lang='lat' dir='ltr'><strong>metu.</strong></span> <span class='ocrx_word' id='word_1_380' title='bbox 2141 4320 2205 4376; x_wconf 75' lang='lat' dir='ltr'><strong>Si</strong></span> <span class='ocrx_word' id='word_1_381' title='bbox 2263 4324 2447 4374; x_wconf 84' lang='lat' dir='ltr'><strong>autem</strong></span> <span class='ocrx_word' id='word_1_382' title='bbox 2502 4318 2785 4389; x_wconf 87' lang='lat' dir='ltr'><strong>particula</strong></span> 
     </span>
     <span class='ocr_line' id='line_1_77' title="bbox 1631 4389 2786 4461; baseline -0.001 -17"><span class='ocrx_word' id='word_1_383' title='bbox 1631 4395 1866 4459; x_wconf 87' lang='lat' dir='ltr'><strong>propter</strong></span> <span class='ocrx_word' id='word_1_384' title='bbox 1901 4391 2286 4461; x_wconf 88' lang='lat' dir='ltr'><strong>insequentem</strong></span> <span class='ocrx_word' id='word_1_385' title='bbox 2341 4391 2574 4446; x_wconf 83' lang='lat' dir='ltr'><strong>eandem</strong></span> <span class='ocrx_word' id='word_1_386' title='bbox 2609 4389 2786 4460; x_wconf 82' lang='lat' dir='ltr'><strong>parti-</strong></span> 
     </span>
     <span class='ocr_line' id='line_1_78' title="bbox 1631 4463 2789 4533; baseline 0 -18"><span class='ocrx_word' id='word_1_387' title='bbox 1631 4463 1819 4517; x_wconf 89' lang='lat' dir='ltr'><strong>culam</strong></span> <span class='ocrx_word' id='word_1_388' title='bbox 1854 4464 2168 4527; x_wconf 78' lang='lat' dir='ltr'><strong>necessaria</strong></span> <span class='ocrx_word' id='word_1_389' title='bbox 2211 4469 2314 4533; x_wconf 84' lang='lat' dir='ltr'><strong>est,</strong></span> <span class='ocrx_word' id='word_1_390' title='bbox 2361 4468 2420 4518; x_wconf 95' lang='lat' dir='ltr'><strong>et</strong></span> <span class='ocrx_word' id='word_1_391' title='bbox 2455 4464 2532 4517; x_wconf 77' lang='lat' dir='ltr'><strong>sit</strong></span> <span class='ocrx_word' id='word_1_392' title='bbox 2567 4466 2789 4517; x_wconf 84' lang='lat' dir='ltr'><strong>senten-</strong></span> 
     </span>
     <span class='ocr_line' id='line_1_79' title="bbox 1631 4531 2786 4593; baseline 0 -6"><span class='ocrx_word' id='word_1_393' title='bbox 1631 4535 1772 4588; x_wconf 86' lang='lat' dir='ltr'><strong>tiam</strong></span> <span class='ocrx_word' id='word_1_394' title='bbox 1807 4535 1987 4593; x_wconf 87' lang='lat' dir='ltr'><strong>multo</strong></span> <span class='ocrx_word' id='word_1_395' title='bbox 2010 4535 2339 4590; x_wconf 88' lang='lat' dir='ltr'><strong>debiliorem</strong></span> <span class='ocrx_word' id='word_1_396' title='bbox 2365 4534 2640 4590; x_wconf 88' lang='lat' dir='ltr'><strong>redderet.</strong></span> <span class='ocrx_word' id='word_1_397' title='bbox 2679 4531 2786 4587; x_wconf 82' lang='lat' dir='ltr'><strong>Or-</strong></span> 
     </span>
    </p>
   </div>
  </div>
 </body>
</html>
