3092 5059
454 201 582 267 218

1421 200 1881 269 GARMINUM

851 387 1005 464 Ter
1053 399 1324 464 vocata
1373 386 1591 463 audis
1641 385 2073 487 adimisque
2122 386 2302 484 leto,

1049 513 1248 589 Diva
1294 511 1690 607 triformis,

795 695 822 736 5
855 663 1272 741 Imminens
1323 660 1558 738 villae
1609 673 1741 737 tua
1792 662 2017 760 pinus
2070 673 2255 759 est0‚

853 789 1103 882 Quam
1155 813 1298 888 per
1347 798 1649 862 exactos
1702 811 1846 884 ego
1899 785 2147 862 laetus
2198 811 2438 862 annos

850 912 1118 991 Verris
1167 912 1575 1013 obliquum
1624 911 2061 988 meditantis
2110 911 2346 987 ictum

1049 1035 1438 1136 Sanguine
1489 1035 1797 1112 donem.

1280 1388 1661 1477 OARMEN
1721 1391 2023 1476 XXIII.

855 1573 1092 1652 Caelo
1143 1555 1456 1671 supinas
1502 1574 1566 1649 si
1618 1572 1883 1651 tuleris
1936 1601 2205 1650 manus

850 1699 1225 1775 Nascente
1274 1698 1480 1796 luna,
1532 1699 1821 1776 rustica
1870 1698 2221 1798 Phidyle,

953 1822 1034 1901 Si
1081 1835 1252 1898 ture
1295 1822 1626 1923 placaris
1678 1834 1753 1900 et
1801 1823 2045 1898 horna

1051 1947 1311 2046 Fruge
1355 1947 1591 2025 Lares
1636 1946 2021 2047 avidaque
2062 1974 2321 2048 porea,

456 2232 524 2241 —
586 2199 777 2272 νίν-90]
833 2203 1107 2270 perpetua
1168 2202 1252 2253 est
1299 2198 1438 2254 haee
1482 2198 1607 2252 laus

455 2271 818 2344 virginitatis.
881 2271 950 2326 cf.
988 2270 1170 2327 Carm.
1208 2270 1253 2330 Ι,
1293 2271 1376 2338 12,
1412 2269 1498 2323 22.
1534 2297 1604 2308 -

455 2345 759 2400 laborantes
833 2342 1007 2412 utero]
1079 2342 1475 2410 parturientes.
1535 2369 1605 2380 —

447 2415 686 2487 puellas]
724 2414 856 2469 vide
890 2414 963 2468 ad
1001 2413 1180 2468 Carm.
1217 2413 1290 2482 11,
1329 2414 1378 2478 8,
1419 2414 1505 2466 23.
1534 2441 1604 2451 --

454 2486 556 2556 ter]
583 2486 864 2541 ternarius
897 2502 1160 2539 numerus
1197 2485 1257 2539 in
1291 2484 1464 2539 saeris
1494 2483 1603 2538 fre-

458 2575 650 2627 quens.
701 2557 772 2612 cf.
820 2558 1001 2612 Carm.
1049 2556 1093 2625 1,
1137 2558 1227 2617 28,
1275 2559 1360 2610 36.
1400 2583 1466 2595 -
1503 2555 1604 2609 tm·-

453 2627 666 2698 formis]
704 2633 1033 2700 τρίμορφοςς
1071 2632 1158 2682 est
1191 2627 1340 2682 enim
1367 2628 1606 2694 interra

455 2701 656 2768 Diana,
693 2701 753 2753 in
776 2700 932 2756 caelo
956 2699 1138 2765 Luna,
1178 2700 1236 2752 in
1273 2699 1470 2753 inferis
1495 2697 1605 2752 He-

457 2776 597 2827 cate.
691 2770 772 2826 Cf.
819 2769 984 2840 Verg.
1031 2771 1166 2824 Aen.
1213 2769 1318 2838 IV,
1365 2771 1486 2824 511.
1534 2797 1603 2809 —

455 2859 552 2912 per
596 2847 814 2898 exactos
867 2841 1062 2912 annos]
1111 2842 1607 2911 quotienscumque

459 2931 634 2969 annus
672 2919 896 2968 exactus
934 2914 1060 2981 erit,
1083 2913 1399 2983 quotannis.
1443 2913 1604 2966 Simi-

459 2986 591 3040 liter
649 2985 828 3039 Carm-
884 2984 984 3053 111,
1045 2986 1126 3053 18,
1183 2987 1233 3038 5.
1291 3015 1358 3023 —
1409 2984 1604 3054 verris]

457 3058 584 3112 Non
655 3055 941 3111 dissimilis
1013 3055 1230 3111 hostiae
1302 3055 1604 3125 descriptio

459 3129 558 3198 III,
606 3131 690 3196 13,
725 3130 764 3180 4
799 3145 918 3197 sqq.
969 3125 1062 3194 1V,
1108 3129 1161 3195 2,
1199 3128 1266 3181 55
1305 3145 1424 3196 sqq.
1460 3129 1605 3197 Apri

457 3200 820 3255 venatoribus
855 3199 1028 3254 ictum
1063 3198 1290 3267 oblique
1327 3197 1605 3269 inferunt3

459 3273 590 3327 inde
623 3272 796 3326 etiam
831 3270 992 3324 ovid.
1029 3269 1158 3325 Her.
1196 3274 1248 3338 4,
1291 3273 1416 3323 104:
1469 3287 1607 3339 „neo

456 3345 670 3412 obliquo
735 3343 890 3398 dente
943 3341 1222 3396 timendus
1276 3343 1464 3412 aper.“
1525 3341 1602 3396 id.

459 3415 592 3470 Met.
637 3414 788 3482 VIII,
833 3416 965 3468 344:
1020 3413 1284 3482 „obliquo
1331 3413 1606 3468 latrantes

459 3486 694 3556 dissipat
727 3485 897 3540 ictu.“
937 3485 1038 3540 Cui
1073 3490 1261 3540 autem
1295 3503 1434 3554 apro
1473 3485 1605 3540 den-

457 3563 543 3612 tes
581 3558 824 3612 eminere
850 3557 1145 3628 incipiunt,
1178 3557 1226 3612 is
1247 3558 1420 3612 ictum
1445 3556 1606 3626 quasi

459 3629 780 3684 meditatur.

768 3739 1047 3796 Carmen
1084 3741 1289 3797 XXIII.

531 3837 676 3893 Deos
729 3855 844 3892 non
899 3839 1344 3910 magnitudinem
1397 3837 1604 3893 sacrifi·

460 3910 674 3966 ciorum
741 3914 1016 3979 spectare,
1065 3911 1163 3966 sed
1224 3911 1492 3981 pietatem
1549 3913 1607 3963 et

459 3983 806 4037 voluntatem
851 3981 1258 4037 immolantium
1293 3982 1457 4036 docet
1491 3980 1606 4034 Ho-

458 4054 636 4108 ratius
703 4052 970 4108 rusticam
1021 4052 1318 4122 Phidylen,
1382 4053 1607 4107 tristem

459 4143 584 4180 eam
618 4125 844 4194 quidem
870 4142 936 4179 ac
960 4125 1269 4193 timentem,
1293 4142 1363 4178 ne
1387 4123 1605 4194 exiguis

459 4198 572 4251 suis
621 4195 906 4252 sacrificiis
960 4195 1190 4250 deorum
1247 4197 1496 4250 favorem
1547 4198 1606 4249 et

458 4268 906 4322 benevolentiam
954 4268 1062 4322 sibi
1095 4269 1319 4336 suisque
1359 4267 1511 4337 agris
1549 4271 1607 4320 et

459 4339 752 4408 pecoribus
797 4339 1096 4394 conciliare
1138 4355 1252 4392 non
1296 4339 1603 4408 contingat.

462 4410 730 4465 Similiter
786 4409 948 4464 Ovid.
995 4409 1162 4462 Trist.
1209 4409 1280 4474 Π,
1327 4411 1419 4464 75:
1472 4409 1606 4478 „sed

462 4485 666 4548 tamen,
711 4485 776 4536 ut
825 4481 949 4536 fuso
993 4485 1284 4536 taurorum
1333 4481 1605 4553 sanguine

463 4555 701 4616 eentum,
727 4553 818 4608 Sic
844 4552 1065 4622 eapitur
1081 4551 1314 4610 minimo
1338 4556 1481 4609 turis
1505 4553 1603 4608 ho-

1700 2213 1837 2251 nore
1890 2197 2079 2251 deus.“
2160 2197 2247 2252 De
2292 2198 2535 2268 simplici
2588 2200 2859 2254 cam-ininis

1700 2269 2023 2323 oeconomia
2063 2269 2159 2323 vix
2208 2269 2506 2338 quicquam
2554 2269 2859 2326 dicendum

1702 2343 1803 2394 est.
1850 2339 2084 2408 Phidyle
2130 2345 2317 2395 autem
2357 2371 2419 2380 -
2460 2339 2659 2396 fiotum
2705 2342 2857 2398 haud

1700 2411 1869 2466 dubie
1921 2429 2123 2465 nomen
2174 2429 2355 2482 neque
2401 2412 2472 2467 ab
2518 2421 2857 2484 argumento

1700 2483 1962 2551 alienum,
1998 2478 2238 2550 Φειδὺλη
2286 2502 2321 2538 a
2352 2485 2652 2554 φείδεσθαι
2677 2515 2745 2526 —-
2764 2503 2858 2540 ne-

1702 2571 1809 2622 que
1854 2554 2023 2609 vilica
2068 2560 2153 2610 est
2188 2554 2411 2610 Horatii
2460 2573 2643 2624 neque
2701 2562 2859 2613 certa

1701 2625 1973 2694 quaedam
1990 2627 2203 2680 rustica
2224 2627 2443 2681 mulier.
2482 2627 2550 2681 In
2568 2630 2857 2683 communi

1700 2697 1945 2752 omnium
1992 2715 2181 2752 rerum
2224 2697 2641 2781 magnificentia
2684 2717 2759 2754 ne
2794 2700 2857 2756 in

1701 2768 1872 2822 saeris
1933 2769 2161 2837 quidem
2225 2775 2459 2838 antiqua
2520 2771 2857 2840 simplicitas

1700 2839 2075 2909 retinebatur-3
2126 2858 2299 2910 quare
2342 2859 2469 2896 cum
2520 2843 2720 2896 rustici
2758 2843 2857 2898 ho—

1700 2911 1877 2966 mines
1902 2929 2031 2966 eum
2064 2913 2125 2966 in
2149 2913 2405 2968 omnibus
2442 2912 2609 2967 rebus
2640 2919 2768 2968 tum
2794 2915 2857 2968 in

1700 2984 1871 3038 sacris
1890 2982 2275 3054 integritatem
2292 3001 2531 3052 morum,
2552 2989 2621 3038 ut
2634 2983 2721 3054 fit,
2738 3003 2856 3040 ser·

1700 3058 1916 3122 vai-ent,
1970 3072 2082 3109 non
2127 3056 2317 3124 potuit
2368 3055 2535 3111 credo
2580 3055 2859 3112 Horatius

1702 3126 1963 3194 cuiquam
2010 3127 2218 3181 rectius
2264 3127 2399 3181 dare
2444 3145 2603 3181 suam
2647 3127 2859 3183 doctri-

1700 3215 1831 3252 nam
1870 3215 2039 3268 quam
2087 3199 2329 3253 rusticae
2364 3197 2607 3266 mulieri,
2643 3199 2861 3269 quippe

1702 3286 1844 3338 quae
1878 3269 2099 3339 magnis
2146 3269 2387 3323 divitum
2434 3269 2729 3324 hominum
2770 3272 2857 3326 vi-

1702 3341 1883 3394 ctimis
1956 3340 2264 3409 conspectis
2336 3357 2441 3409 pro
2511 3357 2612 3395 sua
2678 3342 2859 3396 animi

1700 3411 2062 3480 simplicitate
2110 3412 2169 3465 in
2218 3427 2341 3465 eam
2386 3413 2723 3466 sententiam
2772 3415 2858 3467 in-

1702 3482 1885 3537 cidere
1920 3483 2126 3551 potuit,
2165 3483 2325 3550 quasi
2373 3482 2455 3537 dii
2500 3484 2747 3554 gratiam
2784 3489 2858 3539 ei:

1876 3553 2087 3609 'tudine
2143 3554 2457 3609 hostiarum
2522 3555 2715 3610 metiri
2788 3573 2859 3612 ac

1699 3624 2039 3680 distribuere
2097 3627 2355 3682 solerent.
2435 3626 2676 3681 Vilicam
2740 3626 2855 3682 Ho-

1701 3697 1835 3752 ratii
1889 3697 2036 3752 hano
2086 3714 2201 3751 non
2248 3715 2382 3766 esse,
2427 3699 2517 3752 vel
2566 3715 2713 3752 unus
2760 3699 2857 3754 de·

1700 3771 1977 3823 monstrat
2028 3767 2251 3822 Catonis
2300 3768 2371 3823 de
2429 3786 2493 3823 re
2546 3775 2687 3824 rust.
2752 3773 2855 3825 143

1702 3841 1877 3895 locus:
1941 3839 2158 3907 „Vilica
2204 3857 2326 3894 rem
2373 3841 2624 3896 divinam
2662 3857 2737 3895 ne
2773 3843 2855 3898 fa·

1702 3913 1813 3967 ciat
1863 3912 2075 3966 iniussu
2144 3911 2358 3966 domini
2426 3917 2523 3965 aut
2576 3912 2853 3968 dominae.

1702 3983 1853 4038 Scito
1893 3982 2181 4037 dominum
2205 4000 2310 4052 pro
2348 3987 2469 4037 tota
2492 3983 2713 4039 familia
2736 4003 2857 4040 rem

1700 4055 1951 4109 divinam
1986 4053 2225 4110 facere.“
2297 4055 2383 4110 De
2424 4071 2569 4109 anno
2624 4072 2737 4123 quo
2774 4057 2855 4111 sic

1704 4126 1991 4252 goripslerit
2014 4130 2183 4250 pofita
2194 4142 2288 4250 ¹‘ne
2324 4125 2707 4181 coniecturam
2732 4128 2852 4197 qui-

1744 4215 1834 4252 em
1894 4214 2055 4252 aoere
2133 4215 2195 4252 ce
2224 4238 2236 4250 .

1776 4267 1839 4323 V.
1882 4271 1927 4321 1.
1986 4267 2143 4324 Caelo
2174 4268 2427 4338 supinas]
2468 4267 2677 4324 Similis
2722 4268 2853 4326 Ver-

1748 4340 1828 4394 ‘lii
1866 4341 2018 4395 locus
2050 4341 2189 4395 Aen.
2219 4338 2328 4410 111,
2369 4341 2486 4394 176.
2511 4369 2579 4381 —
2604 4347 2856 4398 mm

1703 4358 1859 4481 gina]
1916 4411 2149 4480 „Solent
2200 4413 2444 4467 rusticae
2486 4413 2749 4468 mulieres
2794 4413 2853 4466 in

1702 4482 1865 4537 initio
1912 4483 2129 4553 primae
2170 4485 2336 4538 lunae
2384 4483 2458 4538 ad
2502 4484 2717 4539 melum
2775 4483 2851 4538 ef-

1704 4553 1939 4610 fundere
1998 4555 2245 4624 preces.“
2312 4557 2518 4611 Acron.
2582 4554 2851 4628 Religiosi
