3092 5059
1175 252 1333 318 LIB.
1377 254 1429 317 I.
1475 251 1661 318 SAT.
1700 252 1776 318 V.

2542 254 2667 319 383

371 437 754 535 Praebuit,
810 452 888 514 et
930 437 1250 534 parochi
1304 461 1501 535 quae
1554 436 1841 513 debent
1892 434 2107 533 ligna
2150 435 2563 537 salemque.

373 563 576 639 Hinc
627 562 818 639 muli
873 562 1185 661 Capuae
1239 561 1561 638 clitellas
1612 574 1962 661 tempore
2012 575 2329 657 ponunt.

372 687 660 763 Lusum
710 689 770 761 it
817 687 1248 782 Maecenas,
1304 686 1717 761 dormitum
1775 710 1919 783 ego
1972 686 2549 786 Vergiliusque3

369 812 724 912 Namque
774 810 934 908 pila
983 811 1215 912 lippis
1269 811 1669 885 inimicum
1722 824 1801 887 et
1849 810 2119 887 ludere
2172 813 2455 889 crudis.

283 968 336 1009 ω
371 937 580 1013 Hinc
629 962 772 1012 nos
819 934 1098 1012 Coccei
1140 934 1414 1033 recipit
1465 935 1909 1036 plenissima
1962 936 2165 1033 villa,

375 1062 594 1154 Quae
643 1087 875 1158 super
927 1074 1040 1137 est
1094 1059 1343 1139 Caudi
1392 1084 1806 1160 cauponas.
1888 1060 2112 1137 Nunc
2163 1062 2353 1138 mihi
2406 1066 2669 1162 paucis

376 1184 758 1262 Sarmenti
811 1210 1119 1261 scurrae
1171 1210 1508 1282 pugnam
1564 1184 1953 1283 Messique
2009 1185 2305 1283 Cicirri,

371 1313 616 1404 Musa,
669 1310 904 1385 velim
957 1334 1358 1403 memores,
1415 1322 1492 1383 et
1547 1334 1701 1407 quo
1754 1322 1971 1405 patre
2026 1323 2245 1386 natus
2298 1324 2623 1411 uterque

371 1435 808 1512 Contulerit
855 1436 1049 1511 lites.

1153 1434 1392 1509 Messi
1445 1435 1731 1510 clarum
1792 1460 2031 1533 genus
2085 1432 2309 1531 Osci3

283 1594 335 1634 ω
371 1560 752 1639 Sarmenti
798 1560 1111 1637 domina
1161 1571 1446 1635 exstat:
1497 1558 1601 1633 ab
1650 1560 1769 1635 his
1824 1561 2245 1635 maioribus
2299 1563 2451 1637 orti

373 1684 498 1759 Ad
545 1710 885 1783 pugnam
939 1710 1239 1761 venere.
1341 1685 1569 1759 Prior
1618 1682 2099 1761 Sarmentus:
2150 1686 2399 1785 „Equi
2448 1699 2524 1763 te

371 1810 556 1885 Esse
607 1810 754 1886 feri
805 1810 1134 1886 similem
1187 1808 1384 1885 dico,

1393 1803 1434 1841 <C

1542 1806 1935 1905 Ridemus,
1991 1822 2065 1885 et
2107 1810 2273 1906 ipse

371 1935 736 2012 Messius:
789 1929 1254 2035 „Accipio“;
1309 1947 1543 2033 caput
1594 1947 1672 2010 et
1715 1946 1993 2008 movet.
2048 1933 2193 2031 ‚,O‚
2246 1948 2379 2009 tua
2430 1960 2669 2009 cornu

369 2059 472 2134 Ni
521 2061 730 2135 foret
779 2072 1078 2136 exsecto
1134 2056 1421 2155 frons“,
1477 2060 1731 2158 inquit
1782 2058 2025 2159 „quid
2080 2060 2397 2155 facereS,
2452 2085 2628 2135 cum

263 2308 300 2361 a
361 2307 564 2378 Capne,
625 2308 844 2365 evitent
899 2310 1168 2367 Gaudium
1227 2320 1288 2365 et
1347 2329 1420 2366 ne

267 2378 394 2433 font
422 2398 530 2449 que
558 2380 718 2435 diner
755 2384 790 2436 a
809 2382 1079 2438 Benevent
1113 2400 1255 2453 pour
1280 2383 1420 2437 aller

265 2452 509 2507 coucher
568 2453 705 2507 dans
773 2454 826 2508 le
887 2456 1034 2524 petit
1107 2453 1417 2509 Irivicum.“

267 2550 338 2562 —
388 2524 642 2594 parochi]
701 2524 844 2580 Sunt
903 2527 1154 2583 homines
1217 2527 1418 2595 quibus

265 2595 556 2663 publicum
592 2613 792 2651 munus
817 2603 942 2652 erat
977 2598 1150 2669 ligna,
1176 2597 1419 2664 faenum,

267 2666 460 2735 salem,
495 2671 708 2721 tectum
743 2669 854 2723 iter
888 2670 972 2724 rei
1007 2669 1266 2739 publicae
1293 2687 1418 2724 cau·

263 2754 331 2791 sa
385 2738 721 2794 facientibus
773 2742 1058 2810 praebere.
1140 2740 1422 2795 Praebent

266 2813 458 2863 autem
497 2810 642 2864 nihil
675 2812 788 2866 nisi
824 2814 976 2881 quod
1011 2812 1228 2881 debean
1275 2812 1418 2867 scili—

265 2886 358 2934 cet
393 2882 708 2949 parcissimi
747 2890 894 2939 sunt.
935 2912 1003 2925 -
1047 2883 1200 2953 hinc]
1237 2886 1420 2952 ἔνθεν,

265 2952 538 3006 ἐντεῦθεν.
577 2982 648 2993 -—
681 2956 846 3027 ῥηταὶ]
886 2957 984 3024 qui
1020 2956 1421 3025 impedimenta

265 3027 328 3077 et
363 3025 610 3079 sarcinas
645 3032 892 3095 portant.
949 3028 1240 3083 Maecenas
1277 3028 1418 3081 eius·

267 3111 380 3163 que
415 3097 646 3151 comites
684 3098 840 3167 equis
876 3101 969 3154 vel
998 3099 1184 3154 raedis
1209 3099 1418 3155 vehun-

267 3171 380 3221 tur.
421 3168 492 3222 cf.
526 3186 580 3222 v.
600 3168 688 3222 86.
714 3198 784 3209 -
823 3170 1016 3241 lippis]
1057 3171 1244 3226 Celsus
1272 3170 1418 3237 vl,6

267 3237 439 3307 lippis
479 3239 726 3309 quietem
762 3246 818 3295 et
845 3242 1242 3297 abstinentiam
1271 3260 1417 3297 com-

265 3310 514 3370 mendat.
553 3312 756 3367 crudos
792 3314 950 3368 iubet
989 3332 1202 3383 „neque
1236 3314 1418 3368 labori

267 3398 330 3435 se
366 3398 546 3450 neque
570 3386 959 3440 exercitationi
988 3403 1168 3455 neque
1190 3386 1418 3456 negotio

263 3452 547 3510 credere.“
591 3484 660 3496 —-
697 3456 905 3527 erudis]
950 3458 1046 3525 qui
1083 3458 1235 3513 cibos
1273 3456 1418 3510 diffi-

265 3524 450 3579 culter
515 3526 802 3598 digerunt3
874 3528 1064 3584 crudis
1137 3529 1419 3583 indicatur

267 3595 351 3649 Ve
427 3597 567 3663 ‘lius,
603 3600 780 3669 lippis
802 3599 1084 3655 Horatius.
1112 3630 1180 3641 —-
1215 3599 1415 3670 Caudi]

267 3612 540 3723 Gadffium
584 3671 646 3725 iu
681 3671 936 3740 Hirpinis
979 3672 1112 3726 xxl
1159 3672 1235 3726 M.
1276 3671 1338 3725 P.
1387 3688 1421 3725 a

267 3738 476 3809 Capua.
535 3740 728 3797 Coccei
763 3743 902 3799 villa
933 3744 1042 3798 sita
1082 3744 1193 3798 fuit
1229 3760 1418 3797 secun·

266 3809 403 3865 dum
432 3810 494 3865 F.
521 3812 742 3882 Daniel,
774 3815 874 3869 ubi
899 3832 1047 3870 nunc
1079 3821 1166 3870 est
1195 3816 1256 3870 la
1277 3830 1418 3869 mas·

265 3882 417 3937 seria
469 3882 603 3939 delle
645 3885 896 3949 Μοῑίεὴε,
949 3887 1252 3943 secundum
1308 3886 1418 3940 Ro-

267 3954 612 4023 manellium,
660 3958 758 4011 ubi
811 3962 896 4011 est
941 3959 1132 4014 Monte
1174 3958 1418 4025 starckio,

266 4026 568 4081 secundum
632 4028 1082 4085 Walckenarium
1099 4069 1113 4098 ,
1176 4030 1276 4084 ubi
1335 4034 1421 4083 est

268 4094 462 4152 Castro
507 4100 706 4155 Airola
759 4118 872 4155 non
917 4102 1117 4172 procul
1173 4120 1208 4156 a
1256 4100 1422 4155 Costa

267 4166 476 4223 Gauda.
515 4200 588 4211 —
622 4172 956 4243 planissima]
997 4176 1177 4228 Garm.
1218 4172 1290 4241 11,
1337 4174 1416 4241 12,

267 4239 358 4294 24.
413 4238 506 4308 IV,
547 4246 632 4305 12,
669 4246 757 4297 24.
797 4274 862 4283 —
904 4246 1073 4300 Nunc
1111 4245 1248 4299 mihi
1275 4260 1418 4313 pau·

267 4310 370 4438 Ωυἷές]
385 4311 804 4440 1Iiocosalelpiciulae
829 4316 888 4370 di
972 4316 1122 4441 'tssis
1155 4316 1418 4442 imitxtio.

327 4422 339 4436 .
439 4401 549 4439 om.
649 4424 663 4437 .
767 4426 782 4455 ,
927 4428 942 4441 .
1069 4404 1132 4442 er
1216 4428 1230 4441 .
1332 4404 1418 4441 en.

267 4454 390 4519 VII,
433 4457 520 4511 37.
576 4456 683 4525 Qui
719 4458 1012 4513 fastidiose
1047 4406 1196 4514 burguli
1233 4460 1414 4514 locum

267 4526 681 4598 vituperat-unt,
723 4548 908 4600 neque
959 4531 1096 4600 quid
1135 4530 1416 4585 Romanus

267 4614 389 4652 mos
435 4599 636 4655 tulerit
677 4620 858 4672 neque
903 4603 1124 4671 qualem
1174 4602 1414 4657 Romani

1512 2306 1941 2365 rusticationem
1977 2308 2279 2363 habuerint
2318 2307 2455 2363 satis
2492 2308 2669 2365 consi·

1512 2379 1803 2433 derat-unt.
1843 2380 1954 2435 Cic.
1983 2380 2051 2435 de
2091 2385 2232 2435 orat.
2258 2378 2333 2447 Π,
2358 2381 2415 2434 6:
2457 2380 2669 2450 „Saepe

1511 2468 1582 2505 ex
1618 2469 1741 2505 meo
1768 2469 1959 2506 socero
1990 2452 2197 2520 audivi,
2228 2469 2355 2507 cum
2386 2452 2433 2506 is
2459 2452 2672 2508 diceret

1512 2540 1767 2577 socerum
1804 2540 1965 2577 suum
1998 2524 2257 2579 Laelium
2293 2540 2513 2593 semper
2548 2524 2673 2591 fere,

1513 2612 1639 2649 cum
1678 2593 1937 2664 Scipione
1973 2596 2205 2649 solitum
2250 2597 2512 2651 rusticari
2550 2614 2667 2651 eos·

1513 2683 1623 2734 que
1666 2666 2077 2721 incredibiliter
2112 2683 2503 2736 repuerascere
2552 2684 2667 2722 esse

1512 2738 1757 2791 solitos.“
1772 2766 1841 2777 —
1862 2738 2157 2806 Sarmenti]
2176 2740 2503 2793 Sarmentus
2519 2739 2695 2793 Μαι)

1512 2810 1725 2863 cenatis
1744 2809 1969 2863 videtur
1998 2809 2171 2864 fuisse
2196 2828 2407 2875 scurra,
2434 2810 2667 2865 Messius

1513 2880 1709 2935 Coccei
1744 2881 1987 2936 fortasse
2024 2898 2247 2951 servus3
2290 2882 2385 2937 hic
2420 2883 2670 2953 robusto,

1511 2952 1609 3006 ille
1643 2953 1843 3023 gracili
1879 2970 2127 3023 corpore.
2180 2953 2423 3009 Cicirrus
2460 2954 2665 3009 ridicu-

1511 3023 1630 3077 lum
1674 3040 1896 3092 nomen,
1942 3027 2203 3095 κίκιῤῥος,
2251 3020 2556 3093 ἀλεκτρυών
2608 3024 2667 3093 (a

1511 3100 1684 3149 cantu
1719 3096 1905 3150 dictus
1942 3096 2185 3165 Kikcri).
2225 3126 2288 3136 -
2338 3098 2547 3151 clas-um
2580 3112 2666 3167 ye-

1511 3165 1638 3237 nus]
1692 3168 1875 3221 iocose
1922 3172 1981 3221 et
2031 3167 2243 3222 ironice
2292 3168 2533 3237 dictum;
2592 3168 2667 3223 ab

1513 3237 1785 3293 Oscorum
1856 3243 2023 3308 gente
2084 3238 2307 3294 fabulae
2370 3239 2666 3295 Atellanae

1511 3310 1784 3365 oriundae
1810 3315 1989 3378 eraut,
2012 3310 2185 3365 etiam
2211 3310 2331 3365 ludi
2353 3310 2483 3366 Osci
2506 3312 2665 3367 dicti.

1513 3410 1580 3421 —
1620 3381 1843 3436 domina
1880 3382 2087 3449 exstat]
2136 3381 2324 3437 fuerat
2356 3399 2549 3437 servus
2585 3382 2662 3438 M.

1513 3452 1752 3507 Favonii
1826 3453 1975 3507 inter
2051 3455 2397 3523 proscriptos
2468 3455 2665 3525 occisi;

1512 3526 1669 3578 cuius
1713 3525 1989 3579 bonorum
2034 3526 2207 3580 sectio
2241 3542 2365 3580 cum
2406 3526 2481 3581 ad
2515 3526 2664 3582 Mae·

1513 3601 1765 3651 eenatem
1824 3596 2093 3664 venisset,
2163 3596 2487 3653 Sarmentus
2547 3616 2663 3654 ma-

1513 3669 1791 3722 numissus
1828 3673 1888 3722 et
1924 3668 2109 3722 scriba
2143 3668 2327 3724 factus
2366 3674 2467 3724 est.
2502 3669 2665 3737 Quod

1513 3756 1641 3793 cum
1704 3739 1847 3793 bene
1902 3740 2073 3793 sciret
2126 3740 2378 3810 Messius,
2437 3741 2667 3796 simulat

1513 3814 1703 3865 tamen
1757 3827 1815 3865 se
1870 3812 2085 3865 nescire
2138 3828 2187 3865 v.
2230 3814 2303 3866 65
2338 3830 2417 3883 sq.
2506 3812 2666 3884 Fuga

1513 3884 1687 3937 etiam
1754 3882 2035 3938 Sarmenti
2104 3882 2237 3937 ficta
2306 3884 2531 3938 videtur
2604 3886 2665 3937 in

1515 3954 1927 4009 contumeliam.
1994 3984 2061 3995 —
2134 3955 2259 4024 equi
2313 3956 2445 4026 fers]
2520 3956 2665 4010 Plin.

1513 4027 1583 4081 N.
1630 4026 1702 4079 H.
1749 4025 1899 4095 VIII,
1941 4028 2037 4080 21:
2096 4027 2515 4095 „Asper-rimam
2568 4044 2665 4081 au-

1513 4104 1631 4153 tem
1701 4096 1879 4152 feram
1952 4104 2365 4166 νηοηοοενοίακ,
2448 4099 2665 4167 reliquo

1511 4186 1747 4239 corpore
1805 4187 1948 4238 equo
2000 4170 2256 4239 similem,
2316 4170 2503 4238 eapite
2549 4186 2663 4225 cer·

1511 4260 1601 4310 vo,
1650 4242 1885 4310 pedibus
1930 4242 2247 4311 elephanto,
2294 4241 2473 4295 cauda
2508 4258 2665 4311 api-0,

1510 4330 1605 4367 mu
1648 4316 1733 4367 itu
1803 4313 1989 4383 gravi,
2070 4329 2180 4366 uno
2250 4330 2425 4367 cornu
2498 4314 2662 4384 nigro

1509 4402 1599 4439 me
1644 4385 1695 4439 ‘a
1739 4384 1929 4439 fronte
1964 4384 2282 4439 cubitorum
2319 4384 2491 4438 duum
2528 4386 2662 4439 emi·

1509 4456 1727 4511 nente.“
1780 4486 1843 4497 --
1890 4455 2123 4526 accipio]
2168 4456 2336 4510 istam
2378 4472 2664 4527 compara·

1509 4528 1738 4582 tionem.
1794 4556 1861 4567 —
1909 4532 2075 4596 caput
2108 4531 2161 4581 et
2195 4527 2385 4596 movet]
2426 4528 2557 4583 vide
2592 4528 2665 4583 ad

1511 4599 1692 4653 Carm.
1743 4599 1789 4666 1,
1830 4601 1883 4660 2,
1921 4600 1972 4652 9.
2028 4628 2093 4637 -
2142 4598 2437 4669 miniteris]
2491 4600 2663 4657 Godd.
