3092 5059
955 240 1110 305 LIB.
1155 240 1238 305 11.
1286 240 1536 313 GARM.
1585 241 1825 307 XVIII.

2469 242 2591 309 155

524 458 552 499 5
593 424 862 502 Africa
915 452 1168 527 neque
1217 427 1464 504 Attali

684 548 1006 647 Ignotus
1053 549 1277 627 heres
1330 552 1630 649 regiam
1684 553 2081 653 occupavi,

587 674 746 751 Nec
795 675 1219 752 Laconicas
1265 676 1460 752 mihi

689 800 1038 876 Trahunt
1087 800 1455 879 honestae
1505 828 1887 903 purpuras
1940 804 2288 881 clientae.

593 923 703 999 At
747 924 941 1001 fides
996 938 1074 1002 et
1118 927 1388 1024 ingeni

505 1086 560 1125 ιο
689 1049 1041 1149 Benigna
1092 1076 1291 1128 vena
1342 1064 1476 1147 est,
1533 1077 2113 1154 pauperemque
2160 1050 2375 1126 dives

589 1175 720 1252 Me
768 1178 992 1273 petit:
1048 1177 1239 1253 nihil
1293 1202 1530 1279 supra

688 1302 894 1379 Deos
941 1302 1236 1379 lacesso
1289 1328 1432 1379 nee
1482 1315 1877 1402 potentem
1932 1302 2262 1377 amicum

586 1425 964 1525 Largiora
1011 1426 1278 1526 flagito

689 1550 890 1629 Satis
946 1553 1217 1629 beatus
1267 1554 1512 1630 unicis
1567 1554 1895 1631 Sabinis.

505 1709 558 1751 ιι
595 1678 964 1754 Truditur
1016 1678 1181 1754 dies
1234 1679 1361 1755 die

689 1803 1108 1904 Novaeque
1161 1818 1496 1905 pergunt
1546 1806 1863 1882 interire
1905 1804 2157 1880 lunae.

590 1930 705 2005 Tu
760 1930 1093 2007 secanda
1144 1956 1534 2007 marmora

689 2055 935 2131 Locas
983 2056 1126 2130 sub
1163 2055 1433 2153 ipsum
1487 2057 1720 2131 funus
1774 2069 1852 2131 et
1901 2054 2230 2152 sepulcri

199 2295 447 2363 epistylia
467 2312 540 2350 ex
560 2312 842 2351 marmore
861 2296 1154 2365 Hymettio
1173 2296 1342 2351 facta.

200 2364 546 2433 Hymettium
583 2384 652 2421 ex
689 2367 942 2422 candidis
963 2368 1341 2423 marmoribus

197 2442 407 2505 praeter
424 2438 796 2507 Pentelicum,
815 2438 1064 2508 Parium,
1083 2439 1343 2495 Lunense

201 2509 468 2574 (Italicum
483 2552 498 2577 ,
560 2509 937 2578 cararischer)
1007 2512 1341 2581 pretiosissi-

201 2598 366 2649 mum3
392 2583 540 2636 varii
569 2583 772 2636 eoloris
805 2583 1154 2638 nobilissima
1179 2588 1344 2638 erant

201 2650 548 2709 Numidicum
611 2653 788 2721 (quod
831 2654 1101 2709 Horatius
1157 2656 1342 2710 verbis

203 2723 286 2777 col.
329 2725 530 2780 ultima
575 2724 780 2779 recisas
826 2726 1031 2791 Africa
1063 2726 1342 2797 significa·

201 2794 298 2863 vit)
333 2795 562 2864 flavum,
598 2796 766 2850 hodie
807 2796 976 2867 yiallo
1021 2799 1208 2853 antico
1243 2815 1342 2852 no·

203 2866 462 2921 minatum
517 2868 725 2937 (Epist.
772 2868 816 2933 1,
868 2870 951 2935 10,
1004 2868 1110 2938 19),
1166 2869 1342 2937 Phry-

203 2936 1343 3081 ffl’fflzszfflssfflsvffisffi

205 3082 256 3130 et
274 3080 690 3151 Mygdonieum,
725 3030 1066 3137 Laconicuin
1094 3084 1186 3139 vel
1203 3082 1356 3155 Tae--

203 3152 428 3221 narium,
455 3154 668 3222 viride3
707 3154 1038 3222 Carystium,
1065 3155 1342 3210 viridibus

207 3366 430 3434 amplius
485 3372 677 3439 poeta,
737 3338 848 3422 nisi
903 3368 1037 3424 hoc:
1095 3387 1152 3424 se
1209 3388 1338 3431 non,

209 3438 342 3502 quod
367 3440 564 3495 multis
583 3440 710 3493 aliis
733 3439 992 3513 contigit,
1017 3442 1201 3496 nescio
1230 3459 1342 3511 qua

208 3511 315 3561 arte
356 3512 444 3565 vel
493 3529 628 3566 casu
673 3530 906 3582 magnas
942 3530 1076 3582 opes
1121 3514 1340 3568 heredi-

206 3579 309 3632 tate
352 3583 644 3653 accepisse.
697 3612 764 3621 —
821 3584 1154 3654 Laconicas]
1202 3584 1340 3639 Pur-

209 3664 460 3714 purarum
496 3654 905 3725 pretiosissima
939 3673 1147 3727 genera
1169 3656 1343 3725 Tyria

209 3723 256 3771 et
304 3722 596 3780 Laconica.
671 3724 738 3780 cf.
794 3726 972 3797 Epist.
1020 3727 1066 3795 1,
1116 3729 1198 3795 10,
1251 3729 1338 3791 26,

210 3799 721 3923 {mimas}
749 3798 1180 3939 ‘1'333‘312211322
1199 3800 1340 3926 ”3231

210 3940 354 4015 punt,
389 3956 572 4009 neque
607 3944 760 4009 nent,
792 3959 918 3995 cum
954 3960 1066 3995 non
1103 3942 1338 3997 habeam

213 4003 438 4063 chentes.
475 4010 723 4065 Trahere
759 4018 946 4067 autem
983 4014 1044 4067 in
1075 4014 1182 4069 hac
1217 4020 1340 4069 arte

212 4080 484 4201 ffissl'lfim
521 4084 768 4207 {erbuml
789 4101 916 4206 es2se·
941 4085 1233 4155 intelleges
1271 4104 1340 4141 ex

212 4231 328 4273 nam
350 4168 846 4307 ἷῗιῖιὶερῑεῃῖωὸἶέᾱ.
868 4157 1216 4295 Ἠἶῖὸῑᾶἷνὲῗ
1245 4158 1339 4282 713:

215 4305 336 4355 „nos
370 4292 602 4351 humiles
640 4297 1000 4367 famulaeque
1037 4304 1168 4353 tuae
1208 4299 1342 4354 data

215 4374 372 4425 pensa
422 4368 746 4423 trahemus.“
821 4368 984 4424 Ovid.
1019 4370 1156 4425 Met.
1193 4370 1340 4439 XIV,

217 4430 333 4483 264:
358 4437 596 4502 „vellera
613 4441 782 4494 motis
800 4440 970 4496 Nulla
995 4442 1230 4495 trahunt
1257 4440 1338 4495 di-

1445 2293 2081 2422 furea‘lifflxwtmlam
2104 2296 2365 2421 mm
2390 2294 2462 2436 a?
2486 2294 2595 2348 hoo

1466 2386 1569 2424 oco
1606 2386 1641 2422 a
1684 2384 1819 2423 ense
1854 2386 1957 2422 sun
1988 2408 2001 2420 .
2051 2396 2121 2408 -
2360 2382 2426 2421 ae
2495 2384 2592 2420 no-

1444 2441 1614 2509 biles3
1651 2457 1763 2509 quo
1804 2440 2053 2510 epitheto
2088 2438 2315 2508 patroni
2352 2436 2593 2492 auctori-

1445 2516 1532 2566 tas
1572 2516 1827 2583 augetur.
1870 2509 2086 2567 Glienta
2122 2510 2297 2564 etiam
2332 2514 2421 2565 est
2444 2508 2594 2578 apud

1445 2583 1711 2637 Plautum
1730 2583 1849 2637 Mil.
1878 2583 1955 2653 gl.
1980 2582 2082 2651 111,
2110 2586 2135 2635 1
2166 2580 2340 2651 (789):
2380 2580 2593 2645 „habeo

1444 2656 1693 2709 eccillam
1728 2672 1911 2709 meam
1951 2654 2285 2708 cluentam.“

1514 2726 1581 2781 V.
1625 2728 1676 2780 9.
1712 2726 1846 2794 fides
1880 2731 1931 2780 et
1964 2726 2150 2795 inyem'
2184 2723 2342 2795 vena]
2379 2723 2593 2780 Eadem

1445 2804 1615 2867 poeta
1667 2797 1846 2851 Carm.
1895 2797 1939 2865 1,
1977 2798 2063 2863 17,
2104 2800 2169 2850 13
2226 2796 2351 2850 aliis
2405 2796 2593 2851 verbis

1445 2869 1752 2925 coniunxit.
1826 2868 1898 2923 cf.
1933 2871 2001 2921 A.
2040 2868 2101 2922 P.
2141 2870 2263 2921 409.
2309 2897 2377 2907 —
2424 2866 2590 2935 dives]

1446 2942 1735 2997 Generalis
1758 2944 2036 2996 sententia
2062 2944 2147 2994 est
2176 2956 2279 2993 nec
2300 2938 2595 2993 referenda

1446 3013 1518 3067 ad
1544 3016 1883 3083 Augustum,
1912 3012 1997 3065 uti
2018 3011 2241 3065 Rittero
2270 3011 2501 3080 placuit.
2528 3040 2591 3049 —

1443 3088 1709 3151 potentem
1733 3081 1990 3153 amicum]
2010 3082 2408 3149 Maecenatem,
2430 3090 2593 3151 quem

1445 3156 1683 3209 indicari
1720 3155 1930 3210 Sabina
1958 3154 2193 3222 praedia
2228 3154 2447 3207 docent.
2522 3152 2593 3207 cf.

1444 3226 1623 3296 Epod.
1675 3231 1723 3294 1,
1768 3229 1853 3280 31.
1926 3228 2007 3281 At
2058 3224 2282 3281 Sabinis
2338 3242 2452 3278 non
2510 3229 2595 3278 est

1443 3299 1614 3352 ablat.
1654 3304 1837 3353 neutr.
1874 3314 1999 3367 gen.
2041 3296 2307 3367 (Sabina),
2344 3296 2442 3351 sed
2477 3313 2592 3350 ma-

1443 3370 1645 3424 sculini
1697 3369 1919 3441 generis
1973 3368 2233 3437 (Sabini),
2286 3367 2356 3422 cf.
2410 3367 2591 3421 Carm.

1443 3442 1545 3509 111,
1592 3444 1640 3506 4,
1674 3442 1759 3495 22.
1798 3441 1923 3494 Liv.
1958 3440 2005 3507 1,
2044 3443 2139 3493 45:
2181 3439 2315 3507 „bos
2351 3438 2415 3491 in
2438 3438 2591 3493 Sabi-

1443 3514 1534 3568 nis
1568 3513 1754 3567 nata.“
1792 3512 1909 3567 Nec
1932 3511 2269 3567 credendum
2287 3510 2591 3580 MadvigiO,

1443 3585 1585 3639 satis
1606 3602 1730 3638 cum
1742 3583 1969 3639 Sabinis
1988 3581 2438 3653 coniungendam
2460 3599 2593 3647 esse,

1441 3662 1508 3709 ut
1543 3656 1657 3709 sint
1692 3660 1821 3710 sata
1837 3654 2065 3709 Sabina.
2102 3654 2238 3708 Fuit
2270 3654 2458 3719 etiam,
2497 3654 2595 3723 qui

1443 3727 1628 3781 unicis
1664 3727 1723 3780 in
1758 3725 1933 3780 vineis
1978 3730 2198 3781 mutare
2239 3725 2485 3780 auderet.
2526 3755 2593 3765 -

1443 3798 1666 3867 lacesso]
1679 3798 2081 3852 concinnitatis
2094 3814 2259 3851 causa
2274 3798 2404 3851 huic
2421 3798 2593 3852 etiam

1443 3870 1617 3925 verbo
1674 3869 1812 3923 duos
1864 3871 2207 3923 accusativos
2259 3868 2478 3923 addidit
2521 3868 2593 3922 ad

1443 3940 1762 4010 exemplum
1799 3940 1959 3994 verbi
1990 3940 2305 4009 flaqitandi.
2332 3970 2395 3979 —
2424 3939 2591 4009 locas]

1443 4013 1897 4083 redemptoribus
1935 4016 1991 4067 et
2036 4013 2221 4081 operis
2268 4012 2341 4065 ad
2377 4016 2591 4065 exstru-

1443 4086 1588 4139 enda
1632 4083 1933 4153 magnifica
1988 4083 2257 4138 aedificia.
2330 4082 2399 4137 cf.
2449 4080 2592 4135 Plin.

1443 4156 1511 4211 N.
1547 4154 1618 4209 H.
1656 4154 1914 4221 XXXVI,
1938 4156 1993 4208 6:
2015 4154 2319 4238 „primum
2354 4170 2593 4235 marmo3

1441 4232 1831 4367 {233135‘223
1844 4226 2279 4353 εἷ’ὲῖἳᾏῗὲἓξζ
2295 4222 2595 4351 {2253}ss

1442 4370 1637 4425 solidis
1656 4369 1871 4441 glaebis
1904 4370 2169 4438 positos.“
2201 4398 2267 4407 —-
2289 4368 2385 4421 sub
2408 4368 2595 4436 ipsum

1438 4442 1633 4510 fmus}
1688 4442 1726 4495 i.
1764 4459 1811 4495 e.
1870 4440 2039 4509 paulo
2086 4445 2217 4494 ante
2262 4439 2447 4493 funus.
2521 4438 2591 4493 of.

217 4501 340 4567 gitis
373 4523 471 4564 nec
504 4508 600 4565 fila
637 4512 928 4581 sequentia
963 4512 1228 4567 ducunt.“
1267 4512 1346 4567 Et
1448 4514 1623 4567 Carm.
1664 4512 1710 4581 1,
1746 4513 1799 4579 9,
1837 4512 1917 4564 19.
1958 4541 2025 4551 -
2064 4511 2231 4583 Bais]
2268 4510 2440 4565 Baiae
2474 4510 2593 4565 bal-

219 4572 437 4637 Plurulis
463 4597 749 4651 purpuras
783 4582 1066 4655 significat
1086 4584 1183 4639 fila
1212 4602 1343 4653 pur-

1445 4600 1679 4638 neotum
1732 4582 2060 4638 celebritate
2114 4581 2493 4639 nobilissimae
2536 4586 2595 4639 et
