3092 5059
997 255 1159 322 LIB.
1206 255 1255 322 Ι.
1298 255 1570 322 EPIST.
1614 255 1731 320 IX.
1779 257 1860 322 X.

2505 255 2630 320 533

332 443 869 519 Dissimulator
921 443 1087 544 opis
1140 443 1525 544 propriae,
1583 443 1770 518 mihi
1815 440 2262 517 commodus
2313 443 2471 516 uni.
2539 501 2542 504 .

254 601 305 640 ιο
340 566 467 644 Sic
518 593 663 667 ego
716 570 1029 645 maioris
1078 568 1381 666 fugiens
1438 567 1858 669 opprobria
1911 566 2184 664 culpae

335 692 639 768 Frontis
692 693 791 768 ad
844 693 1183 770 urbanae
1236 692 1600 768 descendi
1650 693 2017 789 praemia.

2123 689 2424 782 Quodsi

330 817 782 918 Depositum
837 818 1105 893 laudas
1160 819 1258 893 ob
1308 819 1538 894 amici
1589 818 1791 892 iussa
1843 816 2243 916 pudorem,

335 943 598 1021 Scribe
652 943 764 1018 tui
814 944 1071 1041 gregis
1124 943 1327 1018 hunc
1370 956 1447 1018 et
1496 944 1780 1018 fortem
1835 943 2062 1018 crede
2112 943 2575 1043 bonumque.

1333 1145 1348 1152 ..
1356 1144 1530 1152 --ὺ-

1100 1266 1556 1350 EP1STULA
1619 1267 1722 1350 X.

330 1430 563 1506 Urbis
614 1445 1035 1508 amatorem
1086 1431 1414 1508 Fuscum
1472 1432 1770 1507 salvere
1823 1432 2179 1507 iubemus

328 1556 555 1631 Ruris
607 1571 1007 1653 amatores,
1063 1559 1207 1634 hac
1256 1560 1339 1633 in
1392 1585 1475 1634 re
1526 1558 1820 1634 scilicet
1871 1584 2024 1634 una

330 1680 657 1757 Multum
714 1681 1145 1780 dissimiles,
1202 1697 1283 1758 at
1330 1696 1584 1759 cetera
1633 1709 1880 1782 paene
1929 1681 2242 1780 gemelli

230 1914 352 1952 rem
400 1901 461 1951 et
512 1897 921 1954 auctoritatem.
960 1925 1028 1940 --
1072 1897 1381 1954 dissimula·

231 1969 343 2037 tor]
379 1967 487 2023 Cic.
525 1969 699 2024 Acad.
734 1969 809 2038 Π,
846 1973 896 2033 5,
936 1971 1032 2024 15:
1096 1969 1220 2038 „Ita
1256 1987 1383 2024 cum

232 2039 389 2095 aliud
434 2041 650 2096 diceret
684 2045 853 2112 atque
898 2042 1149 2111 sentiret,
1206 2043 1381 2097 liben-

232 2116 322 2166 ter
356 2113 444 2166 uti
479 2113 676 2166 solitus
714 2119 798 2168 est
836 2131 903 2168 ea
938 2113 1383 2169 dissimulatione

232 2201 399 2252 quam
440 2183 637 2238 Graeci
690 2188 971 2253 εἰρωνείαν
1015 2187 1273 2240 vocant.“
1314 2215 1379 2226 -·

230 2255 378 2325 opis]
432 2255 745 2323 facultatis,
778 2257 1035 2310 -virtutis.
1095 2257 1205 2311 Cic.
1261 2258 1381 2312 Mil.

234 2330 317 2388 11,
356 2330 443 2380 30.
498 2327 664 2398 Verg.
704 2329 839 2382 Aen.
880 2328 924 2396 Ι,
966 2330 1088 2383 601.
1128 2359 1193 2368 -
1231 2331 1381 2397 fron·

228 2397 333 2467 tis]
407 2399 785 2468 Explicantur
860 2399 1001 2454 haec
1070 2417 1233 2454 versu
1296 2404 1382 2457 12.

228 2469 408 2524 Frons
464 2475 549 2524 est
603 2471 773 2525 animi
830 2471 1027 2540 ianua,
1082 2473 1351 2528 tristitiae
1365 2514 1381 2543 ,

228 2541 551 2606 hilaritatis,
596 2543 846 2612 pudoris,
883 2544 1264 2613 impudentiae
1298 2545 1381 2598 in·

229 2613 361 2668 dex:
402 2631 573 2684 quare
586 2614 774 2684 'saepe
810 2616 1086 2685 accipitur
1120 2633 1224 2686 pro
1262 2619 1379 2672 ani-

228 2685 306 2738 mi
345 2683 569 2740 adfectu
607 2703 716 2754 quo
738 2704 1043 2742 movemur.
1087 2687 1198 2742 Cic.
1218 2687 1379 2744 Prov.

229 2773 378 2810 cons.
417 2759 475 2810 4:
534 2757 831 2826 „libidines
868 2759 1056 2813 fronte
1094 2764 1152 2813 et
1190 2777 1379 2830 super-

230 2828 389 2892 cilio,
448 2845 561 2882 non
620 2830 836 2898 pudore
896 2835 954 2884 et
1011 2833 1383 2901 temperantia

228 2900 551 2970 tegebant.“
620 2900 693 2954 id.
742 2900 865 2955 Fin.
904 2902 975 2970 11,
1012 2904 1110 2954 24:
1174 2908 1275 2970 „ut
1322 2905 1381 2958 in

230 2971 418 3025 fronte
468 2973 769 3027 ostentatio
826 2972 917 3034 sit,
969 2975 1121 3028 intus
1173 2975 1381 3030 veritas

231 3043 599 3098 occultetur.“
620 3073 685 3083 -
710 3045 981 3116 urbanae]
1008 3047 1105 3115 qui
1143 3047 1201 3100 in
1229 3047 1381 3103 Urbe

228 3115 500 3169 vivebant
536 3119 705 3184 atque
742 3117 801 3170 in
838 3118 1060 3172 circulis
1089 3119 1379 3173 hominum

229 3187 617 3248 versabantur,
677 3189 861 3242 minus
904 3190 1139 3244 modesti
1191 3209 1254 3245 ac
1308 3192 1381 3245 ti·

228 3257 370 3312 midi
427 3276 541 3313 esse
594 3259 864 3328 solebant,
924 3277 1092 3328 quam
1152 3263 1378 3332 rustici3

226 3330 379 3385 unde
417 3331 609 3386 Cicero
646 3332 718 3386 ad
756 3331 911 3385 Fam.
938 3332 1005 3401 V,
1042 3334 1125 3396 12,
1160 3337 1211 3386 1:
1250 3335 1379 3402 „de-

226 3403 439 3456 terruit
485 3401 670 3471 pudor
732 3403 961 3472 quidam
1065 3422 1200 3460 aene
1257 3407 1379 3459 sub-

223 3474 521 3528 rusticus-⁸
592 3475 731 3529 Inde
786 3476 955 3529 etiam
1052 3495 1081 3532 e
1133 3477 1381 3532 molestis

227 3549 287 3600 et
312 3546 730 3614 impudentibus
754 3547 1005 3601 moribus
1034 3566 1379 3620 scurrarum3

226 3616 298 3671 cf.
348 3616 531 3671 Plaut.
577 3617 731 3671 Trin.
782 3619 826 3686 1,
873 3621 926 3686 2,
978 3621 1109 3674 162:
1191 3619 1380 3688 „Nihil

226 3693 315 3742 est
354 3689 609 3758 profecto
652 3691 878 3744 stultius
906 3709 1087 3760 neque
1124 3691 1381 3746 stolidius

225 3801 239 3814 .
284 3798 297 3811 .
337 3800 351 3812 .
392 3799 405 3814 .
463 3759 641 3827 Quam
706 3761 908 3816 urbani
969 3763 1175 3816 assidui
1233 3764 1381 3818 cives

223 3847 362 3958 ἔξω
400 3835 1171 3976 mazzazffffsspffiffi
1210 3835 1257 3960 ξ
1296 3837 1381 3960 ’ἕὲ

223 3993 310 4043 ec,
373 3975 523 4043 quod
560 3975 709 4030 infra
744 3975 1081 4048 dignitatem
1135 3979 1381 4048 positum

224 4046 477 4131 videmus
526 4047 785 4130 quodque
827 4065 1005 4118 prope
1050 4050 1216 4105 inviti
1266 4069 1380 4105 sus-

224 4135 508 4244 ffiuz.
556 4117 1072 4260 3330P÷5·1{‘X,¹,‡{12
1114 4122 1379 4248 {tais

224 4262 363 4316 dum
408 4261 792 4316 descendere.“
858 4263 1008 4317 Caes.
1048 4264 1109 4320 B.
1155 4265 1219 4319 G.
1257 4263 1378 4331 Vn,

226 4335 316 4386 33.
376 4332 589 4404 Vergil.
627 4335 766 4387 Aen.
807 4332 873 4401 V,
914 4337 1029 4388 181.
1072 4365 1138 4375 —
1174 4337 1376 4406 φοράς]

225 4405 334 4459 Est
376 4405 680 4476 partitivus
724 4406 1033 4476 genetivus,
1084 4410 1147 4460 ut
1198 4407 1378 4462 Cat-m.

222 4476 326 4544 111,
368 4479 451 4544 13,
494 4479 574 4530 13.
624 4477 771 4531 Grex
809 4476 957 4531 idem
998 4479 1146 4546 quod
1184 4479 1379 4534 cohors

224 4549 493 4602 comitum
552 4551 611 4603 et
664 4549 987 4604 amicorum.
1041 4579 1105 4589 —-
1161 4551 1379 4621 fortem]

225 4619 298 4674 cf.
338 4618 453 4673 Sat.
492 4619 564 4687 H,
608 4623 655 4688 1,
697 4621 777 4674 16.
816 4623 867 4689 ὃ,
910 4621 1027 4676 102.

1671 1883 1683 1895 ⁰
1781 1926 2113 1997 Epistula
2148 1925 2217 1980 X.

1546 2042 1842 2097 Horatium
1855 2079 1869 2106 ,
1927 2041 2025 2110 qui
2077 2040 2290 2095 diutius
2346 2040 2458 2096 iam
2506 2040 2627 2094 ruri

1475 2113 1736 2184 degisset,
1784 2113 2024 2167 Aristius
2070 2113 2280 2166 Fuscus
2324 2111 2529 2178 (Carm.
2581 2113 2626 2179 1,

1475 2187 1564 2239 22.
1625 2185 1736 2239 Sat.
1756 2185 1802 2254 1,
1825 2187 1876 2252 9,
1893 2187 1979 2239 61.
2003 2184 2049 2252 1,
2075 2187 2156 2252 10,
2179 2183 2272 2253 83)
2321 2183 2526 2238 litteris
2562 2189 2627 2238 ut

1474 2259 1535 2312 in
1572 2257 1764 2312 urbem
1812 2255 2026 2310 rediret
2073 2256 2342 2310 invitasse
2382 2254 2626 2324 videtur,

1475 2329 1792 2383 describens
1837 2328 2002 2381 simul
2044 2327 2294 2381 urbanae
2344 2326 2494 2381 vitae
2532 2327 2625 2382 de·

1473 2401 1630 2455 licias
1669 2405 1726 2454 et
1763 2399 1985 2471 gaudia.
2063 2399 2163 2453 Cui
2211 2399 2292 2452 ita
2325 2399 2628 2467 respondet

1474 2477 1659 2542 poeta,
1699 2476 1762 2526 ut
1811 2471 2192 2526 rusticationis
2239 2470 2530 2524 commoda
2571 2475 2627 2525 et

1475 2545 1839 2598 amoenitates
1872 2541 2001 2596 urbi
2038 2545 2200 2612 longe
2228 2540 2626 2611 praeferendas

1474 2633 1593 2670 esse
1613 2615 1809 2670 doceat
1826 2631 2065 2683 suosque
2085 2613 2154 2668 de
2171 2614 2294 2668 vita
2311 2630 2442 2687 vere
2459 2613 2627 2669 beata

1472 2687 1792 2741 verissimos
1829 2703 2017 2740 sensus
2043 2690 2354 2758 expromat.
2407 2684 2625 2740 Satiato

1474 2759 1581 2813 sibi
1605 2757 1820 2813 artibus
1844 2757 2000 2811 urbis
2026 2763 2084 2813 et
2107 2757 2322 2812 deliciis
2348 2774 2487 2827 opus
2510 2775 2624 2812 esse

1474 2831 1556 2885 ait
1593 2829 1834 2899 quodam
1885 2831 2100 2884 sincero
2153 2834 2210 2884 et
2251 2829 2441 2883 valido
2483 2828 2626 2892 cibo,

1474 2919 1710 2971 eumque
1735 2903 1855 2955 ruri
1890 2902 2145 2970 reperiri,
2179 2902 2278 2954 ubi
2319 2905 2377 2956 et
2401 2902 2626 2970 corpori

1474 2979 1531 3029 et
1567 2975 1753 3028 animo
1779 2978 1929 3027 recte
1965 2974 2144 3042 possit
2179 2973 2409 3027 consuli.
2449 2972 2626 3028 Natu-

1474 3063 1592 3099 ram
1643 3047 1788 3100 enim
1839 3045 2128 3099 hominum
2173 3062 2286 3098 non
2331 3061 2492 3114 posse
2540 3063 2624 3099 re·

1471 3118 1643 3186 primi
1687 3116 1956 3184 fictasque
2001 3116 2228 3171 delicias
2279 3120 2336 3170 et
2373 3117 2626 3170 iucundi-

1472 3195 1619 3244 tates
1657 3189 1886 3242 tandem
1921 3187 2196 3242 fastidire.
2234 3187 2297 3241 In
2333 3189 2474 3242 urbe
2509 3189 2622 3258 pri-

1474 3261 1596 3314 vari
1635 3260 1916 3314 hominem
1954 3277 2089 3314 vera
2123 3259 2402 3326 libertate,
2431 3259 2486 3312 in
2515 3276 2626 3327 qua

1474 3349 1752 3386 summum
1803 3331 1954 3386 cerni
1999 3330 2200 3385 debeat
2245 3330 2474 3399 bonum,
2514 3349 2623 3400 quo

1474 3405 1725 3458 homines
1779 3421 1911 3458 vere
1965 3402 2245 3457 fruantur.
2337 3402 2522 3470 Quare
2567 3419 2625 3457 se

1471 3475 1791 3530 felicissime
1824 3475 2013 3529 vivere
2047 3475 2107 3528 in
2144 3491 2244 3528 suo
2279 3474 2506 3537 Sabino,
2544 3475 2624 3527 ibi

1474 3565 1530 3601 se
1570 3547 1808 3601 liberum
1843 3563 1978 3614 esse,
2016 3547 2097 3600 ibi
2133 3546 2387 3614 divitem,
2424 3546 2504 3599 ibi
2539 3563 2625 3600 re-

1472 3636 1616 3689 gem.
1668 3618 1769 3673 Cui
1805 3617 2068 3672 felicitati
2106 3618 2153 3671 si
2192 3617 2326 3687 quid
2365 3617 2495 3672 addi
2532 3635 2622 3670 ve-

1472 3691 1568 3765 lit,
1642 3689 1950 3744 dulcissimi
2011 3690 2176 3744 amici
2247 3707 2304 3743 se
2363 3694 2625 3758 expetere

1472 3762 1863 3832 praesentiam.
1901 3761 1985 3816 De
2020 3767 2272 3831 tempore
2307 3761 2472 3814 huius
2511 3761 2623 3831 epi·

1474 3835 1654 3889 stulae
1704 3851 1831 3887 cum
1876 3833 2042 3887 certis
2087 3832 2310 3887 indiciis
2355 3832 2624 3886 destitua-

1472 3923 1618 3973 mur,
1656 3905 1934 3959 fluctuant
1979 3903 2090 3958 viri
2138 3905 2290 3959 docti
2335 3904 2484 3957 inter
2529 3921 2625 3958 an-

1474 3995 1576 4030 nos
1613 3975 1914 4030 734—742.

1546 4049 1613 4101 V.
1649 4051 1696 4102 1.
1753 4049 1956 4102 salvere
2000 4047 2263 4115 iubemus]
2308 4047 2474 4100 solita
2511 4045 2623 4100 for-

1476 4121 1646 4174 mula.
1683 4118 1864 4189 Epist.
1886 4120 1929 4184 Ι,
1956 4121 2008 4183 7,
2031 4119 2116 4173 66.
2158 4118 2400 4173 Pluralis
2439 4123 2623 4172 autem

1473 4193 1707 4261 ponitur
1729 4191 1789 4244 in
1823 4190 1989 4245 huius
2027 4190 2179 4245 modi
2218 4190 2521 4245 enuntiatis
2553 4191 2624 4244 ad

1474 4262 1796 4318 evitandam
1851 4263 2196 4318 iactantiam.
2255 4291 2320 4302 —
2377 4261 2624 4332 maltum]

1473 4335 1603 4390 vide
1654 4335 1726 4389 ad
1767 4335 1947 4390 Carm.
1987 4334 2032 4404 1,
2070 4335 2157 4398 25,
2195 4336 2245 4387 ὃ.
2287 4363 2354 4372 -
2393 4331 2624 4404 yemelli]

1474 4407 1837 4461 Deminutiva
1861 4407 2046 4461 forma
2070 4405 2330 4460 blandior
2353 4403 2420 4458 fit
2445 4405 2626 4459 oratio

1474 4481 1532 4532 et
1570 4478 1922 4533 familiarior.
1954 4509 2018 4517 —
2051 4475 2368 4545 adnuimus]
2409 4475 2518 4530 Cic.
2557 4475 2626 4530 de

1476 4549 1634 4605 Orat.
1671 4549 1744 4611 11,
1783 4551 1871 4613 70,
1910 4551 2042 4604 285:
2121 4549 2218 4617 „Id
2256 4564 2476 4617 quoque
2513 4551 2628 4601 toto

1471 4622 1656 4691 capite
1692 4621 1946 4676 adotuitf‘
2009 4621 2175 4676 Facit
2211 4619 2406 4676 vocab.
2441 4617 2626 4688 vetuli,
