3092 5059
377 209 385 228 ·
438 187 566 256 406

1434 185 1939 254 SATIRARUM

456 409 508 448 ao
548 375 778 469 Quod
833 399 1075 476 puero
1129 375 1403 451 cecinit
1455 373 1723 450 divina
1772 385 1981 450 mota
2026 397 2215 448 anus
2266 395 2498 446 urna:

538 501 772 577 Hunc
818 525 1070 600 neque
1125 500 1293 576 dira
1343 525 1641 577 venena
1689 524 1833 574 nec
1892 498 2231 574 hosticus
2284 496 2591 572 auferet
2642 496 2857 571 ensis

539 627 699 702 Nec
750 625 1080 702 laterum
1133 623 1359 701 dolor
1411 637 1542 700 aut
1598 624 1817 700 tussis
1870 649 2013 698 nec
2058 621 2279 697 tarda
2327 620 2721 719 podagra3

539 749 916 829 Garrulus
967 749 1172 826 hunc
1225 750 1531 850 quando
1588 759 1982 824 consumet
2042 771 2409 846 cumque:
2476 744 2857 844 loquaces

540 875 619 951 Si
675 875 920 974 sapiat
969 876 1178 972 vitet,
1234 874 1464 950 simul
1508 887 1741 972 atque
1794 871 2221 948 adoleverit
2272 884 2506 946 aetas.

455 1031 504 1072 ms
539 999 882 1074 Ventum
929 1012 1092 1076 erat
1143 999 1242 1075 ad
1295 998 1578 1074 Vestae
1630 1010 1907 1097 quarta
1962 997 2116 1072 iam
2170 1007 2389 1096 parte
2442 993 2601 1072 diei

541 1123 988 1218 Praeterita,
1039 1135 1116 1200 et
1158 1149 1338 1198 casu
1387 1135 1571 1198 tunc
1626 1121 2095 1220 respondere
2147 1119 2427 1196 vadato

543 1247 935 1342 Debebat3
990 1247 1202 1346 quod
1251 1247 1333 1322 ni
1384 1247 1709 1340 fecisset,
1764 1244 2091 1344 perdere
2140 1244 2379 1320 litem.

439 1460 609 1532 plane
661 1459 1025 1530 interficiunt,
1083 1466 1151 1519 ut
1195 1461 1598 1518 Plaut.'1·ru0.

443 1533 516 1602 11,
557 1535 609 1601 7,
647 1535 741 1586 52:
807 1532 960 1604 „Iam
1004 1501 1194 1588 hercle
1247 1552 1353 1606 ego
1397 1538 1456 1589 te
1506 1533 1603 1590 hic

445 1604 553 1658 hac
588 1573 834 1660 offatim„
842 1603 1146 1660 conficiam.
1152 1605 1185 1635 “
1242 1606 1419 1662 Tacit.
1450 1608 1598 1660 Ann.

443 1675 488 1744 Ι,
529 1677 580 1729 6.
632 1678 955 1748 „Agrippae
991 1678 1203 1746 caedes,
1241 1695 1408 1747 quem
1444 1679 1599 1747 igna-

446 1764 574 1801 rum
644 1749 1034 1816 inermumque
1105 1749 1360 1804 centurio
1432 1767 1601 1819 aegre

443 1817 700 1874 confecit.
703 1820 740 1850 “
814 1819 1042 1875 Petron.
1081 1820 1249 1874 Satir.
1288 1839 1334 1876 c.
1373 1822 1468 1874 20.
1519 1821 1599 1890 „si

448 1889 585 1959 quid
621 1891 843 1946 tristius
883 1908 1068 1961 paras,
1106 1891 1364 1947 confice“.
1396 1921 1464 1932 —
1501 1891 1599 1947 Sa-

444 1961 608 2032 bella]
645 1963 777 2017 vide
813 1963 885 2017 ad
920 1963 1100 2033 Epod.
1145 1967 1226 2031 17,
1266 1965 1354 2018 28.
1401 1993 1464 2002 —-
1515 1961 1600 2018 ai-

446 2033 595 2103 vina]
635 2034 764 2089 vide
797 2034 871 2089 ad
909 2034 1090 2090 θαι-ιιι.
1129 2035 1354 2104 111.27,
1395 2037 1477 2088 10.
1516 2035 1603 2090 De

441 2123 586 2160 urna
623 2105 693 2161 cf.
734 2105 916 2161 Garm.
952 2105 1022 2168 11.
1059 2109 1111 2169 3,
1149 2109 1234 2162 26.
1285 2077 1386 2176 ΠΙ,
1429 2111 1475 2176 1,
1515 2107 1601 2163 16.

447 2177 617 2232 Ver.
654 2179 796 2234 Aen.
834 2177 930 2240 VI,
967 2179 1054 2232 22.
1127 2178 1252 2233 Νοιι
1301 2185 1388 2234 est
1431 2147 1601 2233 o’ffen·

445 2248 555 2304 den
595 2266 688 2304 um
734 2250 795 2303 in
832 2249 1144 2305 coniunctis
1189 2251 1374 2306 verbis
1410 2250 1605 2306 divina

443 2325 597 2375 mota
641 2321 800 2388 urna,
858 2321 1125 2389 quoniam
1179 2322 1381 2393 longae
1431 2322 1603 2377 etiam

441 2391 1286 2532 1i¹¹3¹²⁸33⁰¹3d¹²1¹tt¹²rss¹²tf⁸3
1321 2394 1447 2520 ¹49¹
1467 2395 1601 2519 11Οέ

1063 2481 1102 2534 P
1107 2504 1602 2534 222222

442 2505 532 2588 24’.
591 2534 636 2604 I,
680 2537 762 2600 14,
799 2537 888 2590 37.
959 2533 1126 2606 Verg.
1173 2538 1314 2591 Aen.
1358 2535 1432 2605 ΙΙ,
1473 2539 1601 2608 182,

443 2605 647 2662 deinde
684 2605 878 2661 divina
911 2622 1062 2662 urna
1096 2625 1266 2663 unam
1297 2608 1457 2677 quasi
1482 2579 1602 2662 effi-

443 2678 603 2733 ciunt
641 2677 943 2733 notionem.
983 2678 1203 2746 ,Anum
1235 2677 1477 2734 divinam
1505 2697 1601 2734 vo-

445 2767 575 2804 care
610 2753 854 2820 poterat,
895 2718 997 2804 sed,
1027 2767 1228 2805 mam
1265 2750 1494 2818 maluit3
1541 2751 1602 2804 id

444 2821 594 2906 enim
644 2839 1062 2904 nofmtxmspov
1111 2825 1214 2886 est,
1264 2821 1498 2892 perinde
1535 2839 1604 2878 ao

445 2893 494 2947 si
533 2909 677 2947 urna
715 2893 838 2962 ipsa
887 2893 1186 2963 divinaret,
1231 2893 1381 2948 unde
1424 2897 1601 2949 sortes

443 2964 799 3035 legebantur.
801 2964 836 2994 ‘⁴
893 2962 1150 3019 Torrent.
1191 2994 1256 3005 —
1305 2964 1492 3036 tarda]
1532 2965 1601 3020 cf.

449 3035 650 3090 Catuli.
693 3038 778 3095 71.
813 3037 876 3089 2.
941 3075 974 3105 ,,
978 3041 1076 3091 aut
1108 3037 1157 3091 si
1195 3054 1359 3106 quem
1394 3037 1601 3092 merito

443 3107 609 3161 tarda
643 3107 793 3178 poda
867 3125 899 3160 a
934 3108 1140 3162 secatss
1181 3139 1246 3148 -
1285 3111 1559 3178 quando„

446 3177 930 3316 fflqnfiegrffgffi
941 3151 1600 3320 qaeaeislggcuaqiaffinafifido

447 3321 720 3377 voeabula
755 3321 1015 3377 divisisse
1051 3323 1170 3378 sine
1205 3324 1476 3393 exemplo.

518 3393 584 3449 V.
609 3395 694 3447 35.
746 3393 963 3462 Vestae]
1001 3392 1201 3449 Vestae
1225 3395 1499 3466 templum
1531 3395 1601 3449 si-

444 3468 568 3519 tum
622 3469 746 3520 erat
795 3465 869 3519 ad
916 3464 1126 3520 Forum
1182 3465 1331 3521 inter
1379 3467 1492 3537 Cap
1494 3468 1601 3521 ito·

444 3536 586 3591 lium
623 3541 681 3591 et
717 3533 1025 3606 Palatium3
1073 3537 1224 3592 haud
1271 3485 1492 3608 proculp
1505 3538 1600 3593 ab·

445 3613 569 3663 erat
587 3607 820 3663 Libonis
845 3609 1056 3678 puteal,
1091 3609 1189 3663 ubi
1213 3609 1422 3665 iudicia
1448 3627 1601 3665 exer·

447 3679 736 3734 cebantur.
828 3679 1075 3763 Egregie
1129 3679 1424 3752 Dernbury
1487 3679 1603 3750 (die

444 3750 695 3806 Institut.
723 3751 820 3806 des
841 3698 950 3806 Ga
891 3769 1034 3820 a,us
1061 3753 1152 3806 ein
1178 3751 1601 3837 Collegienheft.

453 3823 682 3893 1869.p
688 3822 915 3893 .„17)
973 3841 1034 3878 er
1069 3823 1307 3879 Dichter
1343 3841 1421 3878 ιιιι
1457 3841 1602 3894 eige-

445 3911 555 3950 ιιοιι
596 3894 767 3949 Netze
803 3864 1099 3966 geiangen,
1134 3911 1285 3950 muss
1318 3895 1602 3950 Austands

446 3966 644 4021 halber
684 3966 792 4021 den
830 3965 1298 4023 beschwerlichen
1323 3965 1428 4020 We

447 4043 646 4093 treten.
684 4037 776 4092 Sie
810 4038 1069 4093 kommen
1105 4057 1197 4094 am
1233 4037 1442 4108 Tempe

447 4107 616 4164 Vesta
639 4109 852 4178 vorbei,
890 4110 963 4165 da
987 4111 1235 4166 leuchtet
1261 4109 1389 4165 dem
1413 4108 1600 4164 Horaz

446 4181 539 4236 ein
575 4181 1088 4252 Hoffnungsstrahl,
1134 4183 1282 4238 deun
1329 4180 1430 4236 der
1481 4181 1601 4236 sich

447 4251 854 4324 aufdringende
875 4253 1118 4308 Genosse
1153 4254 1253 4308 hat
1286 4252 1417 4307 dort
1450 4253 1601 4309 beim

447 4323 720 4378 Tribunal
761 4325 857 4379 des
894 4324 1126 4379 Priitors
1163 4326 1324 4380 einen
1354 4323 1599 4381 Termin.

446 4397 535 4452 Da
573 4396 708 4451 aber
743 4395 929 4451 Horas
966 4397 1057 4451 die
1076 4395 1495 4480 Aufforderung
1531 4415 1601 4452 zu

446 4471 660 4522 warten
685 4467 936 4536 ablelmt,
973 4468 1325 4523 entsohliesst
1354 4468 1471 4524 sich
1495 4468 1602 4524 der

447 4539 863 4610 Zudringliohe,
905 4539 1006 4594 ihn
1042 4558 1109 4594 ιιι
1144 4539 1444 4612 begleiten.
1489 4539 1599 4595 Na·

1500 4038 1603 4092 der

1692 1461 1901 1516 tiirlich
1934 1461 2138 1532 biegen
2172 1459 2337 1516 beide
2370 1460 2534 1531 jetzt,
2572 1479 2669 1517 um
2702 1464 2859 1518 nach

1694 1533 1795 1588 der
1812 1533 1985 1586 Tiber
2018 1551 2089 1586 ιιι
2118 1533 2412 1604 gelangen,
2448 1551 2546 1590 um
2583 1533 2679 1590 die
2694 1533 2859 1591 Ecke

1694 1606 1789 1660 des
1828 1604 2081 1660 Palatius
2133 1605 2249 1658 und
2294 1605 2575 1660 ver-lieren
2626 1606 2748 1662 sich
2790 1607 2859 1660 ιιι

1694 1677 1795 1731 der
1830 1693 2008 1746 eng-en
2028 1675 2525 1732 Gesohaftsstraase
2562 1677 2659 1732 des
2694 1679 2859 1734 vicus

1695 1748 1922 1802 Tuscus.
1958 1747 2104 1802 Dort
2131 1765 2282 1802 muss
2315 1765 2371 1802 es
2400 1749 2538 1817 sein,
2563 1766 2650 1804 wo
2678 1749 2858 1805 ihnen

1694 1819 1906 1874 Fuscus
1918 1819 2165 1874 Aristius
2183 1820 2475 1890 begegnet.
2502 1819 2618 1874 Der
2628 1819 2857 1876 Schelm

1694 1892 1833 1946 liisst
1852 1891 2036 1946 Horaz
2072 1891 2327 1960 steeken3
2364 1908 2428 1945 er
2464 1892 2635 1961 lacht,
2672 1910 2733 1947 es
2770 1894 2857 1948 sei

1694 1962 1831 2017 heut
1864 1963 2041 2034 grade
2065 1963 2165 2017 der
2202 1964 2287 2016 30.
2308 1961 2584 2018 Sabbath!
2624 1963 2859 2033 „Willst

1694 2034 1771 2089 du
1808 2035 1899 2090 bei
1936 2034 2065 2088 dem
2098 2034 2451 2090 Judenvolke
2488 2036 2853 2090 answssen‘?“

1694 2105 1822 2160 wir
1856 2108 2076 2160 miissen
2120 2123 2225 2159 uns
2265 2106 2356 2160 die
2390 2105 2427 2160 J
2429 2105 2577 2162 uden
2614 2107 2719 2162 auf
2748 2108 2858 2162 der

1695 2177 1913 2233 Strasse
1945 2195 2049 2232 vor
2083 2176 2247 2232 ihren
2281 2177 2690 2261 Behausungen
2734 2179 2855 2234 und

1695 2249 1888 2304 Laden
1944 2248 2179 2304 stehend
2231 2247 2367 2304 oder
2416 2250 2633 2306 sitzend
2687 2251 2855 2306 ihren

1696 2320 1945 2376 Sabbath
2000 2319 2179 2376 feiern
2233 2321 2469 2375 denken.
2542 2321 2686 2377 Dem
2739 2321 2855 2378 Ro-

1694 2409 1815 2447 mer
1862 2392 1997 2447 aber
2038 2409 2154 2446 war
2195 2392 2354 2447 nicht
2400 2395 2515 2447 erst
2550 2412 2621 2448 zu
2659 2411 2855 2466 sagen,

1695 2462 1821 2518 dass
1868 2463 1987 2519 sich
2028 2463 2146 2518 dies
2183 2463 2261 2518 im
2303 2465 2460 2520 vicus
2498 2463 2709 2520 Tuscus
2758 2466 2855 2520 ab·

1696 2535 1909 2606 spielte,
1969 2536 2095 2590 dem
2158 2535 2473 2592 romischen
2532 2537 2729 2604 er,
2791 2538 2855 2592 in

1694 2607 1959 2662 welchem
1983 2607 2074 2661 die
2091 2606 2338 2661 Waaren
2365 2607 2462 2662 des
2482 2605 2707 2664 Orients
2728 2609 2855 2692 auf-

1694 2677 1972 2748 gestapelt
2000 2695 2206 2747 waren,
2243 2679 2350 2732 mit
2390 2679 2571 2734 denen
2608 2681 2679 2735 be

1693 2750 1807 2804 lich
1842 2750 1937 2804 die
1972 2749 2156 2804 Juden
2191 2718 2375 2804 ²neben
2410 2751 2627 2806 andern
2656 2752 2857 2807 Orien-

1694 2822 1848 2876 talen
1913 2822 2317 2891 vorzugsweise
2371 2821 2725 2878 handelten.“
2784 2853 2853 2864 -—-

2708 2895 2855 2950 Vide

1982 2964 2028 3032 1,
2074 2966 2126 3033 5,
2174 2965 2263 3018 23.
2334 2965 2583 3020 Martial.
2638 2966 2737 3035 IV,
2792 2969 2853 3022 8:

1696 3035 1923 3105 „Prima
1956 3036 2265 3091 salutantes
2299 3041 2469 3106 atque
2504 3037 2687 3093 altera
2722 3057 2853 3094 con-

1696 2897 1897 2962 quat-ta
1946 2893 2136 2964 parte]
2206 2893 2378 2948 tertia
2442 2893 2599 2950 hora.

1695 2965 1767 3019 ad
1822 2964 1937 3019 Sat.

1593 3151 1605 3164 .
1692 3109 1829 3162 terit
1874 3107 2032 3176 hora,
2095 3106 2339 3163 Exercet
2405 3125 2605 3164 raucos
2678 3111 2855 3166 tertia

1695 3178 2015 3234 causidicos.
2088 3179 2157 3233 In
2212 3179 2468 3249 quintam
2513 3181 2699 3236 varios
2760 3199 2857 3236 ex·

1693 3251 1877 3305 tendit
1930 3249 2111 3306 Roma
2169 3250 2409 3321 labores,
2464 3249 2635 3307 Sexta
2694 3255 2857 3322 quies

1694 3321 1904 3376 lassis!
1967 3351 2039 3362 —
2108 3322 2447 3392 respondere]
2520 3323 2593 3379 ad
2653 3325 2854 3380 iudici-

1694 3411 1791 3448 um
1836 3394 2042 3464 adesse,
2099 3398 2165 3448 ut
2209 3392 2369 3448 Varr.
2424 3411 2515 3465 ap.
2566 3395 2708 3450 Gen.
2752 3397 2857 3465 XI,

1703 3469 1749 3534 1,
1786 3468 1845 3519 4.
1903 3465 2013 3534 ,.‚M
2026 3435 2346 3521 Terentius
2384 3467 2609 3535 quando
2645 3469 2855 3524 citatus

1694 3554 1873 3610 neque
1932 3535 2233 3607 respondet
2300 3554 2485 3606 neque
2556 3544 2855 3594 excusatus

1695 3613 1797 3676 est,
1844 3626 1975 3708 “ego
2038 3609 2091 3662 ei
2157 3626 2327 3663 unam
2389 3626 2552 3664 ovem
2610 3610 2855 3666 multam

1694 3679 1871 3736 dicof‘
1909 3709 1974 3720 -
2010 3679 2236 3750 vadato]
2276 3681 2345 3744 ei,
2382 3681 2481 3748 qui
2518 3699 2645 3736 eum
2683 3682 2853 3738 vada·

1693 3756 1785 3808 tus
1822 3749 2493 3814 erat.cf.1,iv.111‚13·
2533 3757 2657 3822 „tot
2692 3754 2856 3808 vadi-

1693 3825 1799 3879 bus
1818 3827 2108 3878 accusator
2122 3824 2358 3878 vadatus
2378 3829 2463 3878 est
2486 3825 2699 3879 reum.“
2740 3825 2853 3880 Cic.

1696 3895 1885 3964 Quint.
1927 3897 2015 3950 19.
2070 3894 2319 3964 „Debere
2356 3895 2467 3950 tibi
2502 3895 2643 3950 dicis
2682 3895 2855 3964 Quin·

1692 3967 1856 4034 tium,
1892 3971 2224 4036 procurator
2258 3971 2455 4036 negat:
2510 3965 2713 4022 vadari
2747 3969 2853 4036 vis,

1692 4038 2005 4108 promittit:
2044 4039 2105 4091 in
2130 4037 2215 4092 ius
2239 4042 2423 4106 vocat,
2448 4039 2727 4108 sequitur:
2768 4039 2853 4094 iu·

1693 4111 1903 4165 dicium
1935 4110 2202 4180 postulas,
2242 4126 2353 4164 non
2390 4111 2666 4165 recusat.“
2705 4111 2855 4166 Aliis

1691 4181 1893 4237 vadato
1928 4181 2038 4234 abl.
2071 4181 2270 4251 partic.
2306 4183 2407 4248 est,
2444 4185 2511 4236 ut
2538 4197 2645 4236 aus
2686 4182 2853 4250 ieato,

1693 4257 1913 4324 testat05
1970 4257 2179 4324 neg-ant
2223 4253 2374 4307 enim
2424 4267 2455 4306 r
2720 4269 2747 4308 e
2784 4276 2852 4300 ---

1694 4325 1753 4379 in
1789 4324 1996 4379 iudicio
2036 4324 2227 4379 adesse
2264 4324 2407 4394 (sich
2452 4324 2678 4392 stellen)
2726 4343 2851 4382 cum

1694 4395 1886 4451 dativo
1942 4396 2221 4466 coniungi.
2276 4425 2343 4435 -—
2398 4395 2625 4465 perdere
2677 4397 2850 4480 Uen]

1694 4467 2093 4537 „Contumacia
2133 4485 2328 4522 eorum
2364 4468 2461 4536 qui
2507 4466 2595 4522 ius
2640 4467 2853 4524 dicenti

1693 4555 1809 4594 ιιοιι
1845 4538 2235 4610 obtemperant
2282 4539 2399 4595 litis
2442 4540 2649 4596 damno
2698 4556 2851 4596 coer-
