<?xml version="1.0" encoding="UTF-8"?>
<!DOCTYPE html PUBLIC "-//W3C//DTD XHTML 1.0 Transitional//EN"
    "http://www.w3.org/TR/xhtml1/DTD/xhtml1-transitional.dtd">
<html xmlns="http://www.w3.org/1999/xhtml" xml:lang="en" lang="en">
 <head>
  <title>
</title>
<meta http-equiv="Content-Type" content="text/html;charset=utf-8" />
  <meta name='ocr-system' content='tesseract 3.04.00' />
  <meta name='ocr-capabilities' content='ocr_page ocr_carea ocr_par ocr_line ocrx_word'/>
</head>
<body>
  <div class='ocr_page' id='page_1' title='image "./qhoratiiflaccio05unkngoog/qhoratiiflaccio05unkngoog_0522.png"; bbox 0 0 3092 5059; ppageno 0'>
   <div class='ocr_carea' id='block_1_1' title="bbox 474 219 599 286">
    <p class='ocr_par' dir='ltr' id='par_1_1' title="bbox 474 219 599 286">
     <span class='ocr_line' id='line_1_1' title="bbox 474 219 599 286; baseline 0.008 -1"><span class='ocrx_word' id='word_1_1' title='bbox 474 219 599 286; x_wconf 81' lang='lat'>492</span> 
     </span>
    </p>
   </div>
   <div class='ocr_carea' id='block_1_2' title="bbox 1072 225 2353 294">
    <p class='ocr_par' dir='ltr' id='par_1_2' title="bbox 1072 225 2353 294">
     <span class='ocr_line' id='line_1_2' title="bbox 1072 225 2353 294; baseline -0.001 -3"><span class='ocrx_word' id='word_1_2' title='bbox 1072 225 1572 294; x_wconf 80' lang='lat' dir='ltr'><strong>SATIRARUM</strong></span> <span class='ocrx_word' id='word_1_3' title='bbox 1613 227 1774 293; x_wconf 88' lang='lat' dir='ltr'><strong>LIB.</strong></span> <span class='ocrx_word' id='word_1_4' title='bbox 1815 227 1898 292; x_wconf 92' lang='lat'>11.</span> <span class='ocrx_word' id='word_1_5' title='bbox 1943 225 2132 294; x_wconf 83' lang='lat' dir='ltr'>SAT.</span> <span class='ocrx_word' id='word_1_6' title='bbox 2177 225 2353 292; x_wconf 84' lang='lat' dir='ltr'>vm.</span> 
     </span>
    </p>
   </div>
   <div class='ocr_carea' id='block_1_3' title="bbox 496 407 2880 1638">
    <p class='ocr_par' dir='ltr' id='par_1_3' title="bbox 572 407 2728 886">
     <span class='ocr_line' id='line_1_3' title="bbox 573 407 2461 511; baseline 0.001 -29"><span class='ocrx_word' id='word_1_7' title='bbox 573 407 1031 486; x_wconf 85' lang='lat' dir='ltr'>Mazonomo</span> <span class='ocrx_word' id='word_1_8' title='bbox 1077 413 1302 509; x_wconf 91' lang='lat' dir='ltr'>pueri</span> <span class='ocrx_word' id='word_1_9' title='bbox 1346 437 1630 510; x_wconf 83' lang='lat' dir='ltr'>magno</span> <span class='ocrx_word' id='word_1_10' title='bbox 1693 412 2074 511; x_wconf 79' lang='lat' dir='ltr'>discerpta</span> <span class='ocrx_word' id='word_1_11' title='bbox 2129 412 2461 486; x_wconf 87' lang='lat' dir='ltr'>ferentes</span> 
     </span>
     <span class='ocr_line' id='line_1_4' title="bbox 572 531 2728 635; baseline 0.002 -29"><span class='ocrx_word' id='word_1_12' title='bbox 572 531 930 610; x_wconf 83' lang='lat' dir='ltr'>Membra.</span> <span class='ocrx_word' id='word_1_13' title='bbox 978 538 1189 635; x_wconf 86' lang='lat' dir='ltr'>gruis</span> <span class='ocrx_word' id='word_1_14' title='bbox 1242 538 1487 634; x_wconf 80' lang='lat' dir='ltr'>sparsi</span> <span class='ocrx_word' id='word_1_15' title='bbox 1538 538 1701 614; x_wconf 86' lang='lat' dir='ltr'>sale</span> <span class='ocrx_word' id='word_1_16' title='bbox 1751 537 2019 635; x_wconf 88' lang='lat' dir='ltr'>multo,</span> <span class='ocrx_word' id='word_1_17' title='bbox 2072 563 2228 613; x_wconf 89' lang='lat' dir='ltr'>non</span> <span class='ocrx_word' id='word_1_18' title='bbox 2281 535 2443 611; x_wconf 89' lang='lat' dir='ltr'>sine</span> <span class='ocrx_word' id='word_1_19' title='bbox 2495 535 2728 628; x_wconf 82' lang='lat' dir='ltr'>farre,</span> 
     </span>
     <span class='ocr_line' id='line_1_5' title="bbox 574 657 2590 760; baseline 0.002 -29"><span class='ocrx_word' id='word_1_20' title='bbox 574 657 997 756; x_wconf 81' lang='lat' dir='ltr'>Pinguibus</span> <span class='ocrx_word' id='word_1_21' title='bbox 1050 675 1125 738; x_wconf 90' lang='lat' dir='ltr'>et</span> <span class='ocrx_word' id='word_1_22' title='bbox 1172 663 1333 738; x_wconf 86' lang='lat' dir='ltr'>ficis</span> <span class='ocrx_word' id='word_1_23' title='bbox 1387 677 1692 760; x_wconf 86' lang='lat' dir='ltr'>pastum</span> <span class='ocrx_word' id='word_1_24' title='bbox 1743 665 1958 740; x_wconf 90' lang='lat' dir='ltr'>iecur</span> <span class='ocrx_word' id='word_1_25' title='bbox 2007 663 2296 739; x_wconf 84' lang='lat' dir='ltr'>anseris</span> <span class='ocrx_word' id='word_1_26' title='bbox 2345 661 2590 756; x_wconf 80' lang='lat' dir='ltr'><strong>albae,</strong></span> 
     </span>
     <span class='ocr_line' id='line_1_6' title="bbox 578 781 2604 886; baseline 0.001 -31"><span class='ocrx_word' id='word_1_27' title='bbox 578 781 677 856; x_wconf 80' lang='lat' dir='ltr'>Et</span> <span class='ocrx_word' id='word_1_28' title='bbox 722 783 1068 882; x_wconf 79' lang='lat' dir='ltr'><strong>leporum</strong></span> <span class='ocrx_word' id='word_1_29' title='bbox 1124 789 1455 886; x_wconf 82' lang='lat' dir='ltr'>avulsos,</span> <span class='ocrx_word' id='word_1_30' title='bbox 1506 803 1592 863; x_wconf 88' lang='lat' dir='ltr'>ut</span> <span class='ocrx_word' id='word_1_31' title='bbox 1643 790 1887 865; x_wconf 85' lang='lat' dir='ltr'>multo</span> <span class='ocrx_word' id='word_1_32' title='bbox 1943 790 2275 884; x_wconf 84' lang='lat' dir='ltr'>suavius,</span> <span class='ocrx_word' id='word_1_33' title='bbox 2327 811 2604 881; x_wconf 86' lang='lat' dir='ltr'>armos,</span> 
     </span>
    </p>

    <p class='ocr_par' dir='ltr' id='par_1_4' title="bbox 496 905 2880 1388">
     <span class='ocr_line' id='line_1_7' title="bbox 496 905 2880 1014; baseline 0.001 -34"><span class='ocrx_word' id='word_1_34' title='bbox 496 939 547 979; x_wconf 76' lang='grc' dir='ltr'>ω</span> <span class='ocrx_word' id='word_1_35' title='bbox 583 905 835 998; x_wconf 84' lang='lat' dir='ltr'>Quam</span> <span class='ocrx_word' id='word_1_36' title='bbox 888 911 953 985; x_wconf 89' lang='lat' dir='ltr'>si</span> <span class='ocrx_word' id='word_1_37' title='bbox 1008 936 1181 987; x_wconf 92' lang='lat' dir='ltr'>cum</span> <span class='ocrx_word' id='word_1_38' title='bbox 1232 913 1515 990; x_wconf 87' lang='lat' dir='ltr'>lumbis</span> <span class='ocrx_word' id='word_1_39' title='bbox 1555 914 1724 1014; x_wconf 86' lang='lat' dir='ltr'>quis</span> <span class='ocrx_word' id='word_1_40' title='bbox 1762 915 1944 990; x_wconf 87' lang='lat' dir='ltr'>edit.</span> <span class='ocrx_word' id='word_1_41' title='bbox 1995 914 2192 989; x_wconf 87' lang='lat' dir='ltr'>Tum</span> <span class='ocrx_word' id='word_1_42' title='bbox 2245 925 2558 1011; x_wconf 79' lang='lat' dir='ltr'>pectore</span> <span class='ocrx_word' id='word_1_43' title='bbox 2605 909 2880 987; x_wconf 76' lang='lat' dir='ltr'>adusto</span> 
     </span>
     <span class='ocr_line' id='line_1_8' title="bbox 576 1029 2812 1136; baseline 0.003 -31"><span class='ocrx_word' id='word_1_44' title='bbox 576 1029 935 1110; x_wconf 83' lang='lat' dir='ltr'><strong>Vidimus</strong></span> <span class='ocrx_word' id='word_1_45' title='bbox 992 1050 1073 1112; x_wconf 85' lang='lat' dir='ltr'>et</span> <span class='ocrx_word' id='word_1_46' title='bbox 1124 1039 1457 1114; x_wconf 84' lang='lat' dir='ltr'>merulas</span> <span class='ocrx_word' id='word_1_47' title='bbox 1510 1039 1700 1136; x_wconf 90' lang='lat' dir='ltr'>poni</span> <span class='ocrx_word' id='word_1_48' title='bbox 1755 1053 1832 1114; x_wconf 89' lang='lat' dir='ltr'>et</span> <span class='ocrx_word' id='word_1_49' title='bbox 1881 1039 2044 1115; x_wconf 88' lang='lat' dir='ltr'>sine</span> <span class='ocrx_word' id='word_1_50' title='bbox 2103 1039 2326 1115; x_wconf 88' lang='lat' dir='ltr'>clune</span> <span class='ocrx_word' id='word_1_51' title='bbox 2375 1035 2812 1136; x_wconf 80' lang='lat' dir='ltr'>palumbes,</span> 
     </span>
     <span class='ocr_line' id='line_1_9' title="bbox 577 1156 2574 1256; baseline 0.002 -22"><span class='ocrx_word' id='word_1_52' title='bbox 577 1156 865 1234; x_wconf 81' lang='lat' dir='ltr'>Suaves</span> <span class='ocrx_word' id='word_1_53' title='bbox 920 1186 1067 1256; x_wconf 86' lang='lat' dir='ltr'>res,</span> <span class='ocrx_word' id='word_1_54' title='bbox 1122 1163 1187 1236; x_wconf 85' lang='lat' dir='ltr'>si</span> <span class='ocrx_word' id='word_1_55' title='bbox 1242 1188 1396 1238; x_wconf 88' lang='lat' dir='ltr'>non</span> <span class='ocrx_word' id='word_1_56' title='bbox 1452 1188 1720 1240; x_wconf 85' lang='lat' dir='ltr'>causas</span> <span class='ocrx_word' id='word_1_57' title='bbox 1775 1178 2126 1241; x_wconf 84' lang='lat' dir='ltr'>narraret</span> <span class='ocrx_word' id='word_1_58' title='bbox 2179 1187 2442 1240; x_wconf 89' lang='lat' dir='ltr'>earum</span> <span class='ocrx_word' id='word_1_59' title='bbox 2497 1176 2574 1238; x_wconf 83' lang='lat' dir='ltr'>et</span> 
     </span>
     <span class='ocr_line' id='line_1_10' title="bbox 574 1281 2584 1388; baseline 0.003 -32"><span class='ocrx_word' id='word_1_60' title='bbox 574 1281 903 1360; x_wconf 77' lang='lat' dir='ltr'>Naturae</span> <span class='ocrx_word' id='word_1_61' title='bbox 957 1285 1337 1385; x_wconf 86' lang='lat' dir='ltr'>dominus,</span> <span class='ocrx_word' id='word_1_62' title='bbox 1394 1313 1624 1388; x_wconf 90' lang='lat' dir='ltr'>quem</span> <span class='ocrx_word' id='word_1_63' title='bbox 1675 1313 1813 1364; x_wconf 90' lang='lat' dir='ltr'>nos</span> <span class='ocrx_word' id='word_1_64' title='bbox 1867 1288 1976 1364; x_wconf 88' lang='lat' dir='ltr'>sic</span> <span class='ocrx_word' id='word_1_65' title='bbox 2033 1289 2370 1388; x_wconf 86' lang='lat' dir='ltr'>fugimus</span> <span class='ocrx_word' id='word_1_66' title='bbox 2419 1287 2584 1384; x_wconf 88' lang='lat' dir='ltr'>ulti,</span> 
     </span>
    </p>

    <p class='ocr_par' dir='ltr' id='par_1_5' title="bbox 498 1403 2417 1638">
     <span class='ocr_line' id='line_1_11' title="bbox 576 1403 2307 1510; baseline 0.004 -29"><span class='ocrx_word' id='word_1_67' title='bbox 576 1403 681 1482; x_wconf 78' lang='lat' dir='ltr'>Ut</span> <span class='ocrx_word' id='word_1_68' title='bbox 728 1407 927 1483; x_wconf 86' lang='lat' dir='ltr'>nihil</span> <span class='ocrx_word' id='word_1_69' title='bbox 982 1412 1291 1488; x_wconf 90' lang='lat' dir='ltr'>omnino</span> <span class='ocrx_word' id='word_1_70' title='bbox 1345 1425 1852 1510; x_wconf 80' lang='lat' dir='ltr'>gustaremus,</span> <span class='ocrx_word' id='word_1_71' title='bbox 1896 1411 2112 1489; x_wconf 82' lang='lat' dir='ltr'>velut</span> <span class='ocrx_word' id='word_1_72' title='bbox 2152 1412 2307 1488; x_wconf 88' lang='lat' dir='ltr'>illis</span> 
     </span>
     <span class='ocr_line' id='line_1_12' title="bbox 498 1530 2417 1638; baseline 0.006 -38"><span class='ocrx_word' id='word_1_73' title='bbox 498 1557 547 1600; x_wconf 64' lang='grc' dir='ltr'>π</span> <span class='ocrx_word' id='word_1_74' title='bbox 585 1530 910 1611; x_wconf 81' lang='lat' dir='ltr'>Canidia</span> <span class='ocrx_word' id='word_1_75' title='bbox 958 1535 1317 1614; x_wconf 80' lang='lat' dir='ltr'>adflasset</span> <span class='ocrx_word' id='word_1_76' title='bbox 1364 1539 1590 1638; x_wconf 91' lang='lat' dir='ltr'>peior</span> <span class='ocrx_word' id='word_1_77' title='bbox 1643 1537 2124 1637; x_wconf 79' lang='lat' dir='ltr'>serpentibus</span> <span class='ocrx_word' id='word_1_78' title='bbox 2180 1538 2417 1613; x_wconf 85' lang='lat' dir='ltr'>Afris.</span> 
     </span>
    </p>
   </div>
   <div class='ocr_carea' id='block_1_4' title="bbox 465 1747 1632 4461">
    <p class='ocr_par' dir='ltr' id='par_1_6' title="bbox 465 1747 1632 4461">
     <span class='ocr_line' id='line_1_13' title="bbox 474 1747 1624 1822; baseline 0.005 -20"><span class='ocrx_word' id='word_1_79' title='bbox 474 1747 884 1822; x_wconf 69' lang='lat' dir='ltr'>emendaturus]</span> <span class='ocrx_word' id='word_1_80' title='bbox 920 1752 992 1807; x_wconf 83' lang='lat' dir='ltr'>cf.</span> <span class='ocrx_word' id='word_1_81' title='bbox 1031 1750 1156 1808; x_wconf 85' lang='lat' dir='ltr'>Ter.</span> <span class='ocrx_word' id='word_1_82' title='bbox 1190 1753 1295 1809; x_wconf 83' lang='lat' dir='ltr'>Ad.</span> <span class='ocrx_word' id='word_1_83' title='bbox 1327 1754 1425 1822; x_wconf 89' lang='lat' dir='ltr'>IV,</span> <span class='ocrx_word' id='word_1_84' title='bbox 1449 1757 1507 1822; x_wconf 73' lang='lat'>7„</span> <span class='ocrx_word' id='word_1_85' title='bbox 1528 1756 1624 1808; x_wconf 83' lang='lat'>23:</span> 
     </span>
     <span class='ocr_line' id='line_1_14' title="bbox 477 1819 1632 1891; baseline 0.005 -19"><span class='ocrx_word' id='word_1_86' title='bbox 477 1819 661 1889; x_wconf 83' lang='lat' dir='ltr'>„Illud</span> <span class='ocrx_word' id='word_1_87' title='bbox 700 1822 851 1891; x_wconf 89' lang='lat' dir='ltr'>quod</span> <span class='ocrx_word' id='word_1_88' title='bbox 890 1824 1091 1878; x_wconf 77' lang='lat' dir='ltr'>cecidit</span> <span class='ocrx_word' id='word_1_89' title='bbox 1126 1825 1274 1880; x_wconf 81' lang='lat' dir='ltr'>forte</span> <span class='ocrx_word' id='word_1_90' title='bbox 1309 1825 1369 1879; x_wconf 86' lang='lat' dir='ltr'>id</span> <span class='ocrx_word' id='word_1_91' title='bbox 1406 1829 1529 1880; x_wconf 78' lang='lat' dir='ltr'>arte</span> <span class='ocrx_word' id='word_1_92' title='bbox 1567 1829 1632 1878; x_wconf 80' lang='lat' dir='ltr'>ut</span> 
     </span>
     <span class='ocr_line' id='line_1_15' title="bbox 475 1893 1628 1967; baseline 0.006 -22"><span class='ocrx_word' id='word_1_93' title='bbox 475 1893 775 1964; x_wconf 78' lang='lat' dir='ltr'>corriget.“</span> <span class='ocrx_word' id='word_1_94' title='bbox 794 1922 859 1933; x_wconf 89' lang='lat'><strong>—</strong></span> <span class='ocrx_word' id='word_1_95' title='bbox 888 1897 1240 1966; x_wconf 64' lang='lat' dir='ltr'>Masonem]</span> <span class='ocrx_word' id='word_1_96' title='bbox 1269 1896 1373 1951; x_wconf 86' lang='lat' dir='ltr'>Est</span> <span class='ocrx_word' id='word_1_97' title='bbox 1398 1898 1628 1967; x_wconf 76' lang='lat' dir='ltr'>proprie</span> 
     </span>
     <span class='ocr_line' id='line_1_16' title="bbox 476 1961 1630 2039; baseline 0.003 -23"><span class='ocrx_word' id='word_1_98' title='bbox 476 1963 673 2034; x_wconf 78' lang='lat' dir='ltr'>ingens</span> <span class='ocrx_word' id='word_1_99' title='bbox 722 1965 874 2034; x_wconf 79' lang='lat' dir='ltr'>lanx,</span> <span class='ocrx_word' id='word_1_100' title='bbox 920 1984 989 2021; x_wconf 88' lang='lat' dir='ltr'>ex</span> <span class='ocrx_word' id='word_1_101' title='bbox 1034 1984 1147 2036; x_wconf 78' lang='lat' dir='ltr'>qus.</span> <span class='ocrx_word' id='word_1_102' title='bbox 1192 1961 1339 2038; x_wconf 73' lang='grc' dir='ltr'><strong><em>μάζα</em></strong></span> <span class='ocrx_word' id='word_1_103' title='bbox 1386 1972 1630 2039; x_wconf 73' lang='grc' dir='ltr'>νέμεται,</span> 
     </span>
     <span class='ocr_line' id='line_1_17' title="bbox 473 2035 1630 2108; baseline 0.005 -20"><span class='ocrx_word' id='word_1_104' title='bbox 473 2035 601 2104; x_wconf 86' lang='lat' dir='ltr'>puls</span> <span class='ocrx_word' id='word_1_105' title='bbox 625 2035 1015 2108; x_wconf 59' lang='lat' dir='ltr'>distribuitun</span> <span class='ocrx_word' id='word_1_106' title='bbox 1054 2038 1257 2094; x_wconf 83' lang='lat' dir='ltr'>deinde</span> <span class='ocrx_word' id='word_1_107' title='bbox 1280 2041 1508 2096; x_wconf 87' lang='lat' dir='ltr'>omnino</span> <span class='ocrx_word' id='word_1_108' title='bbox 1546 2040 1630 2094; x_wconf 85' lang='lat' dir='ltr'>in·-</span> 
     </span>
     <span class='ocr_line' id='line_1_18' title="bbox 473 2109 1630 2181; baseline 0.007 -22"><span class='ocrx_word' id='word_1_109' title='bbox 473 2111 699 2176; x_wconf 80' lang='lat' dir='ltr'>gentem</span> <span class='ocrx_word' id='word_1_110' title='bbox 737 2109 990 2178; x_wconf 76' lang='lat' dir='ltr'>patinam</span> <span class='ocrx_word' id='word_1_111' title='bbox 1014 2110 1309 2181; x_wconf 77' lang='lat' dir='ltr'>significat.</span> <span class='ocrx_word' id='word_1_112' title='bbox 1337 2141 1405 2152; x_wconf 94' lang='lat'>—</span> <span class='ocrx_word' id='word_1_113' title='bbox 1430 2111 1630 2166; x_wconf 77' lang='lat' dir='ltr'>discer-</span> 
     </span>
     <span class='ocr_line' id='line_1_19' title="bbox 465 2179 1628 2252; baseline 0.005 -21"><span class='ocrx_word' id='word_1_114' title='bbox 465 2183 572 2246; x_wconf 70' lang='lat' dir='ltr'>pta</span> <span class='ocrx_word' id='word_1_115' title='bbox 606 2179 864 2250; x_wconf 79' lang='lat' dir='ltr'>membra]</span> <span class='ocrx_word' id='word_1_116' title='bbox 902 2181 968 2234; x_wconf 91' lang='lat' dir='ltr'>In</span> <span class='ocrx_word' id='word_1_117' title='bbox 1006 2183 1141 2252; x_wconf 85' lang='lat' dir='ltr'>ipsis</span> <span class='ocrx_word' id='word_1_118' title='bbox 1178 2183 1317 2237; x_wconf 85' lang='lat' dir='ltr'>cibis</span> <span class='ocrx_word' id='word_1_119' title='bbox 1358 2200 1495 2252; x_wconf 89' lang='lat' dir='ltr'>quos</span> <span class='ocrx_word' id='word_1_120' title='bbox 1532 2201 1628 2252; x_wconf 82' lang='lat' dir='ltr'>ap·</span> 
     </span>
     <span class='ocr_line' id='line_1_20' title="bbox 472 2250 1630 2318; baseline 0.005 -16"><span class='ocrx_word' id='word_1_121' title='bbox 472 2250 723 2318; x_wconf 81' lang='lat' dir='ltr'>ponebat</span> <span class='ocrx_word' id='word_1_122' title='bbox 781 2252 1113 2308; x_wconf 72' lang='lat' dir='ltr'>Nasidienus</span> <span class='ocrx_word' id='word_1_123' title='bbox 1184 2254 1327 2309; x_wconf 84' lang='lat' dir='ltr'>nihil</span> <span class='ocrx_word' id='word_1_124' title='bbox 1402 2254 1630 2309; x_wconf 77' lang='lat' dir='ltr'>videtur</span> 
     </span>
     <span class='ocr_line' id='line_1_21' title="bbox 472 2326 1628 2395; baseline 0.004 -21"><span class='ocrx_word' id='word_1_125' title='bbox 472 2339 813 2392; x_wconf 74' lang='lat' dir='ltr'>magnopere</span> <span class='ocrx_word' id='word_1_126' title='bbox 850 2329 1143 2393; x_wconf 75' lang='lat' dir='ltr'>peccatum</span> <span class='ocrx_word' id='word_1_127' title='bbox 1189 2343 1331 2395; x_wconf 84' lang='lat' dir='ltr'>esse;</span> <span class='ocrx_word' id='word_1_128' title='bbox 1386 2326 1483 2380; x_wconf 86' lang='lat' dir='ltr'>sed</span> <span class='ocrx_word' id='word_1_129' title='bbox 1528 2327 1628 2379; x_wconf 91' lang='lat' dir='ltr'>im-</span> 
     </span>
     <span class='ocr_line' id='line_1_22' title="bbox 472 2397 1629 2462; baseline 0.004 -16"><span class='ocrx_word' id='word_1_130' title='bbox 472 2397 781 2462; x_wconf 84' lang='lat' dir='ltr'>portunum</span> <span class='ocrx_word' id='word_1_131' title='bbox 817 2412 1005 2450; x_wconf 86' lang='lat' dir='ltr'>omnes</span> <span class='ocrx_word' id='word_1_132' title='bbox 1052 2414 1177 2452; x_wconf 78' lang='lat' dir='ltr'>suas</span> <span class='ocrx_word' id='word_1_133' title='bbox 1222 2415 1309 2452; x_wconf 88' lang='lat' dir='ltr'>res</span> <span class='ocrx_word' id='word_1_134' title='bbox 1361 2397 1629 2451; x_wconf 74' lang='lat' dir='ltr'>laudandi</span> 
     </span>
     <span class='ocr_line' id='line_1_23' title="bbox 473 2464 1629 2539; baseline 0.005 -22"><span class='ocrx_word' id='word_1_135' title='bbox 473 2464 741 2528; x_wconf 83' lang='lat' dir='ltr'>studium,</span> <span class='ocrx_word' id='word_1_136' title='bbox 780 2483 890 2535; x_wconf 69' lang='lat' dir='ltr'>qus</span> <span class='ocrx_word' id='word_1_137' title='bbox 912 2467 1115 2522; x_wconf 81' lang='lat' dir='ltr'>stolide</span> <span class='ocrx_word' id='word_1_138' title='bbox 1141 2486 1397 2538; x_wconf 77' lang='lat' dir='ltr'>saporem</span> <span class='ocrx_word' id='word_1_139' title='bbox 1423 2485 1629 2539; x_wconf 77' lang='lat' dir='ltr'>sugere</span> 
     </span>
     <span class='ocr_line' id='line_1_24' title="bbox 470 2536 1628 2608; baseline 0.004 -19"><span class='ocrx_word' id='word_1_140' title='bbox 470 2536 718 2590; x_wconf 72' lang='lat' dir='ltr'>tentavit</span> <span class='ocrx_word' id='word_1_141' title='bbox 764 2537 1115 2608; x_wconf 73' lang='lat' dir='ltr'>Nasidienus,</span> <span class='ocrx_word' id='word_1_142' title='bbox 1169 2541 1417 2595; x_wconf 75' lang='lat' dir='ltr'>taedium</span> <span class='ocrx_word' id='word_1_143' title='bbox 1467 2557 1628 2595; x_wconf 87' lang='lat' dir='ltr'>reno-</span> 
     </span>
     <span class='ocr_line' id='line_1_25' title="bbox 474 2607 1630 2680; baseline 0.006 -20"><span class='ocrx_word' id='word_1_144' title='bbox 474 2607 631 2662; x_wconf 74' lang='lat' dir='ltr'>vavit</span> <span class='ocrx_word' id='word_1_145' title='bbox 667 2609 937 2675; x_wconf 83' lang='lat' dir='ltr'>convivis,</span> <span class='ocrx_word' id='word_1_146' title='bbox 975 2611 1090 2680; x_wconf 73' lang='lat' dir='ltr'>qui,</span> <span class='ocrx_word' id='word_1_147' title='bbox 1136 2627 1264 2666; x_wconf 87' lang='lat' dir='ltr'>cum</span> <span class='ocrx_word' id='word_1_148' title='bbox 1308 2613 1476 2667; x_wconf 74' lang='lat' dir='ltr'>aliter</span> <span class='ocrx_word' id='word_1_149' title='bbox 1511 2629 1630 2667; x_wconf 86' lang='lat' dir='ltr'>sese</span> 
     </span>
     <span class='ocr_line' id='line_1_26' title="bbox 472 2681 1627 2748; baseline 0.006 -17"><span class='ocrx_word' id='word_1_150' title='bbox 472 2695 586 2732; x_wconf 90' lang='lat' dir='ltr'>non</span> <span class='ocrx_word' id='word_1_151' title='bbox 629 2685 856 2748; x_wconf 81' lang='lat' dir='ltr'>possent</span> <span class='ocrx_word' id='word_1_152' title='bbox 902 2681 1143 2737; x_wconf 74' lang='lat' dir='ltr'>liberare</span> <span class='ocrx_word' id='word_1_153' title='bbox 1194 2683 1267 2738; x_wconf 80' lang='lat' dir='ltr'>ab</span> <span class='ocrx_word' id='word_1_154' title='bbox 1321 2683 1407 2738; x_wconf 83' lang='lat' dir='ltr'>his</span> <span class='ocrx_word' id='word_1_155' title='bbox 1452 2683 1627 2738; x_wconf 91' lang='lat' dir='ltr'>mole-</span> 
     </span>
     <span class='ocr_line' id='line_1_27' title="bbox 473 2749 1630 2816; baseline 0.005 -14"><span class='ocrx_word' id='word_1_156' title='bbox 473 2749 613 2816; x_wconf 80' lang='lat' dir='ltr'>stiis,</span> <span class='ocrx_word' id='word_1_157' title='bbox 654 2751 845 2806; x_wconf 73' lang='lat' dir='ltr'>satiati</span> <span class='ocrx_word' id='word_1_158' title='bbox 884 2751 1113 2808; x_wconf 75' lang='lat' dir='ltr'>fastidio</span> <span class='ocrx_word' id='word_1_159' title='bbox 1150 2755 1379 2809; x_wconf 79' lang='lat' dir='ltr'>tandem</span> <span class='ocrx_word' id='word_1_160' title='bbox 1413 2755 1630 2810; x_wconf 85' lang='lat' dir='ltr'>relictis</span> 
     </span>
     <span class='ocr_line' id='line_1_28' title="bbox 472 2820 1629 2896; baseline 0.006 -23"><span class='ocrx_word' id='word_1_161' title='bbox 472 2820 729 2875; x_wconf 88' lang='lat' dir='ltr'>omnibus</span> <span class='ocrx_word' id='word_1_162' title='bbox 786 2823 1001 2879; x_wconf 87' lang='lat' dir='ltr'>deliciis</span> <span class='ocrx_word' id='word_1_163' title='bbox 1054 2825 1413 2896; x_wconf 73' lang='lat' dir='ltr'>aufugerunt.</span> <span class='ocrx_word' id='word_1_164' title='bbox 1483 2824 1629 2880; x_wconf 77' lang='lat' dir='ltr'>Nam</span> 
     </span>
     <span class='ocr_line' id='line_1_29' title="bbox 474 2892 1630 2967; baseline 0.005 -21"><span class='ocrx_word' id='word_1_165' title='bbox 474 2892 625 2960; x_wconf 83' lang='lat' dir='ltr'>quod</span> <span class='ocrx_word' id='word_1_166' title='bbox 676 2894 835 2964; x_wconf 81' lang='lat' dir='ltr'>gruis</span> <span class='ocrx_word' id='word_1_167' title='bbox 898 2897 1151 2952; x_wconf 72' lang='lat' dir='ltr'>membra</span> <span class='ocrx_word' id='word_1_168' title='bbox 1210 2915 1403 2967; x_wconf 79' lang='lat' dir='ltr'>sparsa</span> <span class='ocrx_word' id='word_1_169' title='bbox 1464 2903 1630 2952; x_wconf 74' lang='lat' dir='ltr'>erent</span> 
     </span>
     <span class='ocr_line' id='line_1_30' title="bbox 474 2963 1630 3040; baseline 0.004 -23"><span class='ocrx_word' id='word_1_170' title='bbox 474 2963 589 3018; x_wconf 79' lang='lat' dir='ltr'>sale</span> <span class='ocrx_word' id='word_1_171' title='bbox 626 2969 683 3018; x_wconf 82' lang='lat' dir='ltr'>et</span> <span class='ocrx_word' id='word_1_172' title='bbox 718 2964 890 3035; x_wconf 76' lang='lat' dir='ltr'>farre,</span> <span class='ocrx_word' id='word_1_173' title='bbox 941 2968 1091 3037; x_wconf 86' lang='lat' dir='ltr'>quod</span> <span class='ocrx_word' id='word_1_174' title='bbox 1140 2986 1301 3023; x_wconf 76' lang='lat' dir='ltr'>anser</span> <span class='ocrx_word' id='word_1_175' title='bbox 1342 2969 1630 3040; x_wconf 76' lang='lat' dir='ltr'>saginatus</span> 
     </span>
     <span class='ocr_line' id='line_1_31' title="bbox 474 3035 1629 3108; baseline 0.006 -20"><span class='ocrx_word' id='word_1_176' title='bbox 474 3036 681 3090; x_wconf 84' lang='lat' dir='ltr'>sucosis</span> <span class='ocrx_word' id='word_1_177' title='bbox 736 3035 855 3092; x_wconf 87' lang='lat' dir='ltr'>ficis</span> <span class='ocrx_word' id='word_1_178' title='bbox 916 3039 1205 3094; x_wconf 87' lang='lat' dir='ltr'>muliebris</span> <span class='ocrx_word' id='word_1_179' title='bbox 1260 3058 1421 3094; x_wconf 85' lang='lat' dir='ltr'>sexus</span> <span class='ocrx_word' id='word_1_180' title='bbox 1486 3044 1629 3108; x_wconf 75' lang='lat' dir='ltr'>erat,</span> 
     </span>
     <span class='ocr_line' id='line_1_32' title="bbox 474 3109 1628 3178; baseline 0.004 -17"><span class='ocrx_word' id='word_1_181' title='bbox 474 3111 531 3161; x_wconf 88' lang='lat' dir='ltr'>et</span> <span class='ocrx_word' id='word_1_182' title='bbox 572 3124 714 3176; x_wconf 71' lang='lat' dir='ltr'>quae</span> <span class='ocrx_word' id='word_1_183' title='bbox 752 3109 971 3178; x_wconf 78' lang='lat' dir='ltr'>relique</span> <span class='ocrx_word' id='word_1_184' title='bbox 1006 3115 1153 3178; x_wconf 87' lang='lat' dir='ltr'>sunt,</span> <span class='ocrx_word' id='word_1_185' title='bbox 1190 3129 1255 3166; x_wconf 79' lang='lat' dir='ltr'>ea</span> <span class='ocrx_word' id='word_1_186' title='bbox 1291 3113 1479 3167; x_wconf 82' lang='lat' dir='ltr'>omnis.</span> <span class='ocrx_word' id='word_1_187' title='bbox 1519 3111 1628 3166; x_wconf 76' lang='lat' dir='ltr'>Na-</span> 
     </span>
     <span class='ocr_line' id='line_1_33' title="bbox 471 3177 1630 3252; baseline 0.006 -21"><span class='ocrx_word' id='word_1_188' title='bbox 471 3177 717 3232; x_wconf 83' lang='lat' dir='ltr'>sidienus</span> <span class='ocrx_word' id='word_1_189' title='bbox 762 3182 957 3234; x_wconf 86' lang='lat' dir='ltr'>multis</span> <span class='ocrx_word' id='word_1_190' title='bbox 993 3182 1181 3238; x_wconf 84' lang='lat' dir='ltr'>verbis</span> <span class='ocrx_word' id='word_1_191' title='bbox 1218 3184 1537 3252; x_wconf 73' lang='lat' dir='ltr'>exposuisse</span> <span class='ocrx_word' id='word_1_192' title='bbox 1571 3188 1630 3238; x_wconf 82' lang='lat' dir='ltr'>et</span> 
     </span>
     <span class='ocr_line' id='line_1_34' title="bbox 472 3250 1628 3321; baseline 0.005 -19"><span class='ocrx_word' id='word_1_193' title='bbox 472 3250 821 3319; x_wconf 74' lang='lat' dir='ltr'>praedicasse</span> <span class='ocrx_word' id='word_1_194' title='bbox 859 3253 1143 3321; x_wconf 76' lang='lat' dir='ltr'>putandus</span> <span class='ocrx_word' id='word_1_195' title='bbox 1179 3259 1281 3309; x_wconf 85' lang='lat' dir='ltr'>est.</span> <span class='ocrx_word' id='word_1_196' title='bbox 1318 3284 1383 3294; x_wconf 88' lang='lat'>—</span> <span class='ocrx_word' id='word_1_197' title='bbox 1430 3255 1628 3308; x_wconf 78' lang='lat' dir='ltr'>discer-</span> 
     </span>
     <span class='ocr_line' id='line_1_35' title="bbox 467 3319 1628 3394; baseline 0.006 -21"><span class='ocrx_word' id='word_1_198' title='bbox 467 3319 597 3390; x_wconf 77' lang='lat' dir='ltr'>pta]</span> <span class='ocrx_word' id='word_1_199' title='bbox 624 3321 886 3391; x_wconf 74' lang='lat' dir='ltr'>lacerata,</span> <span class='ocrx_word' id='word_1_200' title='bbox 924 3324 1215 3394; x_wconf 69' lang='lat' dir='ltr'>dilaniato,</span> <span class='ocrx_word' id='word_1_201' title='bbox 1240 3342 1352 3380; x_wconf 88' lang='lat' dir='ltr'>non</span> <span class='ocrx_word' id='word_1_202' title='bbox 1378 3331 1532 3380; x_wconf 80' lang='lat' dir='ltr'>secta</span> <span class='ocrx_word' id='word_1_203' title='bbox 1557 3327 1628 3380; x_wconf 76' lang='lat' dir='ltr'>ed</span> 
     </span>
     <span class='ocr_line' id='line_1_36' title="bbox 472 3393 1627 3464; baseline 0.004 -18"><span class='ocrx_word' id='word_1_204' title='bbox 472 3396 671 3446; x_wconf 78' lang='lat' dir='ltr'>artem.</span> <span class='ocrx_word' id='word_1_205' title='bbox 738 3393 809 3448; x_wconf 85' lang='lat' dir='ltr'>ef.</span> <span class='ocrx_word' id='word_1_206' title='bbox 847 3393 1035 3450; x_wconf 89' lang='lat' dir='ltr'>Senec.</span> <span class='ocrx_word' id='word_1_207' title='bbox 1074 3395 1125 3450; x_wconf 86' lang='grc' dir='ltr'>Ε</span> <span class='ocrx_word' id='word_1_208' title='bbox 1166 3438 1179 3450; x_wconf 95' lang='grc'><strong>.</strong></span> <span class='ocrx_word' id='word_1_209' title='bbox 1223 3398 1311 3464; x_wconf 79' lang='lat'>47,</span> <span class='ocrx_word' id='word_1_210' title='bbox 1350 3397 1405 3450; x_wconf 87' lang='lat'>6:</span> <span class='ocrx_word' id='word_1_211' title='bbox 1448 3396 1627 3463; x_wconf 77' lang='lat' dir='ltr'>„alius</span> 
     </span>
     <span class='ocr_line' id='line_1_37' title="bbox 472 3464 1628 3537; baseline 0.006 -22"><span class='ocrx_word' id='word_1_212' title='bbox 472 3464 749 3531; x_wconf 70' lang='lat' dir='ltr'>pretiosas</span> <span class='ocrx_word' id='word_1_213' title='bbox 804 3481 934 3519; x_wconf 81' lang='lat' dir='ltr'>aves</span> <span class='ocrx_word' id='word_1_214' title='bbox 988 3467 1105 3522; x_wconf 85' lang='lat' dir='ltr'>scin</span> <span class='ocrx_word' id='word_1_215' title='bbox 1152 3467 1219 3535; x_wconf 86' lang='lat' dir='ltr'>&#39;t;</span> <span class='ocrx_word' id='word_1_216' title='bbox 1276 3485 1379 3537; x_wconf 86' lang='lat' dir='ltr'>per</span> <span class='ocrx_word' id='word_1_217' title='bbox 1433 3472 1628 3536; x_wconf 82' lang='lat' dir='ltr'>pectus</span> 
     </span>
     <span class='ocr_line' id='line_1_38' title="bbox 474 3535 1630 3594; baseline 0.007 -8"><span class='ocrx_word' id='word_1_218' title='bbox 474 3538 532 3587; x_wconf 80' lang='lat' dir='ltr'>et</span> <span class='ocrx_word' id='word_1_219' title='bbox 593 3535 783 3590; x_wconf 85' lang='lat' dir='ltr'>clunes</span> <span class='ocrx_word' id='word_1_220' title='bbox 843 3536 1010 3592; x_wconf 85' lang='lat' dir='ltr'>certis</span> <span class='ocrx_word' id='word_1_221' title='bbox 1072 3539 1332 3594; x_wconf 83' lang='lat' dir='ltr'>ductibus</span> <span class='ocrx_word' id='word_1_222' title='bbox 1398 3539 1630 3594; x_wconf 82' lang='lat' dir='ltr'>circum-</span> 
     </span>
     <span class='ocr_line' id='line_1_39' title="bbox 472 3603 1626 3666; baseline 0.004 -6"><span class='ocrx_word' id='word_1_223' title='bbox 472 3603 656 3660; x_wconf 84' lang='lat' dir='ltr'>ferens</span> <span class='ocrx_word' id='word_1_224' title='bbox 706 3606 985 3664; x_wconf 80' lang='lat' dir='ltr'>eruditam</span> <span class='ocrx_word' id='word_1_225' title='bbox 1032 3627 1259 3666; x_wconf 74' lang='lat' dir='ltr'>menum</span> <span class='ocrx_word' id='word_1_226' title='bbox 1305 3610 1486 3664; x_wconf 74' lang='lat' dir='ltr'>frusta</span> <span class='ocrx_word' id='word_1_227' title='bbox 1533 3629 1626 3665; x_wconf 81' lang='lat' dir='ltr'>ex·</span> 
     </span>
     <span class='ocr_line' id='line_1_40' title="bbox 472 3677 1626 3752; baseline 0.005 -22"><span class='ocrx_word' id='word_1_228' title='bbox 472 3677 667 3731; x_wconf 87' lang='lat' dir='ltr'>cutit.“</span> <span class='ocrx_word' id='word_1_229' title='bbox 700 3707 775 3717; x_wconf 81' lang='lat'>·—</span> <span class='ocrx_word' id='word_1_230' title='bbox 809 3680 970 3747; x_wconf 63' lang='lat' dir='ltr'>prais</span> <span class='ocrx_word' id='word_1_231' title='bbox 1004 3678 1213 3752; x_wconf 65' lang='lat' dir='ltr'>sparsa]</span> <span class='ocrx_word' id='word_1_232' title='bbox 1254 3697 1389 3750; x_wconf 73' lang='lat' dir='ltr'>yrus</span> <span class='ocrx_word' id='word_1_233' title='bbox 1424 3698 1626 3736; x_wconf 87' lang='lat' dir='ltr'>nomen</span> 
     </span>
     <span class='ocr_line' id='line_1_41' title="bbox 472 3746 1625 3821; baseline 0.005 -20"><span class='ocrx_word' id='word_1_234' title='bbox 472 3746 725 3803; x_wconf 79' lang='lat' dir='ltr'>feminini</span> <span class='ocrx_word' id='word_1_235' title='bbox 762 3751 984 3821; x_wconf 83' lang='lat' dir='ltr'>generis</span> <span class='ocrx_word' id='word_1_236' title='bbox 1021 3769 1137 3806; x_wconf 85' lang='lat' dir='ltr'>esse</span> <span class='ocrx_word' id='word_1_237' title='bbox 1174 3753 1335 3818; x_wconf 88' lang='lat' dir='ltr'>solet,</span> <span class='ocrx_word' id='word_1_238' title='bbox 1371 3757 1436 3806; x_wconf 83' lang='lat' dir='ltr'>ut</span> <span class='ocrx_word' id='word_1_239' title='bbox 1471 3769 1625 3807; x_wconf 72' lang='lat' dir='ltr'>anse-</span> 
     </span>
     <span class='ocr_line' id='line_1_42' title="bbox 469 3819 1628 3879; baseline 0.006 -7"><span class='ocrx_word' id='word_1_240' title='bbox 469 3819 555 3873; x_wconf 77' lang='lat' dir='ltr'>ris</span> <span class='ocrx_word' id='word_1_241' title='bbox 590 3836 793 3875; x_wconf 87' lang='lat' dir='ltr'>nomen</span> <span class='ocrx_word' id='word_1_242' title='bbox 830 3825 1123 3878; x_wconf 81' lang='lat' dir='ltr'>masculini</span> <span class='ocrx_word' id='word_1_243' title='bbox 1164 3828 1265 3878; x_wconf 84' lang='lat' dir='ltr'>est.</span> <span class='ocrx_word' id='word_1_244' title='bbox 1338 3823 1628 3879; x_wconf 83' lang='lat' dir='ltr'>Docentur</span> 
     </span>
     <span class='ocr_line' id='line_1_43' title="bbox 472 3893 1624 3964; baseline 0.005 -21"><span class='ocrx_word' id='word_1_245' title='bbox 472 3893 658 3945; x_wconf 72' lang='lat' dir='ltr'>autem</span> <span class='ocrx_word' id='word_1_246' title='bbox 706 3893 977 3948; x_wconf 70' lang='lat' dir='ltr'>convivae</span> <span class='ocrx_word' id='word_1_247' title='bbox 1021 3895 1095 3949; x_wconf 80' lang='lat' dir='ltr'>ab</span> <span class='ocrx_word' id='word_1_248' title='bbox 1151 3895 1472 3964; x_wconf 82' lang='lat' dir='ltr'>importuno</span> <span class='ocrx_word' id='word_1_249' title='bbox 1528 3895 1624 3950; x_wconf 87' lang='lat' dir='ltr'>do-</span> 
     </span>
     <span class='ocr_line' id='line_1_44' title="bbox 470 3963 1626 4092; baseline 0.005 -6"><span class='ocrx_word' id='word_1_250' title='bbox 470 3963 1139 4091; x_wconf 51' lang='lat'>3220’25303001‘35503</span> <span class='ocrx_word' id='word_1_251' title='bbox 1169 3965 1626 4092; x_wconf 55' lang='lat' dir='ltr'>Rffgffmtafflss</span> 
     </span>
     <span class='ocr_line' id='line_1_45' title="bbox 469 4103 1628 4177; baseline 0.006 -21"><span class='ocrx_word' id='word_1_252' title='bbox 469 4103 597 4158; x_wconf 76' lang='lat' dir='ltr'>albi.</span> <span class='ocrx_word' id='word_1_253' title='bbox 633 4105 737 4160; x_wconf 82' lang='lat' dir='ltr'>cfr.</span> <span class='ocrx_word' id='word_1_254' title='bbox 776 4105 1020 4162; x_wconf 73' lang='lat' dir='ltr'>Martiel.</span> <span class='ocrx_word' id='word_1_255' title='bbox 1058 4107 1213 4176; x_wconf 81' lang='lat' dir='ltr'>xm,</span> <span class='ocrx_word' id='word_1_256' title='bbox 1250 4110 1347 4162; x_wconf 81' lang='lat'>58:</span> <span class='ocrx_word' id='word_1_257' title='bbox 1386 4109 1628 4177; x_wconf 77' lang='lat' dir='ltr'>‚,aspice,</span> 
     </span>
     <span class='ocr_line' id='line_1_46' title="bbox 472 4180 1626 4248; baseline 0.005 -20"><span class='ocrx_word' id='word_1_258' title='bbox 472 4192 640 4242; x_wconf 77' lang='lat' dir='ltr'>quam</span> <span class='ocrx_word' id='word_1_259' title='bbox 660 4181 877 4232; x_wconf 76' lang='lat' dir='ltr'>tumeat</span> <span class='ocrx_word' id='word_1_260' title='bbox 900 4195 1101 4248; x_wconf 76' lang='lat' dir='ltr'>magno</span> <span class='ocrx_word' id='word_1_261' title='bbox 1122 4180 1275 4234; x_wconf 88' lang='lat' dir='ltr'>iecur</span> <span class='ocrx_word' id='word_1_262' title='bbox 1296 4195 1490 4233; x_wconf 76' lang='lat' dir='ltr'>ansere</span> <span class='ocrx_word' id='word_1_263' title='bbox 1510 4198 1626 4234; x_wconf 78' lang='lat' dir='ltr'>ms.-</span> 
     </span>
     <span class='ocr_line' id='line_1_47' title="bbox 472 4245 1627 4320; baseline 0.005 -22"><span class='ocrx_word' id='word_1_264' title='bbox 472 4245 609 4298; x_wconf 85' lang='lat' dir='ltr'>ius.“</span> <span class='ocrx_word' id='word_1_265' title='bbox 663 4247 733 4302; x_wconf 83' lang='lat' dir='ltr'>cf.</span> <span class='ocrx_word' id='word_1_266' title='bbox 768 4248 949 4316; x_wconf 89' lang='lat' dir='ltr'>Epod.</span> <span class='ocrx_word' id='word_1_267' title='bbox 986 4251 1041 4310; x_wconf 80' lang='lat'>2.</span> <span class='ocrx_word' id='word_1_268' title='bbox 1078 4251 1163 4304; x_wconf 82' lang='lat'>55.</span> <span class='ocrx_word' id='word_1_269' title='bbox 1205 4279 1268 4288; x_wconf 91' lang='lat'><strong>—</strong></span> <span class='ocrx_word' id='word_1_270' title='bbox 1310 4250 1517 4320; x_wconf 75' lang='lat' dir='ltr'>amos]</span> <span class='ocrx_word' id='word_1_271' title='bbox 1555 4250 1627 4304; x_wconf 81' lang='lat' dir='ltr'>cf.</span> 
     </span>
     <span class='ocr_line' id='line_1_48' title="bbox 470 4315 1629 4388; baseline 0.006 -18"><span class='ocrx_word' id='word_1_272' title='bbox 470 4315 586 4370; x_wconf 75' lang='lat' dir='ltr'><strong>Sat.</strong></span> <span class='ocrx_word' id='word_1_273' title='bbox 626 4317 699 4383; x_wconf 89' lang='lat'>11,</span> <span class='ocrx_word' id='word_1_274' title='bbox 735 4320 789 4387; x_wconf 85' lang='lat'>4,</span> <span class='ocrx_word' id='word_1_275' title='bbox 826 4321 913 4373; x_wconf 77' lang='lat'>44.</span> <span class='ocrx_word' id='word_1_276' title='bbox 974 4319 1153 4388; x_wconf 78' lang='lat' dir='ltr'>„Quia</span> <span class='ocrx_word' id='word_1_277' title='bbox 1206 4320 1382 4374; x_wconf 88' lang='lat' dir='ltr'>lumbi</span> <span class='ocrx_word' id='word_1_278' title='bbox 1419 4320 1629 4377; x_wconf 76' lang='lat' dir='ltr'>habent</span> 
     </span>
     <span class='ocr_line' id='line_1_49' title="bbox 471 4387 1624 4461; baseline 0.005 -21"><span class='ocrx_word' id='word_1_279' title='bbox 471 4387 687 4456; x_wconf 72' lang='lat' dir='ltr'>aliquid</span> <span class='ocrx_word' id='word_1_280' title='bbox 729 4390 901 4444; x_wconf 72' lang='lat' dir='ltr'>taetri</span> <span class='ocrx_word' id='word_1_281' title='bbox 938 4391 1125 4446; x_wconf 86' lang='lat' dir='ltr'>odoris</span> <span class='ocrx_word' id='word_1_282' title='bbox 1170 4396 1228 4447; x_wconf 85' lang='lat' dir='ltr'>et</span> <span class='ocrx_word' id='word_1_283' title='bbox 1272 4391 1486 4461; x_wconf 69' lang='lat' dir='ltr'>saporis</span> <span class='ocrx_word' id='word_1_284' title='bbox 1522 4393 1624 4446; x_wconf 89' lang='lat' dir='ltr'>mi·</span> 
     </span>
    </p>
   </div>
   <div class='ocr_carea' id='block_1_5' title="bbox 1719 1749 2898 4376">
    <p class='ocr_par' dir='ltr' id='par_1_7' title="bbox 1719 1749 2898 4376">
     <span class='ocr_line' id='line_1_50' title="bbox 1725 1749 2888 1820; baseline -0.003 -12"><span class='ocrx_word' id='word_1_285' title='bbox 1725 1771 1830 1808; x_wconf 87' lang='lat' dir='ltr'>nus</span> <span class='ocrx_word' id='word_1_286' title='bbox 1865 1753 2147 1808; x_wconf 84' lang='lat' dir='ltr'>iucundi.“</span> <span class='ocrx_word' id='word_1_287' title='bbox 2185 1753 2392 1808; x_wconf 87' lang='lat' dir='ltr'>Gomm.</span> <span class='ocrx_word' id='word_1_288' title='bbox 2431 1751 2600 1820; x_wconf 82' lang='lat' dir='ltr'>Gruq.</span> <span class='ocrx_word' id='word_1_289' title='bbox 2639 1779 2706 1790; x_wconf 92' lang='lat'>—-</span> <span class='ocrx_word' id='word_1_290' title='bbox 2744 1749 2888 1820; x_wconf 73' lang='lat' dir='ltr'>odit]</span> 
     </span>
     <span class='ocr_line' id='line_1_51' title="bbox 1723 1821 2886 1895; baseline -0.002 -17"><span class='ocrx_word' id='word_1_291' title='bbox 1723 1825 1906 1894; x_wconf 83' lang='lat' dir='ltr'>Epod.</span> <span class='ocrx_word' id='word_1_292' title='bbox 1941 1827 1991 1886; x_wconf 83' lang='lat'>3.</span> <span class='ocrx_word' id='word_1_293' title='bbox 2033 1828 2082 1892; x_wconf 74' lang='grc'>8.</span> <span class='ocrx_word' id='word_1_294' title='bbox 2136 1853 2203 1864; x_wconf 92' lang='grc'>-</span> <span class='ocrx_word' id='word_1_295' title='bbox 2261 1829 2473 1895; x_wconf 67' lang='lat' dir='ltr'>pedore</span> <span class='ocrx_word' id='word_1_296' title='bbox 2528 1821 2754 1892; x_wconf 73' lang='lat' dir='ltr'>aduste]</span> <span class='ocrx_word' id='word_1_297' title='bbox 2814 1821 2886 1876; x_wconf 86' lang='lat' dir='ltr'>ef.</span> 
     </span>
     <span class='ocr_line' id='line_1_52' title="bbox 1722 1893 2888 1964; baseline -0.002 -14"><span class='ocrx_word' id='word_1_298' title='bbox 1722 1895 1848 1952; x_wconf 88' lang='lat' dir='ltr'>Ter.</span> <span class='ocrx_word' id='word_1_299' title='bbox 1899 1897 2007 1952; x_wconf 78' lang='lat' dir='ltr'>Ad.</span> <span class='ocrx_word' id='word_1_300' title='bbox 2057 1895 2158 1964; x_wconf 90' lang='lat'><strong>111,</strong></span> <span class='ocrx_word' id='word_1_301' title='bbox 2207 1896 2260 1958; x_wconf 78' lang='lat'>3.</span> <span class='ocrx_word' id='word_1_302' title='bbox 2299 1897 2398 1964; x_wconf 77' lang='lat'>713</span> <span class='ocrx_word' id='word_1_303' title='bbox 2461 1895 2622 1964; x_wconf 86' lang='lat' dir='ltr'>„Hoc</span> <span class='ocrx_word' id='word_1_304' title='bbox 2675 1893 2888 1948; x_wconf 77' lang='lat' dir='ltr'>salsum</span> 
     </span>
     <span class='ocr_line' id='line_1_53' title="bbox 1723 1965 2890 2038; baseline -0.003 -16"><span class='ocrx_word' id='word_1_305' title='bbox 1723 1973 1827 2038; x_wconf 83' lang='lat' dir='ltr'>est,</span> <span class='ocrx_word' id='word_1_306' title='bbox 1863 1967 1972 2024; x_wconf 85' lang='lat' dir='ltr'>hoe</span> <span class='ocrx_word' id='word_1_307' title='bbox 2008 1968 2266 2022; x_wconf 76' lang='lat' dir='ltr'>adustum</span> <span class='ocrx_word' id='word_1_308' title='bbox 2293 1969 2396 2025; x_wconf 81' lang='lat' dir='ltr'>est,</span> <span class='ocrx_word' id='word_1_309' title='bbox 2419 1965 2526 2021; x_wconf 84' lang='lat' dir='ltr'>hoc</span> <span class='ocrx_word' id='word_1_310' title='bbox 2549 1965 2774 2019; x_wconf 76' lang='lat' dir='ltr'>lautum</span> <span class='ocrx_word' id='word_1_311' title='bbox 2803 1971 2890 2019; x_wconf 76' lang='lat' dir='ltr'>est</span> 
     </span>
     <span class='ocr_line' id='line_1_54' title="bbox 1722 2037 2890 2120; baseline -0.004 -25"><span class='ocrx_word' id='word_1_312' title='bbox 1722 2039 1975 2110; x_wconf 51' lang='lat' dir='ltr'>perum!</span> <span class='ocrx_word' id='word_1_313' title='bbox 2025 2039 2278 2094; x_wconf 69' lang='lat' dir='ltr'>Merulae</span> <span class='ocrx_word' id='word_1_314' title='bbox 2313 2039 2490 2120; x_wconf 69' lang='lat' dir='ltr'>igitur</span> <span class='ocrx_word' id='word_1_315' title='bbox 2527 2037 2890 2106; x_wconf 72' lang='lat' dir='ltr'>apponeban-</span> 
     </span>
     <span class='ocr_line' id='line_1_55' title="bbox 1722 2109 2891 2181; baseline -0.003 -16"><span class='ocrx_word' id='word_1_316' title='bbox 1722 2115 1818 2165; x_wconf 80' lang='lat' dir='ltr'>tur</span> <span class='ocrx_word' id='word_1_317' title='bbox 1855 2117 2088 2181; x_wconf 82' lang='lat' dir='ltr'>propter</span> <span class='ocrx_word' id='word_1_318' title='bbox 2112 2111 2530 2166; x_wconf 73' lang='lat' dir='ltr'>festinationem</span> <span class='ocrx_word' id='word_1_319' title='bbox 2568 2126 2684 2178; x_wconf 76' lang='lat' dir='ltr'>qus.</span> <span class='ocrx_word' id='word_1_320' title='bbox 2721 2109 2784 2162; x_wconf 87' lang='lat' dir='ltr'>in</span> <span class='ocrx_word' id='word_1_321' title='bbox 2821 2109 2891 2162; x_wconf 83' lang='lat' dir='ltr'>iis</span> 
     </span>
     <span class='ocr_line' id='line_1_56' title="bbox 1720 2181 2890 2252; baseline -0.003 -14"><span class='ocrx_word' id='word_1_322' title='bbox 1720 2182 1988 2252; x_wconf 72' lang='lat' dir='ltr'>parandis</span> <span class='ocrx_word' id='word_1_323' title='bbox 2027 2183 2114 2236; x_wconf 89' lang='lat' dir='ltr'>usi</span> <span class='ocrx_word' id='word_1_324' title='bbox 2150 2186 2315 2236; x_wconf 75' lang='lat' dir='ltr'>erent</span> <span class='ocrx_word' id='word_1_325' title='bbox 2351 2181 2532 2250; x_wconf 84' lang='lat' dir='ltr'>coqui,</span> <span class='ocrx_word' id='word_1_326' title='bbox 2569 2197 2688 2234; x_wconf 84' lang='lat' dir='ltr'>non</span> <span class='ocrx_word' id='word_1_327' title='bbox 2731 2197 2890 2234; x_wconf 71' lang='lat' dir='ltr'>essse</span> 
     </span>
     <span class='ocr_line' id='line_1_57' title="bbox 1725 2251 2882 2323; baseline -0.004 -15"><span class='ocrx_word' id='word_1_328' title='bbox 1725 2255 1821 2308; x_wconf 86' lang='lat' dir='ltr'>sed</span> <span class='ocrx_word' id='word_1_329' title='bbox 1858 2271 1988 2309; x_wconf 80' lang='lat' dir='ltr'>vere</span> <span class='ocrx_word' id='word_1_330' title='bbox 2033 2253 2295 2321; x_wconf 54' lang='lat' dir='ltr'>adustam</span> <span class='ocrx_word' id='word_1_331' title='bbox 2348 2255 2646 2323; x_wconf 71' lang='lat' dir='ltr'>praeterea.</span> <span class='ocrx_word' id='word_1_332' title='bbox 2687 2251 2882 2305; x_wconf 78' lang='lat' dir='ltr'>absur-</span> 
     </span>
     <span class='ocr_line' id='line_1_58' title="bbox 1723 2322 2890 2393; baseline -0.003 -13"><span class='ocrx_word' id='word_1_333' title='bbox 1723 2325 1855 2380; x_wconf 90' lang='lat' dir='ltr'>dum</span> <span class='ocrx_word' id='word_1_334' title='bbox 1906 2325 2131 2380; x_wconf 80' lang='lat' dir='ltr'>videtur</span> <span class='ocrx_word' id='word_1_335' title='bbox 2187 2324 2358 2380; x_wconf 82' lang='lat' dir='ltr'>fuisse</span> <span class='ocrx_word' id='word_1_336' title='bbox 2409 2322 2710 2393; x_wconf 76' lang='lat' dir='ltr'>palumbes</span> <span class='ocrx_word' id='word_1_337' title='bbox 2771 2323 2890 2377; x_wconf 86' lang='lat' dir='ltr'>sine</span> 
     </span>
     <span class='ocr_line' id='line_1_59' title="bbox 1722 2393 2888 2467; baseline -0.003 -16"><span class='ocrx_word' id='word_1_338' title='bbox 1722 2397 1982 2452; x_wconf 81' lang='lat' dir='ltr'>clunibus</span> <span class='ocrx_word' id='word_1_339' title='bbox 2034 2413 2335 2467; x_wconf 80' lang='lat' dir='ltr'>apponere.</span> <span class='ocrx_word' id='word_1_340' title='bbox 2406 2397 2458 2449; x_wconf 80' lang='lat' dir='ltr'>A</span> <span class='ocrx_word' id='word_1_341' title='bbox 2499 2394 2580 2450; x_wconf 88' lang='lat' dir='ltr'>ud</span> <span class='ocrx_word' id='word_1_342' title='bbox 2639 2393 2888 2448; x_wconf 83' lang='lat' dir='ltr'>Gellium</span> 
     </span>
     <span class='ocr_line' id='line_1_60' title="bbox 1723 2465 2887 2539; baseline -0.003 -16"><span class='ocrx_word' id='word_1_343' title='bbox 1723 2473 1875 2523; x_wconf 84' lang='lat' dir='ltr'>certe</span> <span class='ocrx_word' id='word_1_344' title='bbox 1909 2467 2146 2539; x_wconf 82' lang='lat' dir='ltr'>legimus</span> <span class='ocrx_word' id='word_1_345' title='bbox 2181 2467 2302 2536; x_wconf 86' lang='lat' dir='ltr'>XV,</span> <span class='ocrx_word' id='word_1_346' title='bbox 2328 2469 2385 2521; x_wconf 87' lang='lat'>8:</span> <span class='ocrx_word' id='word_1_347' title='bbox 2425 2506 2458 2535; x_wconf 90' lang='lat'><strong>„</strong></span> <span class='ocrx_word' id='word_1_348' title='bbox 2509 2465 2752 2520; x_wconf 70' lang='lat' dir='ltr'>reerecti</span> <span class='ocrx_word' id='word_1_349' title='bbox 2791 2483 2887 2535; x_wconf 84' lang='lat' dir='ltr'>po-</span> 
     </span>
     <span class='ocr_line' id='line_1_61' title="bbox 1721 2538 2894 2680; baseline -0.003 -14"><span class='ocrx_word' id='word_1_350' title='bbox 1721 2541 1898 2666; x_wconf 61' lang='lat' dir='ltr'>flffi</span> <span class='ocrx_word' id='word_1_351' title='bbox 1915 2539 2358 2680; x_wconf 41' lang='lat' dir='ltr'>⁸:333ss&amp;ae</span> <span class='ocrx_word' id='word_1_352' title='bbox 2379 2538 2894 2664; x_wconf 56' lang='lat' dir='ltr'>ffifflffi</span> 
     </span>
     <span class='ocr_line' id='line_1_62' title="bbox 1721 2681 2892 2752; baseline -0.003 -15"><span class='ocrx_word' id='word_1_353' title='bbox 1721 2699 1964 2738; x_wconf 85' lang='lat' dir='ltr'>comesse</span> <span class='ocrx_word' id='word_1_354' title='bbox 2003 2687 2291 2752; x_wconf 82' lang='lat' dir='ltr'>oportere;</span> <span class='ocrx_word' id='word_1_355' title='bbox 2339 2686 2662 2736; x_wconf 79' lang='lat' dir='ltr'>ceterarum</span> <span class='ocrx_word' id='word_1_356' title='bbox 2699 2681 2892 2736; x_wconf 75' lang='lat' dir='ltr'>evium</span> 
     </span>
     <span class='ocr_line' id='line_1_63' title="bbox 1721 2753 2892 2822; baseline -0.002 -14"><span class='ocrx_word' id='word_1_357' title='bbox 1721 2759 1891 2822; x_wconf 79' lang='lat' dir='ltr'>atque</span> <span class='ocrx_word' id='word_1_358' title='bbox 1928 2755 2170 2810; x_wconf 74' lang='lat' dir='ltr'>altilium</span> <span class='ocrx_word' id='word_1_359' title='bbox 2218 2753 2328 2807; x_wconf 88' lang='lat' dir='ltr'>nisi</span> <span class='ocrx_word' id='word_1_360' title='bbox 2374 2756 2600 2808; x_wconf 74' lang='lat' dir='ltr'>tantum</span> <span class='ocrx_word' id='word_1_361' title='bbox 2645 2770 2892 2822; x_wconf 66' lang='lat' dir='ltr'>appone-</span> 
     </span>
     <span class='ocr_line' id='line_1_64' title="bbox 1721 2823 2892 2893; baseline -0.003 -12"><span class='ocrx_word' id='word_1_362' title='bbox 1721 2831 1834 2893; x_wconf 86' lang='lat' dir='ltr'>tur,</span> <span class='ocrx_word' id='word_1_363' title='bbox 1875 2831 1940 2880; x_wconf 80' lang='lat' dir='ltr'>ut</span> <span class='ocrx_word' id='word_1_364' title='bbox 1987 2843 2022 2880; x_wconf 76' lang='lat' dir='ltr'><strong>a</strong></span> <span class='ocrx_word' id='word_1_365' title='bbox 2069 2824 2362 2880; x_wconf 84' lang='lat' dir='ltr'>cluniculis</span> <span class='ocrx_word' id='word_1_366' title='bbox 2407 2823 2686 2878; x_wconf 83' lang='lat' dir='ltr'>inferiore</span> <span class='ocrx_word' id='word_1_367' title='bbox 2731 2829 2892 2893; x_wconf 69' lang='lat' dir='ltr'>parte</span> 
     </span>
     <span class='ocr_line' id='line_1_65' title="bbox 1722 2895 2894 2965; baseline -0.003 -14"><span class='ocrx_word' id='word_1_368' title='bbox 1722 2897 1903 2951; x_wconf 75' lang='lat' dir='ltr'>saturi</span> <span class='ocrx_word' id='word_1_369' title='bbox 1945 2896 2102 2965; x_wconf 76' lang='lat' dir='ltr'>fiant,</span> <span class='ocrx_word' id='word_1_370' title='bbox 2141 2896 2462 2951; x_wconf 81' lang='lat' dir='ltr'>convivium</span> <span class='ocrx_word' id='word_1_371' title='bbox 2515 2899 2733 2964; x_wconf 74' lang='lat' dir='ltr'>putant</span> <span class='ocrx_word' id='word_1_372' title='bbox 2775 2895 2894 2949; x_wconf 84' lang='lat' dir='ltr'>ino-</span> 
     </span>
     <span class='ocr_line' id='line_1_66' title="bbox 1722 2967 2896 3038; baseline -0.002 -16"><span class='ocrx_word' id='word_1_373' title='bbox 1722 2969 1818 3038; x_wconf 78' lang='lat' dir='ltr'>pis.</span> <span class='ocrx_word' id='word_1_374' title='bbox 1893 2969 2151 3035; x_wconf 78' lang='lat' dir='ltr'>sorder03</span> <span class='ocrx_word' id='word_1_375' title='bbox 2243 2967 2594 3036; x_wconf 85' lang='lat' dir='ltr'>superiorem</span> <span class='ocrx_word' id='word_1_376' title='bbox 2669 2972 2896 3035; x_wconf 64' lang='lat' dir='ltr'>purtem</span> 
     </span>
     <span class='ocr_line' id='line_1_67' title="bbox 1721 3037 2894 3107; baseline -0.002 -13"><span class='ocrx_word' id='word_1_377' title='bbox 1721 3040 1910 3094; x_wconf 79' lang='lat' dir='ltr'>avium</span> <span class='ocrx_word' id='word_1_378' title='bbox 1969 3045 2026 3095; x_wconf 82' lang='lat' dir='ltr'>et</span> <span class='ocrx_word' id='word_1_379' title='bbox 2085 3039 2330 3094; x_wconf 75' lang='lat' dir='ltr'>altilium</span> <span class='ocrx_word' id='word_1_380' title='bbox 2393 3039 2492 3107; x_wconf 88' lang='lat' dir='ltr'>qui</span> <span class='ocrx_word' id='word_1_381' title='bbox 2553 3037 2742 3104; x_wconf 81' lang='lat' dir='ltr'>edint,</span> <span class='ocrx_word' id='word_1_382' title='bbox 2801 3055 2894 3092; x_wconf 81' lang='lat' dir='ltr'>eos</span> 
     </span>
     <span class='ocr_line' id='line_1_68' title="bbox 1719 3111 2897 3181; baseline -0.001 -16"><span class='ocrx_word' id='word_1_383' title='bbox 1719 3111 1976 3181; x_wconf 71' lang='lat' dir='ltr'>palatum</span> <span class='ocrx_word' id='word_1_384' title='bbox 2021 3129 2134 3166; x_wconf 88' lang='lat' dir='ltr'>non</span> <span class='ocrx_word' id='word_1_385' title='bbox 2179 3111 2438 3164; x_wconf 77' lang='lat' dir='ltr'>hebere.“</span> <span class='ocrx_word' id='word_1_386' title='bbox 2487 3137 2556 3150; x_wconf 89' lang='lat'><em>-</em></span> <span class='ocrx_word' id='word_1_387' title='bbox 2603 3124 2812 3164; x_wconf 73' lang='lat' dir='ltr'>musas</span> <span class='ocrx_word' id='word_1_388' title='bbox 2847 3115 2897 3164; x_wconf 74' lang='lat' dir='ltr'>et</span> 
     </span>
     <span class='ocr_line' id='line_1_69' title="bbox 1719 3179 2898 3251; baseline -0.002 -15"><span class='ocrx_word' id='word_1_389' title='bbox 1719 3181 1980 3251; x_wconf 71' lang='lat' dir='ltr'>naturas]</span> <span class='ocrx_word' id='word_1_390' title='bbox 2036 3182 2238 3237; x_wconf 79' lang='lat' dir='ltr'>Omnis.</span> <span class='ocrx_word' id='word_1_391' title='bbox 2288 3181 2390 3235; x_wconf 84' lang='lat' dir='ltr'>illa.</span> <span class='ocrx_word' id='word_1_392' title='bbox 2439 3179 2654 3247; x_wconf 73' lang='lat' dir='ltr'>edulia,</span> <span class='ocrx_word' id='word_1_393' title='bbox 2707 3181 2898 3250; x_wconf 75' lang='lat' dir='ltr'>inquit</span> 
     </span>
     <span class='ocr_line' id='line_1_70' title="bbox 1719 3251 2896 3322; baseline -0.002 -16"><span class='ocrx_word' id='word_1_394' title='bbox 1719 3253 2062 3322; x_wconf 65' lang='lat' dir='ltr'>Fundanius,</span> <span class='ocrx_word' id='word_1_395' title='bbox 2101 3253 2238 3308; x_wconf 76' lang='lat' dir='ltr'>satis</span> <span class='ocrx_word' id='word_1_396' title='bbox 2280 3253 2427 3307; x_wconf 75' lang='lat' dir='ltr'>bone</span> <span class='ocrx_word' id='word_1_397' title='bbox 2463 3251 2734 3314; x_wconf 74' lang='lat' dir='ltr'>fuissent,</span> <span class='ocrx_word' id='word_1_398' title='bbox 2787 3252 2896 3304; x_wconf 85' lang='lat' dir='ltr'>nisi</span> 
     </span>
     <span class='ocr_line' id='line_1_71' title="bbox 1721 3322 2894 3395; baseline -0.002 -15"><span class='ocrx_word' id='word_1_399' title='bbox 1721 3341 1892 3380; x_wconf 72' lang='lat' dir='ltr'>cenae</span> <span class='ocrx_word' id='word_1_400' title='bbox 1949 3330 2113 3395; x_wconf 79' lang='lat' dir='ltr'>pater</span> <span class='ocrx_word' id='word_1_401' title='bbox 2178 3325 2382 3378; x_wconf 85' lang='lat' dir='ltr'>iterum</span> <span class='ocrx_word' id='word_1_402' title='bbox 2447 3322 2740 3378; x_wconf 81' lang='lat' dir='ltr'>docuisset</span> <span class='ocrx_word' id='word_1_403' title='bbox 2797 3341 2894 3378; x_wconf 85' lang='lat' dir='ltr'>cur</span> 
     </span>
     <span class='ocr_line' id='line_1_72' title="bbox 1722 3393 2895 3464; baseline -0.001 -15"><span class='ocrx_word' id='word_1_404' title='bbox 1722 3412 1975 3464; x_wconf 76' lang='lat' dir='ltr'>quaeque</span> <span class='ocrx_word' id='word_1_405' title='bbox 2023 3414 2111 3450; x_wconf 87' lang='lat' dir='ltr'>res</span> <span class='ocrx_word' id='word_1_406' title='bbox 2167 3395 2272 3450; x_wconf 76' lang='lat' dir='ltr'>hac</span> <span class='ocrx_word' id='word_1_407' title='bbox 2319 3393 2559 3460; x_wconf 74' lang='lat' dir='ltr'>ratione,</span> <span class='ocrx_word' id='word_1_408' title='bbox 2607 3413 2726 3448; x_wconf 88' lang='lat' dir='ltr'>non</span> <span class='ocrx_word' id='word_1_409' title='bbox 2765 3395 2895 3462; x_wconf 66' lang='lat' dir='ltr'>elis,</span> 
     </span>
     <span class='ocr_line' id='line_1_73' title="bbox 1763 3469 2898 3536; baseline 0 -16"><span class='ocrx_word' id='word_1_410' title='bbox 1763 3471 1924 3521; x_wconf 75' lang='lat' dir='ltr'>arete.</span> <span class='ocrx_word' id='word_1_411' title='bbox 1959 3472 2119 3534; x_wconf 81' lang='lat' dir='ltr'>esset,</span> <span class='ocrx_word' id='word_1_412' title='bbox 2156 3484 2323 3536; x_wconf 89' lang='lat' dir='ltr'>quem</span> <span class='ocrx_word' id='word_1_413' title='bbox 2351 3469 2586 3536; x_wconf 73' lang='lat' dir='ltr'>gustum</span> <span class='ocrx_word' id='word_1_414' title='bbox 2625 3483 2898 3520; x_wconf 78' lang='lat' dir='ltr'>sucumve</span> 
     </span>
     <span class='ocr_line' id='line_1_74' title="bbox 1719 3485 2893 3607; baseline 0 -15"><span class='ocrx_word' id='word_1_415' title='bbox 1719 3485 1972 3606; x_wconf 57' lang='lat' dir='ltr'>Baboret,</span> <span class='ocrx_word' id='word_1_416' title='bbox 2013 3537 2234 3592; x_wconf 79' lang='lat' dir='ltr'>similia.</span> <span class='ocrx_word' id='word_1_417' title='bbox 2281 3565 2345 3577; x_wconf 92' lang='lat'>-—</span> <span class='ocrx_word' id='word_1_418' title='bbox 2396 3536 2673 3607; x_wconf 71' lang='lat' dir='ltr'>Canidia]</span> <span class='ocrx_word' id='word_1_419' title='bbox 2712 3537 2893 3606; x_wconf 86' lang='lat' dir='ltr'>Epod.</span> 
     </span>
     <span class='ocr_line' id='line_1_75' title="bbox 1722 3607 2894 3680; baseline -0.001 -17"><span class='ocrx_word' id='word_1_420' title='bbox 1722 3613 1772 3663; x_wconf 84' lang='lat'>5.</span> <span class='ocrx_word' id='word_1_421' title='bbox 1818 3610 1899 3662; x_wconf 85' lang='grc'>17.</span> <span class='ocrx_word' id='word_1_422' title='bbox 1973 3607 2087 3664; x_wconf 81' lang='lat' dir='ltr'>Sat.</span> <span class='ocrx_word' id='word_1_423' title='bbox 2124 3609 2169 3670; x_wconf 93' lang='grc' dir='ltr'>Ι,</span> <span class='ocrx_word' id='word_1_424' title='bbox 2207 3608 2257 3662; x_wconf 89' lang='lat'>8.</span> <span class='ocrx_word' id='word_1_425' title='bbox 2310 3637 2374 3648; x_wconf 89' lang='lat'>-—</span> <span class='ocrx_word' id='word_1_426' title='bbox 2431 3607 2730 3680; x_wconf 70' lang='lat' dir='ltr'>adflaeset]</span> <span class='ocrx_word' id='word_1_427' title='bbox 2769 3627 2894 3663; x_wconf 83' lang='lat' dir='ltr'>cum</span> 
     </span>
     <span class='ocr_line' id='line_1_76' title="bbox 1721 3677 2898 3748; baseline -0.001 -16"><span class='ocrx_word' id='word_1_428' title='bbox 1721 3679 1932 3748; x_wconf 72' lang='lat' dir='ltr'>dative,</span> <span class='ocrx_word' id='word_1_429' title='bbox 1974 3685 2040 3734; x_wconf 84' lang='lat' dir='ltr'>ut</span> <span class='ocrx_word' id='word_1_430' title='bbox 2088 3679 2296 3734; x_wconf 88' lang='lat' dir='ltr'>Tibull.</span> <span class='ocrx_word' id='word_1_431' title='bbox 2333 3677 2408 3738; x_wconf 82' lang='lat'>11.</span> <span class='ocrx_word' id='word_1_432' title='bbox 2448 3679 2497 3738; x_wconf 87' lang='lat'>1,</span> <span class='ocrx_word' id='word_1_433' title='bbox 2533 3681 2636 3732; x_wconf 78' lang='lat'>80:</span> <span class='ocrx_word' id='word_1_434' title='bbox 2699 3679 2898 3747; x_wconf 84' lang='lat' dir='ltr'>„Felix</span> 
     </span>
     <span class='ocr_line' id='line_1_77' title="bbox 1721 3749 2894 3820; baseline -0.002 -12"><span class='ocrx_word' id='word_1_435' title='bbox 1721 3752 1810 3808; x_wconf 80' lang='lat' dir='ltr'>cui</span> <span class='ocrx_word' id='word_1_436' title='bbox 1858 3750 2110 3820; x_wconf 79' lang='lat' dir='ltr'>placidus</span> <span class='ocrx_word' id='word_1_437' title='bbox 2167 3751 2370 3804; x_wconf 78' lang='lat' dir='ltr'>leniter</span> <span class='ocrx_word' id='word_1_438' title='bbox 2427 3749 2612 3804; x_wconf 74' lang='lat' dir='ltr'>adflat</span> <span class='ocrx_word' id='word_1_439' title='bbox 2661 3752 2894 3806; x_wconf 80' lang='lat' dir='ltr'>Amor.“</span> 
     </span>
     <span class='ocr_line' id='line_1_78' title="bbox 1721 3820 2896 3892; baseline -0.003 -14"><span class='ocrx_word' id='word_1_440' title='bbox 1721 3823 1887 3892; x_wconf 82' lang='lat' dir='ltr'>Verg.</span> <span class='ocrx_word' id='word_1_441' title='bbox 1927 3827 2062 3876; x_wconf 78' lang='lat' dir='ltr'>Aen.</span> <span class='ocrx_word' id='word_1_442' title='bbox 2103 3821 2148 3883; x_wconf 88' lang='lat'>1,</span> <span class='ocrx_word' id='word_1_443' title='bbox 2191 3825 2312 3876; x_wconf 87' lang='grc'><strong>591.</strong></span> <span class='ocrx_word' id='word_1_444' title='bbox 2354 3820 2466 3875; x_wconf 90' lang='lat' dir='ltr'>Cic.</span> <span class='ocrx_word' id='word_1_445' title='bbox 2505 3821 2648 3876; x_wconf 86' lang='lat' dir='ltr'>Her.</span> <span class='ocrx_word' id='word_1_446' title='bbox 2676 3822 2776 3890; x_wconf 82' lang='lat' dir='ltr'>IV,</span> <span class='ocrx_word' id='word_1_447' title='bbox 2799 3825 2896 3876; x_wconf 80' lang='lat'>49:</span> 
     </span>
     <span class='ocr_line' id='line_1_79' title="bbox 1723 3893 2894 3963; baseline -0.003 -14"><span class='ocrx_word' id='word_1_448' title='bbox 1723 3893 1818 3962; x_wconf 87' lang='lat' dir='ltr'>„Si</span> <span class='ocrx_word' id='word_1_449' title='bbox 1857 3911 2022 3962; x_wconf 88' lang='lat' dir='ltr'>quem</span> <span class='ocrx_word' id='word_1_450' title='bbox 2057 3893 2307 3963; x_wconf 77' lang='lat' dir='ltr'>reperiet</span> <span class='ocrx_word' id='word_1_451' title='bbox 2355 3893 2446 3946; x_wconf 83' lang='lat' dir='ltr'>cui</span> <span class='ocrx_word' id='word_1_452' title='bbox 2493 3893 2724 3962; x_wconf 69' lang='lat' dir='ltr'>aliquid</span> <span class='ocrx_word' id='word_1_453' title='bbox 2761 3895 2894 3948; x_wconf 70' lang='lat' dir='ltr'>meli</span> 
     </span>
     <span class='ocr_line' id='line_1_80' title="bbox 1720 3963 2894 4034; baseline 0 -14"><span class='ocrx_word' id='word_1_454' title='bbox 1720 3965 1977 4021; x_wconf 71' lang='lat' dir='ltr'>faucibus</span> <span class='ocrx_word' id='word_1_455' title='bbox 2023 3963 2233 4018; x_wconf 79' lang='lat' dir='ltr'>adflare</span> <span class='ocrx_word' id='word_1_456' title='bbox 2283 3963 2517 4033; x_wconf 81' lang='lat' dir='ltr'>possit.“</span> <span class='ocrx_word' id='word_1_457' title='bbox 2581 3995 2651 4004; x_wconf 89' lang='lat'>-</span> <span class='ocrx_word' id='word_1_458' title='bbox 2717 3965 2894 4034; x_wconf 71' lang='lat' dir='ltr'>Afri-s]</span> 
     </span>
     <span class='ocr_line' id='line_1_81' title="bbox 1723 4033 2896 4106; baseline -0.002 -14"><span class='ocrx_word' id='word_1_459' title='bbox 1723 4037 1902 4092; x_wconf 75' lang='lat' dir='ltr'>carm.</span> <span class='ocrx_word' id='word_1_460' title='bbox 1951 4035 2052 4103; x_wconf 85' lang='lat'><strong>111,</strong></span> <span class='ocrx_word' id='word_1_461' title='bbox 2094 4037 2176 4103; x_wconf 88' lang='grc'>10,</span> <span class='ocrx_word' id='word_1_462' title='bbox 2220 4037 2302 4090; x_wconf 89' lang='grc'>18.</span> <span class='ocrx_word' id='word_1_463' title='bbox 2383 4033 2470 4090; x_wconf 90' lang='lat' dir='ltr'>De</span> <span class='ocrx_word' id='word_1_464' title='bbox 2531 4037 2896 4106; x_wconf 71' lang='lat' dir='ltr'>serpentibus</span> 
     </span>
     <span class='ocr_line' id='line_1_82' title="bbox 1721 4105 2896 4178; baseline -0.001 -17"><span class='ocrx_word' id='word_1_465' title='bbox 1721 4107 1876 4162; x_wconf 82' lang='lat' dir='ltr'>Afris</span> <span class='ocrx_word' id='word_1_466' title='bbox 1917 4105 2124 4161; x_wconf 74' lang='lat' dir='ltr'>Lucan.</span> <span class='ocrx_word' id='word_1_467' title='bbox 2170 4105 2276 4174; x_wconf 86' lang='lat' dir='ltr'>IX,</span> <span class='ocrx_word' id='word_1_468' title='bbox 2313 4106 2419 4160; x_wconf 81' lang='lat'>614</span> <span class='ocrx_word' id='word_1_469' title='bbox 2459 4125 2619 4176; x_wconf 87' lang='lat' dir='ltr'>sqq.:</span> <span class='ocrx_word' id='word_1_470' title='bbox 2681 4107 2896 4178; x_wconf 70' lang='lat' dir='ltr'>„Noxia</span> 
     </span>
     <span class='ocr_line' id='line_1_83' title="bbox 1721 4177 2892 4250; baseline 0 -16"><span class='ocrx_word' id='word_1_471' title='bbox 1721 4184 2044 4247; x_wconf 84' lang='lat' dir='ltr'>serpentum</span> <span class='ocrx_word' id='word_1_472' title='bbox 2081 4181 2166 4232; x_wconf 81' lang='lat' dir='ltr'>est</span> <span class='ocrx_word' id='word_1_473' title='bbox 2195 4177 2450 4232; x_wconf 75' lang='lat' dir='ltr'>admixto</span> <span class='ocrx_word' id='word_1_474' title='bbox 2482 4180 2768 4250; x_wconf 66' lang='lat' dir='ltr'>sanguine</span> <span class='ocrx_word' id='word_1_475' title='bbox 2805 4197 2892 4248; x_wconf 86' lang='lat' dir='ltr'>pe·</span> 
     </span>
     <span class='ocr_line' id='line_1_84' title="bbox 1722 4247 2892 4306; baseline 0.002 -2"><span class='ocrx_word' id='word_1_476' title='bbox 1722 4249 1847 4304; x_wconf 86' lang='lat' dir='ltr'>stis:</span> <span class='ocrx_word' id='word_1_477' title='bbox 1909 4247 2102 4302; x_wconf 82' lang='lat' dir='ltr'>Morsu</span> <span class='ocrx_word' id='word_1_478' title='bbox 2146 4249 2300 4303; x_wconf 81' lang='lat' dir='ltr'>virus</span> <span class='ocrx_word' id='word_1_479' title='bbox 2335 4249 2558 4306; x_wconf 69' lang='lat' dir='ltr'>habent</span> <span class='ocrx_word' id='word_1_480' title='bbox 2605 4256 2666 4306; x_wconf 84' lang='lat' dir='ltr'>et</span> <span class='ocrx_word' id='word_1_481' title='bbox 2713 4251 2892 4306; x_wconf 73' lang='lat' dir='ltr'>fatum</span> 
     </span>
     <span class='ocr_line' id='line_1_85' title="bbox 1721 4320 2263 4376; baseline -0.006 0"><span class='ocrx_word' id='word_1_482' title='bbox 1721 4322 1889 4376; x_wconf 82' lang='lat' dir='ltr'>dente</span> <span class='ocrx_word' id='word_1_483' title='bbox 1926 4320 2263 4375; x_wconf 79' lang='lat' dir='ltr'>minantur.“</span> 
     </span>
    </p>
   </div>
   <div class='ocr_carea' id='block_1_6' title="bbox 1478 4561 1850 4570">
    <p class='ocr_par' dir='ltr' id='par_1_8' title="bbox 1478 4561 1850 4570">
     <span class='ocr_line' id='line_1_86' title="bbox 1478 4561 1850 4570; baseline 0 489"><span class='ocrx_word' id='word_1_484' title='bbox 1478 4561 1850 4570; x_wconf 95' lang='lat' dir='ltr'> </span> 
     </span>
    </p>
   </div>
  </div>
 </body>
</html>
