3092 5059
1691 0 1778 21 Ι

1048 266 1170 334 DE
1209 263 1439 333 ARTE
1482 261 1876 332 POETIGA.

2541 259 2664 328 635

374 454 561 530 Mox
615 455 839 530 etiam
897 468 1238 554 agrestes
1290 453 1604 550 Satyros
1655 449 1980 528 nudavit
2021 461 2095 526 et
2144 474 2370 550 asper

374 578 755 655 Incolumi
816 580 1191 678 gravitate
1240 580 1493 654 iocum
1544 577 1869 653 tentavit
1919 601 2032 672 ec,
2089 573 2298 674 quod

372 703 791 781 Inlecebris
837 718 1001 781 erat
1052 717 1129 781 et
1178 717 1401 802 grata
1450 703 1788 779 novitate
1839 700 2254 778 morandus

377 827 777 928 Spectator
828 831 1291 929 functusque
1340 830 1572 905 sacris
1626 841 1700 905 et
1747 840 1971 926 potus
2025 838 2102 902 et
2151 824 2393 902 exlex.

279 987 355 1026 επ
377 953 671 1031 Verum
724 955 834 1030 ita
881 954 1187 1049 risores,
1240 955 1345 1030 ita
1396 952 1935 1030 commendare
1989 951 2291 1028 dicaces

376 1079 805 1158 Conveniet
854 1077 1189 1178 Satyros,
1249 1080 1358 1156 ita
1409 1092 1710 1155 vertere
1760 1080 1958 1156 seria
2009 1077 2220 1174 ludo,

374 1203 491 1279 Ne
544 1205 1012 1304 quicumque
1064 1207 1276 1303 deus,
1333 1207 1800 1306 quicumque
1848 1203 2343 1280 adhibebitur
2393 1202 2642 1298 heros,

372 1327 645 1425 Regali
695 1345 1145 1428 conspectus
1198 1331 1277 1404 in
1330 1355 1517 1406 auro
1574 1355 1822 1429 nuper
1877 1341 1952 1406 et
2003 1341 2234 1424 ostro,

270 1451 275 1456 ’
376 1452 669 1551 Migret
716 1453 795 1528 in
851 1457 1216 1531 obscuras
1268 1454 1542 1529 humili
1594 1478 1950 1530 sermone
2003 1453 2382 1550 tabernas,

275 1611 351 1652 ιω
375 1577 556 1672 Aut,
612 1577 793 1654 dum
844 1579 1036 1655 vitat
1086 1580 1428 1677 humum,
1482 1579 1724 1655 nubes
1778 1590 1852 1653 et
1903 1578 2161 1654 inania
2211 1590 2487 1675 captet.

376 1703 699 1780 Effutire
748 1704 959 1781 leves
1008 1705 1332 1803 indigna
1381 1704 1784 1803 tragoedia
1835 1729 2123 1799 versus,

373 1827 483 1906 Ut
530 1829 747 1906 festis
792 1841 1145 1906 matrona
1195 1831 1491 1906 moveri
1540 1830 1747 1906 iussa
1797 1828 2089 1926 diebus,

372 1953 735 2030 Intererit
786 1953 1072 2055 Satyris
1126 1953 1443 2051 paulum
1494 1952 1954 2054 pudibunda
2002 1951 2407 2049 protervis.

372 2079 553 2156 Non
599 2104 744 2178 ego
798 2080 1151 2156 inornata
1198 2095 1277 2157 et
1328 2079 1804 2155 dominantia
1852 2079 2168 2154 nomina
2211 2076 2462 2152 solum

276 2239 351 2281 επ
372 2204 813 2304 Verbaque,
863 2204 1207 2301 Pisones,
1261 2203 1705 2304 Satyrorum
1763 2202 2092 2302 scriptor
2140 2201 2418 2278 amabo

372 2329 538 2405 Nec
590 2329 700 2404 sic
745 2328 991 2404 enitar
1040 2330 1332 2426 tragico
1388 2329 1703 2405 differre
1757 2325 2020 2420 colori,

371 2453 483 2532 Ut
534 2453 723 2529 nihil
778 2455 1098 2552 intersit,
1154 2455 1514 2530 Davusne
1566 2452 1928 2556 loquatur
1971 2466 2049 2528 et
2098 2451 2344 2528 audax

274 2679 419 2745 ferre
471 2683 815 2738 conarentur.
871 2696 1184 2749 quanquam
1242 2680 1432 2736 Orellii

280 2750 471 2818 opinio
507 2750 699 2819 paullo
734 2751 1007 2807 audacior
1040 2751 1257 2807 videtur
1294 2753 1430 2820 „hoc

275 2821 457 2890 ipsum
490 2837 660 2891 yenus
692 2822 883 2890 fuisse,
918 2823 981 2877 in
1014 2839 1117 2892 quo
1152 2825 1430 2880 elaborare

277 2892 384 2948 sibi
415 2894 763 2962 proposuerit
791 2896 969 2950 maior
987 2895 1275 2963 Pisonum,
1310 2911 1429 2950 eum

275 2980 331 3018 se
362 2964 486 3030 fore
519 2979 767 3034 sperans,
814 2967 912 3034 qui
943 2968 1167 3036 patrias
1214 2967 1431 3022 litteras

277 3034 485 3090 ditaret
506 3051 747 3104 novaque
766 3038 947 3107 yloria
970 3037 1269 3104 adficeretf‘
1308 3039 1429 3094 No-

278 3106 512 3161 tandum
546 3112 625 3160 est
658 3107 803 3176 quod
826 3110 979 3177 apud
997 3109 1427 3180 Porphyrionem

278 3178 413 3246 (non
430 3177 725 3261 Aaronem)
748 3179 970 3250 leyitur:
997 3180 1287 3250 ,flat-urica
1312 3198 1428 3237 coe-

270 3255 477 3316 perunt
530 3251 762 3304 scribere
804 3256 868 3305 ut
916 3251 1243 3321 Pomponius
1289 3253 1427 3308 Ata-

276 3321 475 3376 lantem
496 3322 581 3376 vel
596 3319 869 3392 Sisyphon
890 3323 971 3377 vel
988 3323 1330 3379 Ariadnen.“
1356 3326 1431 3380 In

280 3391 523 3461 satyrico
572 3397 751 3448 autem
800 3393 1048 3450 dramate
1086 3395 1149 3449 id
1196 3396 1431 3450 maoeirne

276 3462 581 3518 curandum
617 3479 729 3518 esse
755 3463 921 3528 docet,
958 3471 1023 3520 ut
1055 3472 1258 3521 rectum
1290 3467 1431 3522 mad

280 3534 525 3588 ordinem
563 3539 615 3588 et
652 3535 829 3590 locum
862 3537 1101 3592 obtineat
1137 3538 1281 3593 inter
1314 3544 1429 3593 tra·

274 3605 525 3674 yoediam
549 3611 599 3660 et
616 3605 955 3676 comoediam,
979 3608 1029 3663 h.
1055 3625 1097 3663 e.
1118 3609 1430 3679 cavendum,

277 3692 345 3731 m
377 3677 557 3732 oratio
593 3693 875 3747 rerumque
913 3679 1207 3750 descriptio
1244 3681 1317 3734 ad
1352 3682 1429 3736 al·

277 3747 465 3802 tiorem
516 3749 857 3818 tragoediam
904 3751 1167 3812 ascendat
1212 3757 1311 3806 aut
1357 3753 1432 3808 ad

280 3819 645 3876 demissiorem
697 3821 1021 3878 comoediam
1076 3821 1430 3892 deprimatur.

280 3889 574 3946 Raeterea
597 3891 831 3960 artificis
853 3911 965 3949 esse
989 3894 1053 3949 in
1088 3896 1188 3950 hoc
1224 3911 1435 3965 quoque

250 3976 469 4044 venere
514 3963 830 4047 notissimas
874 3982 961 4021 res
1006 3966 1281 4036 simulari
1316 3967 1431 4021 exi-

279 4049 423 4158 m250.
429 4040 1434 4181 “0-'⁰..‘0·⁰’5.‘;..‘.t;‘‚?f“;⁶...35·.3235.,

282 4177 430 4258 unde
486 4177 778 4246 τραγῳδία.
837 4209 902 4219 -
960 4181 1205 4251 nudavit]
1254 4182 1433 4236 nudos

280 4249 609 4374 {assat}
642 4253 897 4377 senze
940 4252 1161 4336 ”””
1208 4253 1433 4379 ’ἐπ’

768 4340 803 4376 n
950 4341 988 4378 1.
1018 4341 1067 4378 e.
1104 4341 1295 4378 mvem
1324 4367 1336 4378 .
1364 4353 1431 4364 —

281 4389 536 4446 ineolumi
588 4394 879 4475 qrwitate]
900 4363 914 4390 '
932 4395 1165 4450 deorum
1227 4401 1285 4450 et
1338 4396 1431 4450 he-

281 4478 491 4590 {aba}
512 4481 609 4532 qm
644 4465 1174 4607 unaaecgiaitnbgatyris·
1210 4467 1434 4522 induce-

495 4574 509 4586 .
572 4563 635 4574 -
1118 4555 1177 4592 un
1223 4545 1434 4608 specta-

283 4608 375 4660 tor
440 4551 761 4664 veniemw
770 4613 903 4680 post
961 4555 1261 4680 sac'r‘ilficia,
1320 4611 1436 4666 iam

1521 2699 1775 2750 pransus,
1815 2682 1924 2735 iam
1965 2677 2248 2749 potatus.“
2286 2679 2453 2731 Acro.
2483 2705 2550 2716 —
2587 2675 2673 2731 di-

1519 2753 1692 2822 caces]
1747 2751 1980 2820 Quintil.
2023 2749 2116 2818 VI,
2164 2753 2216 2817 3,
2262 2750 2362 2804 21:
2421 2747 2674 2817 „Dicaci-

1520 2830 1609 2878 tas
1645 2823 1764 2877 sine
1804 2823 1978 2878 dubio
2013 2841 2048 2876 s.
2095 2821 2349 2884 dicendo,
2398 2820 2548 2889 quod
2589 2824 2674 2875 est

1520 2895 1674 2950 omni
1727 2895 1920 2966 generi
1979 2910 2286 2960 commune,
2339 2892 2508 2947 ducta
2562 2895 2672 2946 est:

1518 2967 1750 3036 proprie
1797 2971 1987 3021 tamen
2035 2964 2315 3035 significat
2361 2979 2674 3018 sermonem

1521 3055 1648 3094 cum
1695 3039 1810 3092 risu
1864 3036 2080 3106 aliquos
2131 3035 2548 3090 incessentem.“
2603 3063 2670 3074 --

1519 3111 1667 3165 seria
1705 3108 1852 3178 ludo]
1889 3107 2214 3178 tragoediae
2238 3107 2552 3162 immiscere
2587 3123 2670 3161 sa-

1520 3182 1764 3249 tyricum
1803 3197 1978 3252 genus
2013 3179 2051 3234 i.
2089 3197 2135 3233 e.
2181 3174 2396 3249 μύθους
2440 3177 2673 3249 tragicis

1520 3252 1745 3308 adfines.
1797 3281 1861 3292 -
1916 3268 1958 3304 n
2037 3251 2115 3320 er]
2165 3266 2304 3320 „pro
2351 3251 2582 3304 notione
2617 3249 2673 3304 h.

1522 3343 1576 3379 v.
1619 3267 2108 3393 inter-protanam
2145 3327 2252 3376 est:
2304 3321 2452 3376 idem
2496 3321 2555 3374 di
2594 3325 2675 3375 at-

1524 3413 1632 3465 que
1669 3396 1883 3464 heroes,
1930 3394 2028 3463 qui
2075 3395 2133 3448 in
2169 3393 2477 3463 tragoediis
2510 3409 2676 3462 saepe

1522 3485 1654 3522 cons
1698 3467 1833 3535 soti,
1909 3465 2186 3521 notissimi
2256 3464 2419 3519 nobis
2491 3463 2676 3518 sunt.“

1525 3538 1658 3594 Orel
1682 3540 1782 3594 ius.
1823 3567 1888 3578 -
1929 3537 2074 3605 {leves
2105 3535 2316 3605 versus]
2357 3535 2550 3604 quales
2586 3551 2674 3589 eo·

1524 3610 1798 3665 moediam
1841 3611 2066 3678 deosnt3
2104 3607 2399 3678 tragoedia
2435 3606 2489 3660 h.
2527 3606 2566 3659 l.
2603 3606 2675 3660 si-

1523 3682 1756 3750 gnifieat
1791 3699 2056 3752 personas
2083 3678 2327 3749 tragicas
2350 3678 2410 3731 in
2433 3678 2675 3742 satyrico

1523 3755 1794 3808 dramate.
1831 3754 1916 3808 De
1954 3751 2368 3808 constructione
2403 3749 2476 3804 cf.
2495 3747 2675 3818 Epist.

1523 3826 1570 3893 Ι,
1607 3828 1659 3893 3,
1697 3827 1784 3880 35.
1849 3855 1914 3866 --
1973 3823 2254 3890 matrona]
2304 3820 2484 3888 „Sunt
2528 3821 2676 3874 enim

1526 3897 1801 3966 quaedam
1855 3911 2032 3963 sacra,
2087 3895 2147 3948 in
2203 3893 2407 3962 quibus
2467 3892 2678 3946 saltant

1524 3972 1833 4030 matronae,
1871 3968 2017 4023 sicut
2043 3967 2104 4020 in
2127 3965 2300 4019 osefis
2326 3962 2524 4018 matris
2546 3962 2675 4018 deo-

1524 4041 1706 4094 rum.“
1741 4041 1904 4094 Acro.
1945 4067 2011 4078 —
2048 4036 2270 4106 moveri]
2307 4035 2378 4091 of.
2397 4035 2577 4105 Epist.
2601 4033 2674 4099 Π,

1524 4113 1588 4174 2,
1649 4111 1768 4165 125.
1832 4141 1898 4150 -
1976 4107 2346 4178 dominantia]
2415 4107 2679 4176 „nomina

1526 4200 1670 4252 quae
1716 4183 1960 4252 propriis
2011 4179 2295 4236 vocabulis
2353 4195 2678 4247 nuncupan-

1525 4260 1640 4322 tur,
1675 4259 1742 4308 ut
1767 4253 1910 4322 libri,
1949 4267 2136 4322 capsa,
2171 4267 2248 4320 pa
2295 4250 2436 4304 ’na.“
2469 4249 2677 4319 Porph.

1527 4325 1669 4380 Sunt
1691 4318 1866 4394 κύρια,
1889 4323 2226 4395 eigentliche
2295 4337 2678 4392 enennungen.

1529 4397 1640 4452 Cio.
1679 4397 1750 4452 de
1787 4397 1942 4452 Orat.
1979 4396 2080 4463 111,
2117 4397 2203 4463 37,
2246 4395 2371 4448 149:
2411 4393 2678 4462 „propria

1526 4473 1660 4524 sunt
1695 4473 1752 4524 et
1786 4473 1941 4523 certa
1984 4467 2143 4538 quasi
2179 4465 2452 4521 voeabula
2487 4477 2678 4518 rernm

1526 4557 1706 4610 paene
1749 4557 1862 4594 una
1913 4545 2050 4594 nata
2104 4555 2229 4594 cum
2275 4536 2442 4592 rebus
2487 4535 2676 4606 ipsis.“

1530 4641 1597 4652 —-
1635 4627 1750 4668 non
1784 4611 1896 4684 eqo]
1933 4612 1982 4668 si
2016 4627 2122 4685 ego
2160 4609 2384 4668 fabulas
2407 4608 2679 4681 satyrio-s
