3092 5059
395 231 522 298 356

442 485 447 490 .
496 419 965 496 Immiscere.

497 543 629 620 Nil
678 543 971 621 referre
1022 546 1292 644 putas?

1351 228 1857 298 SATIRARUM

1069 419 1234 494 Tuo
1288 419 1480 494 vitio
1531 443 1892 496 rerumne
1940 416 2270 508 labores,

1397 543 1657 638 Quare
1704 569 1804 620 ne
1856 543 2245 639 paeniteat
2293 554 2394 637 te,

497 670 780 746 Desine
829 681 1219 745 matronas
1265 669 1655 759 sectarier,
1708 668 1915 744 unde
1964 667 2253 743 laboris

497 793 680 869 Plus
727 794 1036 871 haurire
1077 793 1262 870 mali
1307 806 1422 870 est
1467 819 1701 894 quam
1745 819 1841 869 ex
1881 819 1969 868 re
2015 792 2436 890 decerpere
2476 790 2801 868 fructus.

415 955 468 996 so
499 920 660 996 Nec
709 921 961 1019 magis
1013 919 1195 995 huic
1244 919 1447 995 inter
1507 920 1776 996 niveos
1828 918 2269 1017 viridesque
2316 915 2650 1017 lapillos,
2720 956 2791 968 —

501 1043 618 1122 Sit
629 1045 811 1122 licet
828 1044 1837 1140 hoc,Cerinthe,tuum,-ten
1845 1068 2064 1119 erum
2078 1055 2191 1118 est
2207 1043 2464 1118 femur
2480 1052 2613 1116 aut
2626 1065 2805 1116 crus

501 1171 827 1268 Rectius,
875 1183 1108 1258 atquo
1161 1169 1392 1247 etiam
1441 1168 1715 1245 melius
1766 1193 2139 1267 persaepe
2184 1179 2491 1266 togatae
2541 1181 2678 1242 est.

502 1295 734 1374 Adde
789 1296 938 1374 huc
994 1296 1204 1396 quod
1257 1319 1592 1372 mercem
1644 1294 1808 1370 sine
1860 1293 2061 1368 fucis
2112 1305 2382 1392 gestat,
2436 1303 2703 1392 aperte

504 1420 735 1512 Quod
779 1419 1055 1497 venale
1108 1418 1344 1495 habet
1381 1417 1735 1514 ostendit,
1790 1443 1933 1494 nec
1990 1418 2054 1493 si
2098 1418 2287 1518 quid
2337 1418 2641 1494 honesti
2690 1423 2811 1494 est

417 1573 468 1616 ss
506 1545 756 1620 Iactat
804 1545 1192 1643 habetque
1243 1542 1524 1643 palam,
1581 1544 1881 1644 quaerit
1927 1569 2082 1644 quo
2130 1546 2391 1642 turpia
2442 1543 2662 1620 celet.

506 1671 846 1770 Regibus
899 1671 1024 1746 hic
1075 1696 1241 1746 mos
1297 1681 1432 1764 est,
1488 1668 1627 1744 ubi
1674 1694 1913 1769 equos
1964 1683 2443 1746 mercantur:
2498 1683 2808 1768 opertos

501 1794 952 1898 Inspiciunt,
1005 1821 1125 1893 ne,
1179 1795 1245 1870 si
1295 1794 1530 1871 facies
1586 1807 1670 1870 ut
1722 1820 1954 1892 saepe
2005 1794 2289 1872 decora

505 1919 731 1996 Molli
782 1920 976 1996 fulta
1024 1919 1226 2019 pede
1279 1931 1413 2016 est,
1467 1931 1899 2018 emptorem
1943 1919 2262 1996 inducat
2309 1919 2675 2014 hiantem,

510 2043 740 2136 Quod
769 2045 1138 2145 pulchrae
1167 2044 1447 2141 clunes,
1487 2044 1723 2122 breve
1746 2045 1955 2145 quod
1978 2058 2229 2145 caput,
2258 2045 2503 2122 ardua
2524 2044 2808 2121 cervix·

423 2207 474 2248 90
511 2171 686 2246 Hoc
738 2170 856 2246 illi
905 2185 1152 2249 recte:
1206 2199 1305 2247 nc
1357 2171 1705 2268 corporis
1760 2171 2053 2271 optima
2103 2169 2389 2268 Lyncei

512 2296 1056 2396 Contemplere
1108 2295 1368 2390 oculis,
1422 2293 1791 2394 Hypsaea
1844 2294 2144 2370 caecior
2192 2292 2332 2368 illa

511 2421 727 2514 Quae
748 2421 954 2496 mala
987 2433 1164 2496 sunt
1183 2433 1502 2517 spectes.
1558 2419 1677 2514 „O
1714 2419 1925 2494 crus!
1966 2445 2011 2494 o
2050 2413 2497 2494 bracchia1“
2535 2443 2809 2492 verum

506 2547 877 2649 Depugis,
927 2558 1219 2641 nasuta,
1277 2545 1494 2622 brevi
1545 2545 1790 2621 latere
1833 2570 1925 2620 ac
1975 2544 2176 2641 pede
2226 2542 2463 2641 longo
2518 2554 2657 2619 est.

409 2808 601 2848 rerum
634 2787 1041 2851 necessitatem,
1080 2805 1248 2858 quam
1295 2805 1359 2842 su
1399 2805 1561 2843 erare

409 2881 524 2918 non
558 2859 769 2932 potes.“
798 2891 864 2900 —
899 2859 1100 2931 Quare]
1128 2859 1338 2930 Haupt.
1407 2877 1562 2929 pusc.

409 2935 454 3005 1,
509 2951 565 3005 p.
613 2933 711 2987 85:
790 2931 1095 3001 „Horatius
1166 2931 1226 2985 in
1295 2933 1561 2986 sermoni-

410 3006 514 3062 bus
559 3005 637 3076 (1,
676 3006 738 3070 2,
779 3005 867 3058 77.
916 3003 995 3067 Π,
1033 3003 1093 3072 3,
1137 3003 1262 3073 176)
1307 3009 1420 3058 n'on
1465 3004 1562 3059 ab·

409 3077 611 3134 stinuit
648 3093 683 3130 a
719 3075 927 3130 causali
965 3089 1132 3145 quare
1169 3075 1229 3129 in
1251 3079 1406 3130 recta
1441 3092 1563 3129 ora-

410 3151 566 3204 tione
610 3149 795 3219 posito
846 3164 950 3216 pro
1000 3164 1065 3202 eo
1113 3147 1264 3216 quod
1309 3152 1396 3202 est
1435 3162 1563 3215 pro—

407 3225 613 3306 pterca,
651 3219 923 3274 abstinuit
970 3218 1030 3272 in
1077 3219 1348 3288 epistulis,
1393 3223 1566 3287 atque

413 3311 473 3346 m
510 3290 848 3348 carminibus
886 3306 1054 3359 quare
1088 3290 1256 3359 plane
1286 3308 1567 3360 nusquam

413 3365 485 3420 ab
523 3381 588 3419 eo
624 3362 840 3419 dictum
875 3361 1011 3416 est.“
1063 3392 1130 3401 —
1175 3361 1250 3416 sit
1287 3362 1409 3418 licet
1443 3361 1563 3432 hoc]

414 3433 839 3505 simplicissima
873 3434 1021 3488 ratio
1058 3434 1196 3489 haec
1231 3437 1334 3500 est,
1366 3438 1432 3488 ut
1457 3433 1504 3488 si
1547 3462 1567 3472 ·

416 3506 631 3562 nificat:
688 3505 826 3560 haec
880 3509 979 3559 tua
1030 3523 1118 3559 res
1163 3506 1254 3574 sit,
1300 3505 1408 3560 hoc
1459 3451 1569 3559 tibi

417 3580 655 3650 placeat.
694 3577 765 3632 cf.
786 3575 918 3631 infr.
944 3578 1031 3631 97.
1070 3576 1279 3646 Haupt.
1317 3577 1565 3660 scripsit:

415 3667 514 3706 nec
549 3649 727 3718 mayis
763 3647 911 3717 huic,
946 3648 1092 3702 inter
1126 3647 1304 3704 niveos
1343 3647 1567 3703 virides-

415 3737 516 3792 que
553 3719 774 3790 lapillos
822 3719 896 3774 sit
944 3719 1087 3788 licet,
1135 3720 1247 3789 hoc,
1303 3718 1569 3780 Cerinthe.

415 3799 513 3848 tuo
549 3797 786 3848 tenerum
825 3796 902 3846 est
943 3792 1140 3860 scimur,
1190 3808 1356 3860 quem
1392 3791 1569 3846 secuti

416 3871 548 3919 sunt
594 3862 927 3932 Meinekius,
964 3861 1259 3930 Linkerus,
1295 3861 1569 3932 Mueller„

417 3935 612 3992 Lehrs.
671 3934 925 3989 Bentleio
982 3935 1062 3990 sic
1121 3934 1360 4004 placuit:
1426 3934 1571 3990 imter-

419 4049 431 4062 .
472 4049 486 4062 .
524 4006 740 4077 lapillos
785 4006 862 4060 sit
899 4007 1042 4073 licet,
1086 4021 1120 4060 o
1155 4004 1422 4072 Cerintho,
1472 4011 1570 4060 tuo

414 4085 660 4136 tenerum
720 4082 797 4132 est
856 4078 1044 4145 femur.
1157 4076 1366 4132 Contra
1431 4095 1570 4146 quos

417 4156 569 4206 recte
605 4149 883 4204 monitum
918 4153 1002 4204 est
1049 4165 1163 4203 non
1199 4165 1360 4219 posse
1395 4148 1571 4204 latine

418 4223 532 4278 dici
567 4220 644 4276 sii
688 4219 810 4276 licet
861 4221 1006 4276 inter
1041 4219 1262 4290 lapillos
1309 4237 1414 4290 pro
1452 4220 1577 4276 licet

417 4299 618 4349 emata
652 4292 730 4376 sit
761 4292 975 4362 lapillis
1009 4307 1114 4346 nec
1153 4298 1341 4374 aptam
1393 4291 1577 4347 videri

421 4367 899 4500 aesspfflffi?
919 4361 1214 4506 qiin‘ffil
1260 4367 1434 4490 ‹1¹3ssss
1436 4381 1577 4489 ⁰¹22?

419 4525 524 4562 nus
579 4505 692 4562 fuit
744 4505 948 4575 aliquis
999 4507 1184 4573 homo,
1245 4525 1358 4561 non
1415 4507 1576 4577 „pul-

421 4577 758 4634 cherrimum
806 4582 1072 4648 scortum,
1127 4578 1335 4650 insigni
1393 4578 1577 4650 specie

1656 2792 1713 2843 et
1760 2786 2038 2842 candore“
2090 2787 2181 2842 vel
2225 2803 2367 2856 puer
2412 2785 2705 2855 delicatus,
2750 2785 2811 2840 id

1656 2859 1808 2928 quod
1836 2859 2169 2914 scholiastae
2200 2857 2401 2914 docere
2426 2858 2671 2914 student.
2711 2857 2811 2912 Ce-

1656 2930 1878 2985 rinthus
1936 2935 2167 2985 externo
2224 2930 2461 2986 vestitus
2514 2929 2813 2999 splendore

1656 3003 1781 3072 capi
1806 3019 1865 3056 se
1887 3019 2081 3072 passus
2108 3006 2208 3057 est.
2237 3030 2304 3041 —-
2338 3002 2512 3072 magis
2544 3001 2809 3072 mmm]

1658 3091 1826 3143 quam
1884 3077 2136 3144 togatae3
2192 3091 2337 3143 quae
2387 3073 2562 3128 verba
2615 3091 2700 3145 ex*
2740 3072 2813 3126 iis

1658 3163 1800 3215 quae
1835 3139 2223 3214 insequuntur,
2273 3146 2441 3200 facile
2474 3145 2639 3200 intell
2790 3171 2812 3184 ·

1658 3222 1768 3272 tur.
1803 3245 1874 3256 -—
1908 3216 2141 3288 honesti]
2178 3216 2421 3287 pulchri.
2458 3244 2526 3256 —
2568 3233 2629 3272 re
2678 3217 2688 3228 '
2720 3215 2811 3286 us]

1659 3288 1789 3344 vide
1845 3288 1917 3343 ad
1972 3287 2153 3343 Carm.
2200 3289 2245 3358 I,
2289 3291 2343 3350 4,
2387 3291 2469 3343 14.
2542 3287 2681 3344 Inde
2740 3287 2811 3342 ab

1659 3361 1766 3415 hoc
1827 3378 1991 3414 versu
2055 3359 2113 3414 in
2178 3361 2464 3415 nonnullis
2526 3358 2814 3414 codicibus

1659 3449 1803 3488 nova
1838 3431 2041 3501 incipit
2080 3432 2282 3502 satira3
2319 3433 2484 3488 male.
2518 3431 2631 3486 Pro
2669 3430 2812 3499 reqi-

1660 3505 1760 3558 ὀίω
1796 3503 2166 3574 Kiesslingius
2214 3521 2283 3558 ex
2321 3505 2645 3559 coniectura
2680 3502 2813 3556 scri-

1664 3575 1797 3630 bere
1849 3575 2031 3631 voluit
2078 3575 2431 3644 Thraecibus,
2486 3574 2637 3645 quod
2682 3573 2816 3628 Kel-

1662 3647 1810 3701 lerus
1844 3647 2051 3702 merito
2086 3647 2424 3716 repudiavit.
2453 3677 2519 3686 —
2548 3645 2811 3716 hiantem]

1662 3717 1732 3774 cf.
1770 3717 1884 3772 Sat.
1922 3719 1967 3785 Ι,
2004 3721 2050 3786 1,
2082 3719 2169 3772 71.
2207 3748 2273 3758 -
2312 3719 2459 3773 molli
2490 3717 2649 3788 pede]
2686 3717 2813 3771 Non

1660 3790 1817 3844 tenui
1855 3794 1913 3843 et
1949 3789 2203 3860 agiliore.
2242 3791 2339 3844 sed
2374 3789 2596 3846 infirmo
2626 3805 2693 3844 ac
2719 3787 2816 3843 de-

1660 3862 1783 3917 bili.
1836 3861 2107 3916 Diversus
2145 3861 2295 3916 enim
2330 3862 2485 3916 locus
2522 3867 2609 3916 est
2643 3860 2813 3944 Verg-

1664 3933 1865 4005 Georg.
1906 3933 2006 4000 111,
2031 3935 2119 3988 76.
2158 3963 2225 3972 -
2262 3933 2551 4004 Hypsaea]
2588 3931 2817 3986 Plautia

1663 4005 1939 4075 Hypsaea,
1963 4005 2046 4060 ita
2070 4021 2250 4068 caeca,
2276 4011 2341 4060 ut
2362 4005 2421 4060 in
2454 4004 2815 4072 proverbium

1666 4077 1865 4132 abiret.
1913 4075 2050 4131 Eius
2098 4077 2245 4132 enim
2296 4077 2535 4132 caecitas
2582 4076 2817 4146 ponitur

1668 4155 1864 4204 contra
1896 4147 2101 4218 Lyncei
2135 4148 2329 4204 aciem.
2381 4147 2635 4216 Lynceus
2674 4164 2815 4201 unus

1667 4219 1779 4275 fuit
1822 4238 1891 4276 ex
1946 4221 2308 4291 Argonautis,
2355 4219 2503 4274 filius
2547 4218 2817 4290 Apharei,

1666 4291 1989 4356 Messenius,
2024 4291 2121 4360 qui
2146 4297 2307 4348 tanta
2330 4291 2502 4347 fuisse
2526 4292 2817 4346 oculorum

1666 4363 1789 4418 acie
1824 4361 2087 4422 traditur.
2134 4368 2200 4416 ut
2240 4363 2331 4420 vel
2376 4363 2651 4434 parietem
2692 4362 2819 4416 visu

1666 4437 2025 4562 penetraret..
2042 4433 2269 4490 Occisus
2302 4439 2388 4490 est
2422 4453 2457 4490 a
2482 4433 2723 4490 Polluce.
2748 4461 2817 4474 —

1668 4505 2451 4648 023331²⁸1³n1321³33oe⁸⁶m33²12¹5
2482 4506 2549 4618 Ξ·-
2572 4507 2711 4632 5ιιοῗ·
2729 4531 2820 4646 ,Ξῖ
