3092 5059
476 213 603 280 480

1422 206 1928 278 SATIRARUM

576 400 911 478 Mulvius
966 412 1044 475 et
1092 423 1404 476 scurrae
1454 399 1602 474 tibi
1651 423 1810 475 non
1860 400 2277 478 referenda
2323 399 2616 499 precati

576 524 1019 602 Discedunt.

1121 523 1471 619 „Etenim
1522 522 1778 600 fateor
1821 522 2024 620 me‚“
2070 524 2358 602 dixerit
2405 524 2560 622 ille,

578 652 823 751 „Duci
874 661 1137 726 ventre
1188 649 1467 742 levem,
1516 673 1794 726 nasum
1843 649 2120 726 nidore
2171 650 2517 750 supinor‚

573 774 1041 870 Imbecillus,
1086 774 1315 871 iners,
1376 774 1444 848 si
1497 772 1690 874 quid
1740 775 1880 870 vis,
1933 773 2166 868 adde,
2217 775 2544 873 popin03

490 937 545 977 ιο
575 903 693 978 Tu
744 927 921 978 cum
968 899 1073 976 sis
1125 900 1337 1001 quod
1390 924 1534 998 ego
1589 912 1668 976 et
1719 899 2070 975 fortassis
2121 901 2474 999 nequior,
2527 900 2736 976 ultro

572 1026 961 1104 Insectere
1010 1025 1226 1102 velut
1274 1023 1554 1101 melior
1595 1024 2012 1124 verbisque
2065 1024 2368 1101 decoris

576 1150 967 1228 Obvolvas
1019 1149 1287 1226 vitium
1306 1147 1394 1224 ?“
1495 1148 1724 1246 Quid,
1779 1148 1844 1224 si
1893 1175 2020 1226 me
2073 1150 2380 1226 stultior
2429 1151 2599 1252 ipso

577 1277 1037 1378 Quingentis
1086 1289 1343 1376 empto
1398 1275 1786 1352 drachmis
1841 1277 2400 1377 deprenderis?
2502 1277 2760 1354 Aufer

572 1402 704 1479 Me
756 1403 973 1479 vultu
1022 1415 1339 1478 terrere:
1384 1427 1702 1478 manum
1749 1403 2386 1501 stomachumque
2437 1415 2718 1500 teneto,

490 1561 542 1602 ω
574 1527 775 1603 Dum
827 1552 1027 1627 quae
1080 1525 1419 1625 Crispini
1470 1525 1733 1602 docuit
1782 1552 1908 1604 me
1957 1527 2238 1604 ianitor
2283 1527 2454 1604 edo.

575 1652 685 1729 Te
736 1654 1069 1729 coniunx
1124 1652 1379 1729 aliena
1432 1653 1660 1752 capit,
1713 1651 2206 1730 meretricula
2253 1652 2588 1729 Davum:

576 1779 857 1856 Peccat
903 1792 1073 1855 uter
1120 1791 1467 1853 nostrum
1520 1803 1750 1854 cruce
1803 1777 2158 1876 dignius?
2259 1777 2482 1854 Acris
2533 1778 2672 1854 ubi
2715 1805 2846 1856 me

570 1905 863 1981 Natura
910 1902 1261 1999 intendit,
1316 1902 1457 1979 sub
1511 1901 1722 1978 clara
1773 1901 1984 1979 nuda
2027 1901 2350 1978 lucerna

578 2033 1125 2132 Quaecumque
1178 2033 1481 2133 excepit
1528 2034 1904 2132 turgentis
1958 2034 2286 2111 verbera
2335 2034 2646 2132 caudae,

489 2190 541 2230 ω
576 2157 949 2235 Clunibus
1000 2170 1134 2233 aut
1184 2157 1505 2256 agitavit
1556 2182 1838 2257 equum
1890 2158 2180 2236 lasciva
2230 2160 2594 2257 supinum

572 2283 907 2360 Dimittit
952 2307 1206 2381 neque
1256 2285 1639 2358 famosum
1683 2307 1936 2381 neque
1984 2283 2422 2382 sollicitum,
2474 2310 2573 2361 ne

570 2409 823 2485 Ditior
870 2420 999 2483 aut
1049 2407 1348 2484 formae
1397 2406 1738 2484 melioris
1783 2409 2016 2484 meiat
2067 2410 2364 2486 eodem.

573 2535 691 2610 Tu
744 2559 919 2609 cum
968 2531 1329 2629 proiectis
1378 2531 1831 2630 insignibus,
1883 2532 2116 2610 anulo
2170 2535 2505 2634 equestri

471 2777 625 2829 recte
640 2774 778 2841 feret
796 2771 1065 2827 defendit.
1080 2801 1143 2811 —
1160 2773 1418 2843 blateras]
1443 2773 1593 2828 Fest.
1611 2795 1622 2827 :

474 2845 815 2915 ‚‚Blaterare‚
830 2844 1003 2898 stulte
1020 2848 1079 2898 et
1094 2844 1397 2914 percupide
1416 2844 1622 2913 loqui.“

478 2945 538 2956 —
563 2915 835 2985 furisque]
874 2915 967 2970 Sic
1002 2933 1071 2970 ex
1110 2915 1441 2984 Cruquianis
1465 2915 1624 2972 MSS.

474 2987 809 3042 Blandinius
840 2987 1258 3056 antiquissimus
1284 2990 1342 3041 et
1364 2992 1479 3042 tres
1506 2987 1625 3057 alii,

474 3059 771 3113 Pulmanni
789 3063 1074 3128 quattuor.
1099 3057 1275 3113 Recte
1293 3059 1403 3113 iam
1420 3059 1622 3130 Georg.

474 3128 796 3184 Fabricius:
860 3130 1269 3200 „Interrogatio
1322 3130 1481 3198 prior
1538 3135 1625 3184 est

476 3201 715 3269 Horatii,
740 3202 991 3255 vocantis
1008 3219 1226 3272 servos3
1244 3202 1343 3270 qui
1364 3219 1489 3256 cum
1508 3203 1625 3256 sint

474 3273 534 3326 in
568 3273 695 3326 erili
738 3273 975 3343 imperio
1025 3291 1083 3328 se

474 3345 707 3411 clamat,
764 3343 958 3398 furit.“

1106 3273 1399 3400 0135321?
1400 3273 1606 3399 ¹233?
1609 3314 1624 3342 '

474 3433 619 3484 quae
678 3417 825 3469 ineat
884 3416 943 3469 in
998 3417 1151 3486 ringis
1166 3457 1181 3485 ,
1249 3387 1622 3485 plurimorum

474 3487 633 3541 codd.
690 3487 994 3557 scriptura,
1046 3504 1457 3556 supervacanea
1511 3492 1621 3557 est,

476 3559 683 3628 quippe
720 3575 863 3627 quae
908 3559 1276 3627 praecedente
1310 3559 1523 3614 interro
1599 3585 1622 3600 ·

474 3629 629 3684 tione
670 3631 846 3684 multo
883 3630 1111 3700 gravius
1149 3631 1443 3685 indicetur.
1555 3648 1623 3686 oc

472 3706 662 3756 tamen
734 3701 949 3770 (fuyis)
1020 3701 1336 3770 probarunt
1405 3701 1620 3771 Bentl.,

474 3773 599 3827 Hau
641 3779 709 3842 t.,
764 3772 1031 3842 Meinek.‚
1086 3772 1333 3841 Linker.,
1388 3773 1592 3828 Ritter.
1606 3814 1623 3842 ,

472 3843 591 3898 Teu
636 3845 724 3912 el.‚
749 3842 1087 3912 Doederlin.,
1119 3843 1412 3916 Krueger.,
1448 3844 1622 3899 Muel-

496 3933 603 3984 er.‚
675 3915 899 3978 Lehrs.,
974 3915 1229 3984 Holder.‚
1308 3916 1620 3985 Eckstein„

520 3987 730 4053 ritsch„
768 3987 976 4042 Keller.
1016 4017 1083 4028 —
1121 3987 1385 4057 Mulvius]
1426 3986 1619 4056 „Scur-

441 3916 569 4300 }
604 4075 702 4128 spe
737 4058 915 4113 bonae
950 4075 1118 4114 cenae
1162 4059 1381 4130 decepti
1417 4061 1622 4129 impre-

536 4134 675 4184 ntur
708 4129 817 4184 tibi
858 4147 1002 4199 quae
1038 4147 1142 4201 ego
1175 4131 1351 4185 nolim
1394 4131 1618 4186 iterare.

610 4207 765 4257 recte
817 4201 1041 4270 quidem
1098 4202 1205 4256 tibi
1258 4203 1620 4258 maledicunt.

592 4274 663 4328 'le
698 4273 848 4328 enim
881 4290 1039 4328 suam
1084 4291 1307 4328 eausam
1358 4274 1622 4329 adversus

480 4346 649 4470 Mfiiq
680 4345 765 4400 illi
804 4345 1241 4472 deffiitidantfz
1268 4345 1475 4485 ‹inimic-it
1508 4345 1620 4458 ine}

478 4435 773 4571 mqjlgdi·
800 4433 1021 4544 riden’d‘i
1056 4433 1622 4558 ⁸:gusawealessaxtsztdli·‚

472 4547 577 4588 ⁸¹²⁰
609 4559 719 4614 sibi
757 4575 879 4614 mre
914 4559 1103 4615 invehi
1152 4559 1507 4617 videbantur.
1551 4589 1620 4601 —

1718 2773 1882 2845 Quid]
1933 2773 2242 2829 Confirmat
2281 2772 2472 2829 Davus
2509 2773 2714 2828 Mulvii
2765 2775 2873 2830 cri-

1715 2846 2051 2900 minationes
2133 2847 2192 2899 in
2267 2851 2493 2916 poetam
2565 2847 2872 2900 coniectas:

1717 2916 1924 2986 „Recte
1959 2918 2042 2973 sic
2075 2916 2352 2986 Mulvius3
2390 2918 2526 2986 quid
2562 2919 2754 2972 enim?
2809 2923 2874 2972 tu

1715 3005 1904 3043 nonne
1961 2989 2189 3043 stultior
2243 3006 2300 3043 es
2355 3007 2446 3043 me
2493 2990 2614 3058 ipso
2663 2990 2874 3044 manci—

1716 3061 1810 3128 pio
1821 3061 1886 3114 ‘?“
1943 3059 2103 3128 Quod
2139 3077 2266 3114 cum
2300 3059 2486 3115 dicere
2519 3060 2728 3115 audeat
2763 3061 2872 3115 Da·

1715 3149 1834 3200 vus,
1859 3130 2222 3200 cogitandum
2259 3137 2345 3187 est
2379 3133 2588 3186 iratum
2613 3149 2672 3187 se
2707 3149 2870 3201 prae-

1715 3211 1866 3257 stare
1913 3203 2211 3258 Horatium
2272 3207 2330 3257 et
2384 3221 2610 3258 manum
2665 3205 2872 3258 tollere

1715 3275 2037 3330 minantem.
2087 3303 2155 3316 --
2205 3275 2515 3344 quinqentis
2567 3274 2870 3344 drachmis]

1715 3363 1826 3414 quo
1862 3363 2038 3415 parvo
2085 3347 2269 3416 pretio
2317 3349 2444 3412 (360
2476 3346 2684 3415 Mark.)
2729 3347 2870 3400 vilia

1713 3421 1937 3472 tantum
1962 3418 2242 3486 mancipia
2265 3418 2610 3473 emebantur.
2657 3417 2870 3472 Keller.

1713 3488 1936 3560 Epileg.
1972 3507 2026 3558 p.
2065 3491 2167 3543 581
2208 3507 2277 3544 ex
2323 3489 2482 3544 codd.
2527 3491 2872 3544 auctoritate

1715 3560 1888 3615 scribi
1923 3561 2128 3616 debere
2163 3561 2360 3615 docuit
2383 3561 2646 3630 dragmis,
2673 3562 2734 3614 in
2756 3579 2872 3630 qua

1714 3647 1776 3686 re
1821 3649 1963 3686 unus
2007 3632 2320 3687 Fritschius
2365 3637 2584 3687 secutus
2641 3637 2752 3702 θοις
2809 3639 2874 3686 at

1713 3703 1772 3757 in
1809 3721 1875 3758 eo
1912 3704 2053 3772 loce,
2093 3721 2259 3772 quem
2283 3707 2522 3773 uterque
2547 3704 2872 3774 comparari

1715 3774 1872 3829 iubet
1907 3775 2093 3830 Plaut.
2129 3775 2440 3830 Trinumm.
2477 3775 2548 3837 11.
2585 3776 2641 3844 4,
2681 3778 2750 3828 23
2809 3779 2874 3830 et

1713 3847 2050 3902 Bitschelius
2099 3851 2158 3902 ct
2197 3846 2587 3902 Fleckeisenus
2639 3847 2872 3901 drachu-

1711 3933 1925 3973 marum
1957 3919 2356 3987 praebuerunt.
2377 3948 2444 3958 —
2465 3917 2643 3988 cruce]
2685 3917 2872 3988 Epist.

1711 3989 1757 4058 Ι,
1800 3991 1884 4058 16,
1919 3990 2006 4043 48.
2070 3989 2262 4044 Crucis
2303 3995 2492 4045 autem
2528 3990 2870 4060 supplicium

1714 4061 1864 4130 apud
1902 4061 2179 4117 Romanos
2215 4061 2496 4131 peculiare
2527 4061 2640 4115 fuit
2671 4062 2870 4130 servis,

1713 4132 1862 4187 unde
1891 4132 2096 4188 servile
2133 4133 2466 4202 supplicium
2503 4132 2870 4202 appellatum.

1714 4231 1782 4242 -
1821 4204 1990 4258 anulo
2025 4203 2280 4275 equestri]
2321 4203 2442 4272 Qua
2485 4205 2709 4259 ratione
2753 4204 2872 4259 Ho-

1715 4276 1890 4330 ratius
1927 4280 2242 4344 equestrem
2279 4276 2616 4346 dignitatem
2645 4291 2874 4346 accepe-

1712 4347 1794 4400 rit
1827 4363 1929 4400 nos
1967 4347 2191 4415 quidem
2231 4348 2580 4418 ignoramus3
2627 4347 2869 4403 fortasse

1713 4417 1982 4474 beneficio
2007 4417 2304 4474 Octaviani
2343 4437 2409 4475 eo
2445 4424 2718 4488 tempore,
2753 4437 2868 4488 quo

1715 4489 1982 4545 Sabinum
2037 4490 2278 4560 accepit,
2335 4491 2398 4544 in
2455 4491 2868 4561 ingenuitatem

1715 4566 1957 4616 assertus
1994 4577 2118 4614 cum
2157 4577 2322 4616 censu
2349 4563 2596 4631 equestri
2619 4562 2868 4633 dignita·
