3092 5059
1067 231 1224 302 LIB.
1269 233 1354 302 11.
1402 231 1679 302 EPIST.
1724 235 1777 302 Ι.

2494 233 2621 300 589

320 421 642 501 Sudoris
695 426 1121 522 minimum,
1176 427 1310 500 scd
1357 425 1592 501 habet
1636 425 2039 502 comoedia
2086 437 2301 502 tanto

220 583 296 624 170
322 548 502 625 Plus
555 552 838 648 oneris,
893 563 1182 650 quanto
1234 551 1507 628 veniae
1556 549 1830 625 minus.

1939 551 2249 650 Aspice,
2308 549 2621 628 Plautus

321 677 494 770 Quo
543 689 772 774 pacto
815 691 1072 774 partes
1123 687 1412 753 tutetur
1465 677 1789 752 amantis
1836 676 2141 776 ephebi,

318 803 425 880 Ut
473 804 714 904 patris
763 803 1054 900 attenti,
1107 801 1407 877 lenonis
1459 817 1549 876 ut
1596 802 1990 898 insidiosi3

319 928 644 1021 Quantis
695 928 792 1003 sit
841 929 1280 1006 Dossennus
1333 928 1698 1004 edacibus
1752 929 1832 1003 in
1882 927 2279 1025 parasitis3

320 1054 568 1146 Quam
633 1079 786 1129 non
840 1055 1150 1130 astricto
1199 1067 1601 1152 percurrat
1649 1053 1951 1154 pulpita
2001 1077 2271 1128 socco:

219 1217 294 1257 m
320 1178 573 1257 Gestit
615 1181 824 1257 enim
867 1206 1272 1254 nummum
1319 1180 1399 1254 in
1449 1179 1749 1254 loculos
1788 1177 2212 1272 demittere,
2239 1165 2433 1278 'post
2475 1179 2622 1255 hoc

319 1305 674 1402 Securus,
731 1305 958 1381 cadat
1004 1331 1104 1381 an
1157 1319 1366 1380 recto
1419 1318 1571 1379 stet
1617 1303 1885 1380 fabula
1935 1303 2115 1379 talo.

320 1430 566 1523 Quem
625 1429 802 1505 tulit
849 1430 951 1507 ad
997 1455 1351 1506 scaenam
1405 1442 1723 1505 ventoso
1778 1428 2053 1509 Gloria
2102 1455 2357 1526 curru,

319 1525 730 1632 Exanimat
779 1555 1034 1632 lentus
1084 1567 1494 1652 spectator,
1547 1554 1861 1631 sedulus
1912 1554 2167 1630 inflatt

319 1681 448 1758 Sic
480 1682 674 1777 leve,
709 1684 820 1756 sic
853 1707 1181 1780 parvum
1223 1695 1357 1776 est,
1393 1681 1735 1755 animum
1775 1681 1987 1779 quod
2020 1680 2269 1755 laudis
2306 1707 2621 1757 avarum

223 1839 296 1878 ιω
320 1807 639 1883 Subruit
689 1822 822 1881 aut
871 1806 1138 1881 reficit.

1243 1804 1522 1880 Valeat
1567 1830 1689 1880 res
1738 1804 2064 1900 ludicra,
2120 1805 2182 1879 si
2236 1831 2359 1880 me

320 1931 591 2008 Palma
641 1943 921 2029 negata
973 1955 1340 2025 macrum,
1397 1929 1685 2005 donata
1734 1930 2034 2006 reducit
2083 1931 2452 2028 opimum.

319 2055 568 2153 Saepe
620 2057 853 2132 etiam
907 2055 1283 2130 audacem
1334 2054 1559 2151 fugat
1609 2053 1759 2128 hoc
1799 2066 2188 2154 terretque
2240 2072 2573 2156 poetam,

219 2298 598 2368 antiquissimi
633 2299 756 2356 cod.
777 2297 998 2368 Bland.,
1036 2300 1210 2355 trium
1233 2299 1373 2354 alio-

217 2388 345 2425 rum
383 2371 541 2426 codd.
581 2369 830 2440 Cruquii,
867 2372 1030 2426 unius
1057 2371 1373 2436 Palmam,

220 2441 388 2496 Goth.
446 2443 481 2494 2
532 2447 590 2496 et
643 2442 1072 2498 scholiastarum
1123 2441 1373 2510 accessit,

219 2514 377 2568 cuius
449 2531 554 2568 nec
613 2513 902 2568 Bentleius
961 2532 1068 2570 nec
1131 2512 1373 2568 Orellius

217 2585 563 2640 mentionem
609 2583 759 2640 fecit.
833 2585 892 2640 Si
937 2591 1095 2640 recta
1142 2590 1244 2652 est,
1289 2601 1373 2641 res

217 2657 598 2711 nominativus
635 2661 737 2711 est.
775 2655 1101 2727 Suspicatus
1127 2662 1212 2711 est
1239 2656 1372 2710 Lin-

217 2727 404 2796 kerus‚
443 2727 612 2782 fuisse
661 2728 902 2784 fortasse
939 2729 1182 2796 accersit,
1223 2727 1374 2796 quod

129 2843 140 2854 .
219 2797 478 2854 Kellerus
527 2817 749 2869 quoque
797 2800 858 2854 in
905 2801 1190 2856 codicibus
1237 2817 1372 2868 pau-

219 2870 296 2924 cis
335 2873 604 2940 repperit.
641 2899 714 2910 —
749 2873 940 2926 veniae
983 2870 1190 2940 minus]
1235 2871 1373 2925 Ete-

218 2943 335 2996 nim
410 2959 535 2997 cum
601 2959 690 2997 res
762 2961 828 2997 ex
899 2943 1180 2998 communi
1251 2943 1374 2996 vita

220 3019 474 3082 sumptae
536 3014 676 3080 sint,
731 3014 829 3067 ubi
889 3015 1023 3083 quid
1079 3019 1373 3084 peccatur,

220 3085 456 3154 quisque
504 3085 699 3139 statim
750 3085 924 3140 videt.
987 3115 1048 3126 -
1107 3085 1372 3155 Plautus]

219 3155 364 3211 Tota
418 3156 556 3211 haec
611 3156 864 3211 laudatio
917 3157 1104 3211 Plauti
1161 3158 1375 3212 ironica

218 3233 326 3296 est3
374 3228 582 3283 etenim
620 3228 878 3297 Horati0‚
924 3229 1198 3299 elegantis
1247 3230 1373 3282 viro

219 3299 413 3354 iudicii
472 3304 531 3354 et
584 3300 802 3371 graecis
859 3301 1128 3370 exemplis
1190 3301 1373 3370 culte,

219 3369 456 3426 Plautus
499 3372 560 3424 in
597 3371 935 3426 sustinendis
969 3371 1226 3442 partibus
1259 3389 1374 3426 non

219 3442 358 3496 satis
401 3441 556 3496 facit.
642 3442 727 3496 De
772 3443 976 3498 Plauto
1023 3443 1152 3498 vide
1201 3445 1270 3496 A.
1311 3442 1372 3497 P.

219 3513 326 3568 270
349 3531 471 3582 sqq.
533 3544 598 3554 —
649 3519 844 3584 partes
893 3514 1140 3585 tutetur]
1184 3513 1257 3569 cf.
1304 3516 1372 3569 A.

219 3582 280 3638 P.
321 3585 444 3640 193.
485 3584 599 3640 Sat.
639 3585 683 3653 1,
723 3590 806 3651 10,
847 3588 928 3640 12.
1003 3585 1376 3656 vituperatur

220 3655 408 3711 Plauti
441 3657 503 3710 in
549 3657 806 3728 partibus
859 3657 1241 3712 describendis
1294 3658 1376 3711 in·

218 3728 553 3783 constantia.
636 3727 820 3796 Quare
869 3729 1223 3799 Porphyrion
1272 3745 1376 3800 quo

211 3805 378 3868 pacto
414 3799 661 3869 explicat
694 3801 1006 3872 inconqrue.
1042 3830 1108 3840 —
1135 3801 1376 3856 Βοκων-

219 3871 343 3996 greg]
382 3871 808 3940 „Atellanarum
833 3871 1126 3973 scriptorf‘
1165 3871 1373 3927 comm.

221 3959 390 4068 Εῑῃὲ·
418 3943 722 4070 ”121222033.
736 3945 1229 4071 ⁰⁰3¹ffstit¹⁰zss²
1243 3944 1378 4071 ἓξὲξ

223 4089 322 4155 est,
361 4103 486 4140 cum
511 4085 821 4143 Ritschelio
899 4105 1080 4159 arerg.
1120 4088 1164 4142 Ι.
1193 4087 1374 4158 praef.

223 4171 278 4224 p.
307 4159 370 4209 18
407 4158 896 4228 interpretaberis=
933 4159 1222 4227 „Quantus
1255 4161 1376 4230 ipse

221 4225 498 4298 (Plautus)
545 4247 740 4285 scurra
791 4231 868 4286 sit
915 4232 974 4284 in
1024 4231 1232 4286 scurris
1275 4248 1374 4300 pa·

221 4299 410 4354 rasitis
447 4301 882 4356 describendis.“
931 4301 1186 4357 Fuerunt
1223 4303 1373 4357 enim

221 4368 282 4423 in
316 4370 522 4427 fabulis
557 4373 836 4428 Atellanis
873 4378 1060 4428 certae
1097 4373 1372 4443 quaedam

221 4455 494 4564 zei-sonae
529 4449 596 4500 ut
626 4444 870 4506 Maccus,
893 4443 1136 4514 Pappus,
1170 4445 1370 4500 Bucco.

273 4514 456 4572 euffel.
494 4516 658 4571 Rom.
694 4515 982 4571 Litteratu
1055 4515 1200 4571 esch.
1237 4517 1288 4582 9,
1317 4519 1374 4571 3:

224 4583 484 4652 „Macae
536 4589 614 4644 ist
667 4587 880 4660 dumm,
933 4605 1006 4660 ge
1062 4588 1214 4660 &sig
1255 4587 1374 4642 und

1464 2299 1709 2368 liistern,
1768 2297 1871 2354 hat
1922 2297 2265 2355 Eselsohren
2332 2318 2385 2353 u.
2442 2317 2485 2352 s.
2538 2317 2627 2367 w„

1465 2371 1650 2426 Bucco
1687 2371 1933 2425 arbeitet
1955 2372 2063 2426 mit
2096 2371 2197 2424 der
2233 2372 2427 2434 bucca,
2466 2371 2626 2440 plap-

1464 2442 1649 2512 pernd
1697 2442 1815 2497 und
1850 2441 2121 2510 fressend,
2157 2442 2381 2512 Pappus
2418 2443 2494 2496 ist
2530 2443 2626 2498 ein

1466 2515 1650 2581 eitler,
1688 2515 1824 2568 aber
1859 2514 1989 2570 sehr
2022 2514 2415 2570 verblendeter
2442 2515 2627 2582 Alter,

1466 2586 1568 2640 der
1618 2603 1728 2639 von
1765 2585 1918 2639 Frau
1968 2586 2085 2640 und
2132 2585 2284 2641 Sohn
2326 2585 2627 2640 iiberlistet

1465 2657 1629 2724 wird,
1666 2657 1985 2711 Dossennus
2026 2657 2299 2726 (dorsum)
2336 2657 2427 2711 ein
2456 2655 2623 2727 pfiffi-

1539 2747 1571 2782 r
1618 2727 2137 2795 Beutelschneider,
2187 2729 2289 2784 der
2342 2728 2623 2784 dottore.“

1545 2801 1751 2854 issowa
1794 2805 1985 2854 tamen
2037 2801 2251 2872 (progr.
2298 2799 2625 2854 Wratislav.

1474 2873 1635 2940 1865)
1691 2871 1931 2940 probare
1980 2873 2216 2940 studuit,
2276 2871 2627 2926 Dossennum

1467 2943 1639 2997 fuisse
1684 2943 2015 3012 scriptorem
2054 2943 2471 2998 comoediarum
2507 2944 2626 3013 pal-

1467 3015 1755 3083 liatarum,
1800 3018 1866 3068 ut
1903 3014 2155 3084 Plautus,
2196 3015 2483 3078 Caecilius,
2522 3013 2625 3068 Te-

1467 3087 1699 3141 rentius.
1748 3115 1813 3125 -—
1852 3085 2027 3155 socco]
2067 3090 2135 3140 A.
2174 3085 2236 3140 P.
2274 3089 2363 3140 80.
2444 3085 2626 3156 Signi-

1465 3157 1669 3213 ficatur
1702 3157 1843 3211 rude
1880 3175 1947 3211 ac
1992 3158 2295 3228 neglegens
2343 3157 2628 3212 scribendi

1466 3246 1799 3370 {32552’1‘125
1837 3228 2073 3356 3¹²3?
2100 3229 2543 3371 “zbtffissasff
2546 3247 2625 3354 ⁶13·

1467 3375 1593 3426 215.
1632 3373 1755 3426 279.
1794 3401 1861 3411 ·-
1900 3371 2029 3440 stet]
2078 3377 2229 3428 stare
2276 3373 2508 3442 proprie
2542 3372 2627 3427 di-

1468 3448 1675 3499 cuntur
1700 3443 1943 3504 fabulae.
1970 3460 2113 3512 quae
2140 3444 2391 3513 placent3
2436 3443 2629 3498 cadere

1469 3533 1613 3586 quae
1650 3515 1953 3584 displicent
1988 3519 2047 3568 et
2082 3516 2483 3584 exploduntur.
2521 3515 2626 3570 Re-

1465 3593 1552 3641 cto
1592 3587 1707 3642 talo
1760 3591 1911 3641 stare
1961 3590 2045 3640 est
2078 3586 2321 3642 firmiter
2356 3591 2524 3655 stare,
2562 3593 2629 3640 ut

1467 3657 1629 3713 Pind.
1678 3657 1871 3712 Isthm.
1910 3660 1963 3726 6,
2004 3660 2098 3712 12:
2150 3654 2347 3728 ,,ὂρθῷ’
2390 3659 2629 3717 ἔστασας

1469 3732 1566 3784 ἐπὶ
1603 3729 1856 3802 σφυρῷ.“

1543 3799 1607 3854 V.
1647 3803 1765 3856 177.
1820 3799 2041 3870 Gloria]
2094 3800 2165 3856 cf.
2214 3799 2327 3856 Sat.
2364 3801 2410 3867 1,
2448 3801 2499 3861 6.
2538 3801 2626 3854 23.

1469 3873 1683 3944 Vergil.
1704 3875 1843 3928 Aen.
1868 3872 1963 3934 xl,
1988 3874 2109 3926 708.
2140 3871 2277 3926 Hor.
2299 3871 2481 3942 Epist.
2504 3871 2547 3938 I,
2573 3875 2626 3941 8,

1472 3947 1556 3999 12.
1586 3947 1669 4011 19,
1698 3946 1783 3998 37.
1834 3943 2045 3998 Contra
2081 3961 2193 4012 eos,
2229 3945 2325 4013 qui
2365 3949 2628 4014 quaestus

1469 4016 1714 4071 faciendi
1788 4033 1955 4070 causa
2016 4015 2235 4070 fabulas
2298 4015 2629 4084 docuerunt,

1475 4088 1617 4143 alios
1650 4089 1831 4156 ponit,
1866 4088 2069 4157 quibus
2100 4088 2321 4142 laudem
2360 4103 2627 4157 quaeren-

1471 4159 1625 4215 tibus
1662 4159 1841 4213 multo
1866 4160 2105 4214 maiores
2138 4159 2503 4214 difficultates
2538 4174 2627 4212 su—

1469 4229 1754 4302 perandae
1778 4235 1925 4285 sunt.
1966 4231 2191 4285 Gloriae
2214 4235 2403 4285 autem
2428 4245 2627 4284 currus

1469 4309 1723 4358 ventem
1781 4308 1883 4368 est,
1940 4302 2075 4372 quia
2128 4303 2251 4372 ipsa
2304 4303 2627 4356 inconstans

1471 4375 1542 4428 ab
1584 4373 1823 4428 arbitrio
1872 4373 2169 4444 imperitae
2225 4389 2389 4443 saepe
2436 4373 2628 4428 multi—

1471 4444 1687 4500 tudinis
1738 4445 1963 4515 pendet.
2012 4475 2079 4486 —
2128 4461 2215 4500 res
2258 4445 2493 4514 ludicra]
2537 4462 2627 4499 res

1473 4517 1743 4580 scaenica,
1766 4517 1950 4586 poesis
1976 4517 2241 4572 scaenica.
2270 4545 2332 4556 -
2360 4517 2625 4588 macrum]

1467 4588 1756 4659 „tristem3
1801 4589 2063 4659 opimum,
2112 4587 2317 4644 reddat
2360 4588 2624 4647 laetum!
