<?xml version="1.0" encoding="UTF-8"?>
<!DOCTYPE html PUBLIC "-//W3C//DTD XHTML 1.0 Transitional//EN"
    "http://www.w3.org/TR/xhtml1/DTD/xhtml1-transitional.dtd">
<html xmlns="http://www.w3.org/1999/xhtml" xml:lang="en" lang="en">
 <head>
  <title>
</title>
<meta http-equiv="Content-Type" content="text/html;charset=utf-8" />
  <meta name='ocr-system' content='tesseract 3.04.00' />
  <meta name='ocr-capabilities' content='ocr_page ocr_carea ocr_par ocr_line ocrx_word'/>
</head>
<body>
  <div class='ocr_page' id='page_1' title='image "./qhoratiiflaccio05unkngoog/qhoratiiflaccio05unkngoog_0332.png"; bbox 0 0 3092 5059; ppageno 0'>
   <div class='ocr_carea' id='block_1_1' title="bbox 389 222 514 289">
    <p class='ocr_par' dir='ltr' id='par_1_1' title="bbox 389 222 514 289">
     <span class='ocr_line' id='line_1_1' title="bbox 389 222 514 289; baseline 0.016 -2"><span class='ocrx_word' id='word_1_1' title='bbox 389 222 514 289; x_wconf 86' lang='lat'>302</span> 
     </span>
    </p>
   </div>
   <div class='ocr_carea' id='block_1_2' title="bbox 1353 184 1895 295">
    <p class='ocr_par' dir='ltr' id='par_1_2' title="bbox 1353 184 1895 295">
     <span class='ocr_line' id='line_1_2' title="bbox 1353 184 1895 295; baseline 0.011 -6"><span class='ocrx_word' id='word_1_2' title='bbox 1353 272 1360 289; x_wconf 82' lang='lat'>.</span> <span class='ocrx_word' id='word_1_3' title='bbox 1423 224 1775 295; x_wconf 62' lang='lat' dir='ltr'>Eronos</span> <span class='ocrx_word' id='word_1_4' title='bbox 1886 184 1895 191; x_wconf 65' lang='grc'><strong>’</strong></span> 
     </span>
    </p>
   </div>
   <div class='ocr_carea' id='block_1_3' title="bbox 694 404 2512 2889">
    <p class='ocr_par' dir='ltr' id='par_1_3' title="bbox 694 404 2512 2889">
     <span class='ocr_line' id='line_1_3' title="bbox 711 404 2445 519; baseline 0.005 -35"><span class='ocrx_word' id='word_1_5' title='bbox 711 442 758 485; x_wconf 68' lang='grc' dir='ltr'>ιι</span> <span class='ocrx_word' id='word_1_6' title='bbox 796 412 1122 493; x_wconf 79' lang='lat' dir='ltr'>Canidia</span> <span class='ocrx_word' id='word_1_7' title='bbox 1165 416 1532 493; x_wconf 81' lang='lat' dir='ltr'>brevibus</span> <span class='ocrx_word' id='word_1_8' title='bbox 1588 417 1981 519; x_wconf 89' lang='lat' dir='ltr'>implicata</span> <span class='ocrx_word' id='word_1_9' title='bbox 2028 419 2323 519; x_wconf 77' lang='lat' dir='ltr'>viperis</span> <span class='ocrx_word' id='word_1_10' title='bbox 2440 404 2445 409; x_wconf 54' lang='grc'><em>’</em></span> 
     </span>
     <span class='ocr_line' id='line_1_4' title="bbox 988 542 2203 649; baseline 0.001 -31"><span class='ocrx_word' id='word_1_11' title='bbox 988 542 1258 619; x_wconf 85' lang='lat' dir='ltr'>Crines</span> <span class='ocrx_word' id='word_1_12' title='bbox 1313 554 1388 617; x_wconf 87' lang='lat' dir='ltr'>et</span> <span class='ocrx_word' id='word_1_13' title='bbox 1441 544 1917 640; x_wconf 88' lang='lat' dir='ltr'>incomptum</span> <span class='ocrx_word' id='word_1_14' title='bbox 1970 558 2203 649; x_wconf 87' lang='lat' dir='ltr'>caput</span> 
     </span>
     <span class='ocr_line' id='line_1_5' title="bbox 785 666 2211 766; baseline 0.001 -25"><span class='ocrx_word' id='word_1_15' title='bbox 785 666 1008 742; x_wconf 88' lang='lat' dir='ltr'>Iubet</span> <span class='ocrx_word' id='word_1_16' title='bbox 1057 666 1428 765; x_wconf 77' lang='lat' dir='ltr'>sepulcris</span> <span class='ocrx_word' id='word_1_17' title='bbox 1486 667 1886 766; x_wconf 84' lang='lat' dir='ltr'>caprificos</span> <span class='ocrx_word' id='word_1_18' title='bbox 1939 680 2211 765; x_wconf 87' lang='lat' dir='ltr'>erutas,</span> 
     </span>
     <span class='ocr_line' id='line_1_6' title="bbox 988 788 2082 889; baseline 0.003 -25"><span class='ocrx_word' id='word_1_19' title='bbox 988 788 1217 865; x_wconf 93' lang='lat' dir='ltr'>Iubet</span> <span class='ocrx_word' id='word_1_20' title='bbox 1267 790 1672 889; x_wconf 77' lang='lat' dir='ltr'><strong>cupressus</strong></span> <span class='ocrx_word' id='word_1_21' title='bbox 1718 792 2082 869; x_wconf 81' lang='lat' dir='ltr'><strong>funebres</strong></span> 
     </span>
     <span class='ocr_line' id='line_1_7' title="bbox 779 916 2358 1015; baseline 0.004 -26"><span class='ocrx_word' id='word_1_22' title='bbox 779 916 878 990; x_wconf 91' lang='lat' dir='ltr'>Et</span> <span class='ocrx_word' id='word_1_23' title='bbox 929 928 1155 991; x_wconf 80' lang='lat' dir='ltr'>uncta</span> <span class='ocrx_word' id='word_1_24' title='bbox 1201 917 1447 1015; x_wconf 90' lang='lat' dir='ltr'>turpis</span> <span class='ocrx_word' id='word_1_25' title='bbox 1501 944 1648 992; x_wconf 84' lang='lat' dir='ltr'>ova</span> <span class='ocrx_word' id='word_1_26' title='bbox 1699 942 1935 993; x_wconf 84' lang='lat' dir='ltr'>ranae</span> <span class='ocrx_word' id='word_1_27' title='bbox 1986 921 2358 1015; x_wconf 87' lang='lat' dir='ltr'>sanguine</span> 
     </span>
     <span class='ocr_line' id='line_1_8' title="bbox 697 1041 2275 1142; baseline 0.001 -26"><span class='ocrx_word' id='word_1_28' title='bbox 697 1077 750 1117; x_wconf 62' lang='grc' dir='ltr'>ρο</span> <span class='ocrx_word' id='word_1_29' title='bbox 986 1041 1495 1142; x_wconf 85' lang='lat' dir='ltr'>Plumamque</span> <span class='ocrx_word' id='word_1_30' title='bbox 1545 1056 1966 1121; x_wconf 83' lang='lat' dir='ltr'>noct-urnae</span> <span class='ocrx_word' id='word_1_31' title='bbox 2018 1044 2275 1140; x_wconf 83' lang='lat' dir='ltr'>strigis</span> 
     </span>
     <span class='ocr_line' id='line_1_9' title="bbox 789 1164 2483 1268; baseline 0.003 -28"><span class='ocrx_word' id='word_1_32' title='bbox 789 1164 1270 1267; x_wconf 88' lang='lat' dir='ltr'>Herbasque,</span> <span class='ocrx_word' id='word_1_33' title='bbox 1327 1192 1516 1266; x_wconf 89' lang='lat' dir='ltr'>quas</span> <span class='ocrx_word' id='word_1_34' title='bbox 1567 1167 1823 1244; x_wconf 87' lang='lat' dir='ltr'>Iolcos</span> <span class='ocrx_word' id='word_1_35' title='bbox 1877 1181 2106 1268; x_wconf 89' lang='lat' dir='ltr'>atque</span> <span class='ocrx_word' id='word_1_36' title='bbox 2156 1168 2483 1245; x_wconf 85' lang='lat' dir='ltr'>Hiberia</span> 
     </span>
     <span class='ocr_line' id='line_1_10' title="bbox 983 1289 2030 1388; baseline 0.002 -23"><span class='ocrx_word' id='word_1_37' title='bbox 983 1289 1218 1366; x_wconf 81' lang='lat' dir='ltr'>Mittit</span> <span class='ocrx_word' id='word_1_38' title='bbox 1268 1316 1741 1367; x_wconf 84' lang='lat' dir='ltr'>venenorum</span> <span class='ocrx_word' id='word_1_39' title='bbox 1794 1293 2030 1388; x_wconf 81' lang='lat' dir='ltr'>ferax,</span> 
     </span>
     <span class='ocr_line' id='line_1_11' title="bbox 783 1414 2323 1515; baseline 0.003 -26"><span class='ocrx_word' id='word_1_40' title='bbox 783 1414 884 1490; x_wconf 88' lang='lat' dir='ltr'>Et</span> <span class='ocrx_word' id='word_1_41' title='bbox 931 1440 1103 1491; x_wconf 89' lang='lat' dir='ltr'>ossa</span> <span class='ocrx_word' id='word_1_42' title='bbox 1157 1417 1254 1491; x_wconf 93' lang='lat' dir='ltr'>ab</span> <span class='ocrx_word' id='word_1_43' title='bbox 1309 1441 1443 1492; x_wconf 91' lang='lat' dir='ltr'>ore</span> <span class='ocrx_word' id='word_1_44' title='bbox 1492 1429 1719 1515; x_wconf 88' lang='lat' dir='ltr'>rapta</span> <span class='ocrx_word' id='word_1_45' title='bbox 1759 1416 2061 1493; x_wconf 88' lang='lat' dir='ltr'>ieiunae</span> <span class='ocrx_word' id='word_1_46' title='bbox 2118 1417 2323 1494; x_wconf 87' lang='lat' dir='ltr'>canis</span> 
     </span>
     <span class='ocr_line' id='line_1_12' title="bbox 985 1540 2088 1618; baseline 0.002 -3"><span class='ocrx_word' id='word_1_47' title='bbox 985 1540 1351 1617; x_wconf 86' lang='lat' dir='ltr'>Flammis</span> <span class='ocrx_word' id='word_1_48' title='bbox 1407 1542 1631 1617; x_wconf 88' lang='lat' dir='ltr'>aduri</span> <span class='ocrx_word' id='word_1_49' title='bbox 1684 1540 2088 1618; x_wconf 77' lang='lat' dir='ltr'>Colchicis.</span> 
     </span>
     <span class='ocr_line' id='line_1_13' title="bbox 694 1664 2512 1766; baseline 0.001 -25"><span class='ocrx_word' id='word_1_50' title='bbox 694 1700 744 1742; x_wconf 65' lang='grc' dir='ltr'>π</span> <span class='ocrx_word' id='word_1_51' title='bbox 781 1665 892 1741; x_wconf 88' lang='lat' dir='ltr'>At</span> <span class='ocrx_word' id='word_1_52' title='bbox 939 1665 1306 1766; x_wconf 85' lang='lat' dir='ltr'>expedita</span> <span class='ocrx_word' id='word_1_53' title='bbox 1355 1664 1663 1765; x_wconf 87' lang='lat' dir='ltr'>Sagana</span> <span class='ocrx_word' id='word_1_54' title='bbox 1714 1690 1856 1765; x_wconf 90' lang='lat' dir='ltr'>per</span> <span class='ocrx_word' id='word_1_55' title='bbox 1906 1680 2143 1742; x_wconf 91' lang='lat' dir='ltr'>totam</span> <span class='ocrx_word' id='word_1_56' title='bbox 2198 1666 2512 1743; x_wconf 89' lang='lat' dir='ltr'>domum</span> 
     </span>
     <span class='ocr_line' id='line_1_14' title="bbox 981 1790 2139 1892; baseline -0.002 -23"><span class='ocrx_word' id='word_1_57' title='bbox 981 1792 1368 1889; x_wconf 82' lang='lat' dir='ltr'>Spargens</span> <span class='ocrx_word' id='word_1_58' title='bbox 1423 1790 1847 1868; x_wconf 84' lang='lat' dir='ltr'>Avernales</span> <span class='ocrx_word' id='word_1_59' title='bbox 1899 1816 2139 1892; x_wconf 86' lang='lat' dir='ltr'>aquas</span> 
     </span>
     <span class='ocr_line' id='line_1_15' title="bbox 785 1914 2300 2016; baseline -0.001 -25"><span class='ocrx_word' id='word_1_60' title='bbox 785 1914 1079 1994; x_wconf 88' lang='lat' dir='ltr'>Horret</span> <span class='ocrx_word' id='word_1_61' title='bbox 1131 1916 1424 2016; x_wconf 85' lang='lat' dir='ltr'>capillis</span> <span class='ocrx_word' id='word_1_62' title='bbox 1478 1930 1563 1991; x_wconf 93' lang='lat' dir='ltr'>ut</span> <span class='ocrx_word' id='word_1_63' title='bbox 1616 1918 1955 1993; x_wconf 89' lang='lat' dir='ltr'>marinus</span> <span class='ocrx_word' id='word_1_64' title='bbox 2007 1916 2300 2015; x_wconf 85' lang='lat' dir='ltr'>asperis</span> 
     </span>
     <span class='ocr_line' id='line_1_16' title="bbox 985 2041 2126 2139; baseline -0.001 -24"><span class='ocrx_word' id='word_1_65' title='bbox 985 2041 1323 2116; x_wconf 86' lang='lat' dir='ltr'>Echinus</span> <span class='ocrx_word' id='word_1_66' title='bbox 1365 2053 1500 2116; x_wconf 87' lang='lat' dir='ltr'>aut</span> <span class='ocrx_word' id='word_1_67' title='bbox 1552 2067 1863 2117; x_wconf 87' lang='lat' dir='ltr'>currens</span> <span class='ocrx_word' id='word_1_68' title='bbox 1917 2067 2126 2139; x_wconf 84' lang='lat' dir='ltr'>aper.</span> 
     </span>
     <span class='ocr_line' id='line_1_17' title="bbox 783 2164 2113 2242; baseline -0.002 -1"><span class='ocrx_word' id='word_1_69' title='bbox 783 2166 1083 2242; x_wconf 85' lang='lat' dir='ltr'>Abacta</span> <span class='ocrx_word' id='word_1_70' title='bbox 1131 2164 1344 2241; x_wconf 86' lang='lat' dir='ltr'>nulla</span> <span class='ocrx_word' id='word_1_71' title='bbox 1396 2164 1595 2240; x_wconf 84' lang='lat' dir='ltr'>Veia</span> <span class='ocrx_word' id='word_1_72' title='bbox 1646 2164 2113 2241; x_wconf 88' lang='lat' dir='ltr'>conscientia</span> 
     </span>
     <span class='ocr_line' id='line_1_18' title="bbox 701 2290 2053 2389; baseline 0.001 -25"><span class='ocrx_word' id='word_1_73' title='bbox 701 2324 752 2364; x_wconf 67' lang='grc' dir='ltr'>ιο</span> <span class='ocrx_word' id='word_1_74' title='bbox 985 2290 1409 2389; x_wconf 86' lang='lat' dir='ltr'>Ligonibus</span> <span class='ocrx_word' id='word_1_75' title='bbox 1469 2291 1684 2366; x_wconf 90' lang='lat' dir='ltr'>duris</span> <span class='ocrx_word' id='word_1_76' title='bbox 1737 2291 2053 2367; x_wconf 88' lang='lat' dir='ltr'>humum</span> 
     </span>
     <span class='ocr_line' id='line_1_19' title="bbox 785 2416 2225 2515; baseline 0.001 -24"><span class='ocrx_word' id='word_1_77' title='bbox 785 2416 1308 2493; x_wconf 82' lang='lat' dir='ltr'>Exhauriebat</span> <span class='ocrx_word' id='word_1_78' title='bbox 1355 2418 1754 2515; x_wconf 87' lang='lat' dir='ltr'>ingemens</span> <span class='ocrx_word' id='word_1_79' title='bbox 1802 2416 2225 2507; x_wconf 84' lang='lat' dir='ltr'>laboribus,</span> 
     </span>
     <span class='ocr_line' id='line_1_20' title="bbox 988 2539 2107 2639; baseline 0.004 -25"><span class='ocrx_word' id='word_1_80' title='bbox 988 2539 1160 2633; x_wconf 86' lang='lat' dir='ltr'>Quo</span> <span class='ocrx_word' id='word_1_81' title='bbox 1212 2554 1470 2639; x_wconf 86' lang='lat' dir='ltr'>posset</span> <span class='ocrx_word' id='word_1_82' title='bbox 1523 2544 1859 2617; x_wconf 87' lang='lat' dir='ltr'>infossus</span> <span class='ocrx_word' id='word_1_83' title='bbox 1912 2566 2107 2639; x_wconf 84' lang='lat' dir='ltr'>puer</span> 
     </span>
     <span class='ocr_line' id='line_1_21' title="bbox 784 2666 2396 2766; baseline -0.001 -24"><span class='ocrx_word' id='word_1_84' title='bbox 784 2666 1060 2765; x_wconf 86' lang='lat' dir='ltr'>Longo</span> <span class='ocrx_word' id='word_1_85' title='bbox 1115 2666 1240 2741; x_wconf 87' lang='lat' dir='ltr'>die</span> <span class='ocrx_word' id='word_1_86' title='bbox 1294 2666 1412 2742; x_wconf 87' lang='lat' dir='ltr'>bis</span> <span class='ocrx_word' id='word_1_87' title='bbox 1468 2678 1739 2766; x_wconf 86' lang='lat' dir='ltr'>terque</span> <span class='ocrx_word' id='word_1_88' title='bbox 1790 2678 2126 2742; x_wconf 87' lang='lat' dir='ltr'>mutatae</span> <span class='ocrx_word' id='word_1_89' title='bbox 2178 2666 2396 2763; x_wconf 86' lang='lat' dir='ltr'>dapis</span> 
     </span>
     <span class='ocr_line' id='line_1_22' title="bbox 986 2790 1838 2889; baseline 0 -24"><span class='ocrx_word' id='word_1_90' title='bbox 986 2790 1324 2867; x_wconf 89' lang='lat' dir='ltr'>Inemori</span> <span class='ocrx_word' id='word_1_91' title='bbox 1376 2791 1838 2889; x_wconf 84' lang='lat' dir='ltr'>spectaculo,</span> 
     </span>
    </p>
   </div>
   <div class='ocr_carea' id='block_1_4' title="bbox 379 3072 1538 4640">
    <p class='ocr_par' dir='ltr' id='par_1_4' title="bbox 379 3072 1538 4640">
     <span class='ocr_line' id='line_1_23' title="bbox 390 3072 1537 3142; baseline -0.001 -14"><span class='ocrx_word' id='word_1_92' title='bbox 390 3073 610 3129; x_wconf 73' lang='lat' dir='ltr'>Schiitz.</span> <span class='ocrx_word' id='word_1_93' title='bbox 649 3072 719 3128; x_wconf 84' lang='lat' dir='ltr'>of.</span> <span class='ocrx_word' id='word_1_94' title='bbox 759 3073 1004 3141; x_wconf 84' lang='lat' dir='ltr'>Carm.,1</span> <span class='ocrx_word' id='word_1_95' title='bbox 1030 3072 1537 3142; x_wconf 80' lang='lat'>25,17.11,16‚1.</span> 
     </span>
     <span class='ocr_line' id='line_1_24' title="bbox 387 3113 1530 3214; baseline -0.001 -16"><span class='ocrx_word' id='word_1_96' title='bbox 387 3113 1530 3214; x_wconf 70' lang='lat' dir='ltr'>11,19‚5.etndcami.1„&#39;.&#39;22-</span> 
     </span>
     <span class='ocr_line' id='line_1_25' title="bbox 387 3216 1536 3286; baseline -0.001 -15"><span class='ocrx_word' id='word_1_97' title='bbox 387 3217 674 3286; x_wconf 74' lang='lat' dir='ltr'>implicata</span> <span class='ocrx_word' id='word_1_98' title='bbox 717 3218 812 3286; x_wconf 71' lang='lat' dir='ltr'>vip</span> <span class='ocrx_word' id='word_1_99' title='bbox 815 3216 942 3286; x_wconf 71' lang='lat' dir='ltr'>en&#39;s]</span> <span class='ocrx_word' id='word_1_100' title='bbox 921 3216 1290 3286; x_wconf 82' lang='lat' dir='ltr'>JFuriarum</span> <span class='ocrx_word' id='word_1_101' title='bbox 1340 3217 1536 3271; x_wconf 80' lang='lat' dir='ltr'>instar.</span> 
     </span>
     <span class='ocr_line' id='line_1_26' title="bbox 390 3232 1536 3429; baseline -0.002 -86"><span class='ocrx_word' id='word_1_102' title='bbox 390 3316 458 3327; x_wconf 92' lang='lat'>——</span> <span class='ocrx_word' id='word_1_103' title='bbox 459 3232 812 3429; x_wconf 48' lang='grc' dir='ltr'>μῦν-Ἤρ</span> <span class='ocrx_word' id='word_1_104' title='bbox 823 3288 916 3343; x_wconf 90' lang='lat' dir='ltr'>Sic</span> <span class='ocrx_word' id='word_1_105' title='bbox 963 3288 1124 3372; x_wconf 49' lang='lat' dir='ltr'>apud·</span> <span class='ocrx_word' id='word_1_106' title='bbox 1157 3286 1318 3343; x_wconf 85' lang='lat' dir='ltr'>ovid.</span> <span class='ocrx_word' id='word_1_107' title='bbox 1357 3292 1428 3341; x_wconf 98' lang='lat' dir='ltr'>A.</span> <span class='ocrx_word' id='word_1_108' title='bbox 1467 3290 1536 3341; x_wconf 88' lang='lat' dir='ltr'>A.</span> 
     </span>
     <span class='ocr_line' id='line_1_27' title="bbox 387 3359 1538 3431; baseline 0 -18"><span class='ocrx_word' id='word_1_109' title='bbox 387 3359 461 3427; x_wconf 87' lang='lat' dir='ltr'>H,</span> <span class='ocrx_word' id='word_1_110' title='bbox 499 3362 634 3414; x_wconf 75' lang='lat'>376·</span> <span class='ocrx_word' id='word_1_111' title='bbox 778 3376 843 3414; x_wconf 87' lang='lat' dir='ltr'>ec</span> <span class='ocrx_word' id='word_1_112' title='bbox 885 3360 1057 3415; x_wconf 72' lang='lat' dir='ltr'>brevis</span> <span class='ocrx_word' id='word_1_113' title='bbox 1107 3361 1306 3431; x_wconf 80' lang='lat' dir='ltr'>ignaro</span> <span class='ocrx_word' id='word_1_114' title='bbox 1342 3360 1538 3429; x_wconf 81' lang='lat' dir='ltr'>vipera</span> 
     </span>
     <span class='ocr_line' id='line_1_28' title="bbox 388 3378 1536 3500; baseline -0.002 -15"><span class='ocrx_word' id='word_1_115' title='bbox 388 3398 538 3486; x_wconf 64' lang='lat' dir='ltr'>la&#39;esa</span> <span class='ocrx_word' id='word_1_116' title='bbox 583 3430 778 3500; x_wconf 65' lang='lat' dir='ltr'>pedef‘</span> <span class='ocrx_word' id='word_1_117' title='bbox 851 3430 924 3485; x_wconf 83' lang='lat' dir='ltr'>id.</span> <span class='ocrx_word' id='word_1_118' title='bbox 971 3378 1199 3487; x_wconf 87' lang='lat' dir='ltr'>Remed.</span> <span class='ocrx_word' id='word_1_119' title='bbox 1235 3434 1360 3486; x_wconf 88' lang='lat' dir='ltr'>Am.</span> <span class='ocrx_word' id='word_1_120' title='bbox 1399 3432 1536 3484; x_wconf 77' lang='lat'>421.</span> 
     </span>
     <span class='ocr_line' id='line_1_29' title="bbox 392 3502 1538 3573; baseline -0.001 -15.966"><span class='ocrx_word' id='word_1_121' title='bbox 392 3502 613 3571; x_wconf 77' lang='lat' dir='ltr'>„Parva</span> <span class='ocrx_word' id='word_1_122' title='bbox 657 3506 818 3557; x_wconf 81' lang='lat' dir='ltr'>necat</span> <span class='ocrx_word' id='word_1_123' title='bbox 866 3520 1056 3557; x_wconf 87' lang='lat' dir='ltr'>morsu</span> <span class='ocrx_word' id='word_1_124' title='bbox 1101 3504 1406 3573; x_wconf 81' lang='lat' dir='ltr'>spatiosum</span> <span class='ocrx_word' id='word_1_125' title='bbox 1455 3504 1538 3556; x_wconf 83' lang='lat' dir='ltr'>vi-</span> 
     </span>
     <span class='ocr_line' id='line_1_30' title="bbox 388 3574 1536 3645; baseline -0.001 -17"><span class='ocrx_word' id='word_1_126' title='bbox 388 3590 526 3643; x_wconf 82' lang='lat' dir='ltr'>pera</span> <span class='ocrx_word' id='word_1_127' title='bbox 559 3574 836 3629; x_wconf 84' lang='lat' dir='ltr'>taurum.“</span> <span class='ocrx_word' id='word_1_128' title='bbox 873 3574 980 3629; x_wconf 83' lang='lat' dir='ltr'>Est</span> <span class='ocrx_word' id='word_1_129' title='bbox 1013 3575 1192 3645; x_wconf 75' lang='lat' dir='ltr'>igitur</span> <span class='ocrx_word' id='word_1_130' title='bbox 1217 3592 1390 3644; x_wconf 83' lang='lat' dir='ltr'>parva</span> <span class='ocrx_word' id='word_1_131' title='bbox 1415 3575 1536 3643; x_wconf 86' lang='lat' dir='ltr'>qui-</span> 
     </span>
     <span class='ocr_line' id='line_1_31' title="bbox 387 3645 1536 3710; baseline 0 -10"><span class='ocrx_word' id='word_1_132' title='bbox 387 3645 516 3700; x_wconf 88' lang='lat' dir='ltr'>dem</span> <span class='ocrx_word' id='word_1_133' title='bbox 553 3646 642 3700; x_wconf 81' lang='lat' dir='ltr'>vel</span> <span class='ocrx_word' id='word_1_134' title='bbox 678 3645 884 3710; x_wconf 82' lang='lat' dir='ltr'>brevis,</span> <span class='ocrx_word' id='word_1_135' title='bbox 921 3646 1018 3700; x_wconf 89' lang='lat' dir='ltr'>sed</span> <span class='ocrx_word' id='word_1_136' title='bbox 1055 3646 1296 3701; x_wconf 83' lang='lat' dir='ltr'>letifera.</span> <span class='ocrx_word' id='word_1_137' title='bbox 1347 3674 1412 3686; x_wconf 92' lang='lat'>—-</span> <span class='ocrx_word' id='word_1_138' title='bbox 1459 3661 1536 3700; x_wconf 79' lang='lat' dir='ltr'>se·</span> 
     </span>
     <span class='ocr_line' id='line_1_32' title="bbox 385 3716 1538 3787; baseline -0.001 -15"><span class='ocrx_word' id='word_1_139' title='bbox 385 3717 597 3785; x_wconf 68' lang='lat' dir='ltr'>pudor-is</span> <span class='ocrx_word' id='word_1_140' title='bbox 635 3716 840 3786; x_wconf 73' lang='lat' dir='ltr'>emtas]</span> <span class='ocrx_word' id='word_1_141' title='bbox 881 3718 1094 3772; x_wconf 86' lang='lat' dir='ltr'>scilieet</span> <span class='ocrx_word' id='word_1_142' title='bbox 1129 3735 1272 3787; x_wconf 83' lang='lat' dir='ltr'>quae</span> <span class='ocrx_word' id='word_1_143' title='bbox 1306 3718 1538 3772; x_wconf 85' lang='lat' dir='ltr'>validio-</span> 
     </span>
     <span class='ocr_line' id='line_1_33' title="bbox 388 3788 1538 3844; baseline 0.002 -3"><span class='ocrx_word' id='word_1_144' title='bbox 388 3804 478 3842; x_wconf 82' lang='lat' dir='ltr'>res</span> <span class='ocrx_word' id='word_1_145' title='bbox 523 3788 584 3841; x_wconf 88' lang='lat' dir='ltr'>in</span> <span class='ocrx_word' id='word_1_146' title='bbox 627 3788 734 3843; x_wconf 79' lang='lat' dir='ltr'>hac</span> <span class='ocrx_word' id='word_1_147' title='bbox 777 3806 841 3842; x_wconf 89' lang='lat' dir='ltr'>re</span> <span class='ocrx_word' id='word_1_148' title='bbox 901 3788 1258 3844; x_wconf 86' lang='lat' dir='ltr'>haberentur.</span> <span class='ocrx_word' id='word_1_149' title='bbox 1323 3820 1385 3829; x_wconf 93' lang='lat'><em>-</em></span> <span class='ocrx_word' id='word_1_150' title='bbox 1449 3805 1538 3843; x_wconf 76' lang='lat' dir='ltr'>eu·</span> 
     </span>
     <span class='ocr_line' id='line_1_34' title="bbox 379 3858 1534 3930; baseline -0.001 -16"><span class='ocrx_word' id='word_1_151' title='bbox 379 3858 630 3929; x_wconf 69' lang='lat' dir='ltr'>pressus]</span> <span class='ocrx_word' id='word_1_152' title='bbox 669 3860 740 3914; x_wconf 75' lang='lat' dir='ltr'>cf.</span> <span class='ocrx_word' id='word_1_153' title='bbox 780 3859 960 3914; x_wconf 79' lang='lat' dir='ltr'>Carni.</span> <span class='ocrx_word' id='word_1_154' title='bbox 995 3861 1074 3929; x_wconf 91' lang='lat'>11,</span> <span class='ocrx_word' id='word_1_155' title='bbox 1117 3864 1201 3928; x_wconf 79' lang='lat'>14,</span> <span class='ocrx_word' id='word_1_156' title='bbox 1238 3862 1324 3915; x_wconf 80' lang='grc'><strong>23.</strong></span> <span class='ocrx_word' id='word_1_157' title='bbox 1370 3860 1534 3930; x_wconf 80' lang='lat' dir='ltr'>Verg.</span> 
     </span>
     <span class='ocr_line' id='line_1_35' title="bbox 388 3930 1536 3999; baseline 0.001 -15"><span class='ocrx_word' id='word_1_158' title='bbox 388 3933 529 3985; x_wconf 88' lang='lat' dir='ltr'>Aen.</span> <span class='ocrx_word' id='word_1_159' title='bbox 567 3930 666 3998; x_wconf 93' lang='lat'>111,</span> <span class='ocrx_word' id='word_1_160' title='bbox 705 3932 790 3985; x_wconf 84' lang='lat'>64.</span> <span class='ocrx_word' id='word_1_161' title='bbox 829 3930 921 3988; x_wconf 86' lang='lat' dir='ltr'>VI.</span> <span class='ocrx_word' id='word_1_162' title='bbox 943 3933 1065 3985; x_wconf 87' lang='grc'><strong>216.</strong></span> <span class='ocrx_word' id='word_1_163' title='bbox 1101 3961 1170 3973; x_wconf 94' lang='lat'>·-</span> <span class='ocrx_word' id='word_1_164' title='bbox 1205 3932 1400 3999; x_wconf 78' lang='lat' dir='ltr'>ranae]</span> <span class='ocrx_word' id='word_1_165' title='bbox 1434 3931 1536 3986; x_wconf 90' lang='lat' dir='ltr'>bu·</span> 
     </span>
     <span class='ocr_line' id='line_1_36' title="bbox 387 4002 1536 4072; baseline 0 -16"><span class='ocrx_word' id='word_1_166' title='bbox 387 4002 549 4056; x_wconf 66' lang='lat' dir='ltr'>sonis.</span> <span class='ocrx_word' id='word_1_167' title='bbox 575 4030 644 4042; x_wconf 92' lang='lat'><strong>—</strong></span> <span class='ocrx_word' id='word_1_168' title='bbox 671 4002 865 4072; x_wconf 77' lang='lat' dir='ltr'>Iolcos]</span> <span class='ocrx_word' id='word_1_169' title='bbox 904 4002 1202 4057; x_wconf 85' lang='lat' dir='ltr'>Thessalae</span> <span class='ocrx_word' id='word_1_170' title='bbox 1237 4004 1386 4057; x_wconf 85' lang='lat' dir='ltr'>enim</span> <span class='ocrx_word' id='word_1_171' title='bbox 1417 4020 1536 4057; x_wconf 87' lang='lat' dir='ltr'>mu·</span> 
     </span>
     <span class='ocr_line' id='line_1_37' title="bbox 387 4072 1536 4129; baseline 0.001 -2"><span class='ocrx_word' id='word_1_172' title='bbox 387 4073 552 4128; x_wconf 88' lang='lat' dir='ltr'>lieres</span> <span class='ocrx_word' id='word_1_173' title='bbox 595 4078 765 4128; x_wconf 83' lang='lat' dir='ltr'>notae</span> <span class='ocrx_word' id='word_1_174' title='bbox 799 4078 963 4128; x_wconf 74' lang='lat' dir='ltr'>erant</span> <span class='ocrx_word' id='word_1_175' title='bbox 999 4072 1280 4129; x_wconf 83' lang='lat' dir='ltr'>veneficiis</span> <span class='ocrx_word' id='word_1_176' title='bbox 1319 4078 1377 4128; x_wconf 87' lang='lat' dir='ltr'>et</span> <span class='ocrx_word' id='word_1_177' title='bbox 1421 4091 1536 4128; x_wconf 79' lang='lat' dir='ltr'>ma-</span> 
     </span>
     <span class='ocr_line' id='line_1_38' title="bbox 432 4145 1536 4215; baseline 0.001 -16.016"><span class='ocrx_word' id='word_1_178' title='bbox 432 4145 528 4200; x_wconf 87' lang='lat' dir='ltr'>cis</span> <span class='ocrx_word' id='word_1_179' title='bbox 567 4145 803 4200; x_wconf 81' lang='lat' dir='ltr'>artibus.</span> <span class='ocrx_word' id='word_1_180' title='bbox 875 4145 1109 4199; x_wconf 85' lang='lat' dir='ltr'>Hiberia</span> <span class='ocrx_word' id='word_1_181' title='bbox 1157 4150 1342 4200; x_wconf 83' lang='lat' dir='ltr'>autem</span> <span class='ocrx_word' id='word_1_182' title='bbox 1379 4146 1536 4215; x_wconf 80' lang='lat' dir='ltr'>regio</span> 
     </span>
     <span class='ocr_line' id='line_1_39' title="bbox 437 4215 1538 4285; baseline 0 -14"><span class='ocrx_word' id='word_1_183' title='bbox 437 4217 557 4271; x_wconf 87' lang='lat' dir='ltr'>onti</span> <span class='ocrx_word' id='word_1_184' title='bbox 591 4223 701 4271; x_wconf 83' lang='lat' dir='ltr'>est.</span> <span class='ocrx_word' id='word_1_185' title='bbox 747 4215 1070 4285; x_wconf 85' lang='lat' dir='ltr'>frequentes</span> <span class='ocrx_word' id='word_1_186' title='bbox 1114 4217 1196 4271; x_wconf 90' lang='lat' dir='ltr'>ibi</span> <span class='ocrx_word' id='word_1_187' title='bbox 1232 4223 1538 4271; x_wconf 82' lang='lat' dir='ltr'>venenatae</span> 
     </span>
     <span class='ocr_line' id='line_1_40' title="bbox 388 4286 1536 4357; baseline 0 -14"><span class='ocrx_word' id='word_1_188' title='bbox 388 4286 614 4355; x_wconf 85' lang='lat' dir='ltr'>herbae,</span> <span class='ocrx_word' id='word_1_189' title='bbox 655 4288 860 4357; x_wconf 88' lang='lat' dir='ltr'>quibus</span> <span class='ocrx_word' id='word_1_190' title='bbox 895 4288 1030 4343; x_wconf 88' lang='lat' dir='ltr'>olim</span> <span class='ocrx_word' id='word_1_191' title='bbox 1066 4288 1263 4343; x_wconf 82' lang='lat' dir='ltr'>Medea</span> <span class='ocrx_word' id='word_1_192' title='bbox 1298 4304 1398 4342; x_wconf 85' lang='lat' dir='ltr'>usa</span> <span class='ocrx_word' id='word_1_193' title='bbox 1433 4294 1536 4343; x_wconf 84' lang='lat' dir='ltr'>est.</span> 
     </span>
     <span class='ocr_line' id='line_1_41' title="bbox 388 4358 1536 4429; baseline 0 -15"><span class='ocrx_word' id='word_1_194' title='bbox 388 4360 460 4414; x_wconf 81' lang='lat' dir='ltr'>of.</span> <span class='ocrx_word' id='word_1_195' title='bbox 497 4358 679 4414; x_wconf 84' lang='lat' dir='ltr'>Tacit.</span> <span class='ocrx_word' id='word_1_196' title='bbox 715 4363 860 4414; x_wconf 87' lang='lat' dir='ltr'>Ann.</span> <span class='ocrx_word' id='word_1_197' title='bbox 887 4359 980 4427; x_wconf 87' lang='lat' dir='ltr'>VI,</span> <span class='ocrx_word' id='word_1_198' title='bbox 999 4362 1093 4413; x_wconf 82' lang='grc'><strong>34.</strong></span> <span class='ocrx_word' id='word_1_199' title='bbox 1134 4358 1380 4429; x_wconf 76' lang='lat' dir='ltr'>„Ferunt</span> <span class='ocrx_word' id='word_1_200' title='bbox 1417 4359 1536 4425; x_wconf 84' lang='lat' dir='ltr'>(Hi-</span> 
     </span>
     <span class='ocr_line' id='line_1_42' title="bbox 388 4400 1534 4501; baseline 0.001 -16"><span class='ocrx_word' id='word_1_201' title='bbox 388 4430 536 4499; x_wconf 89' lang='lat' dir='ltr'>beri)</span> <span class='ocrx_word' id='word_1_202' title='bbox 573 4446 632 4485; x_wconf 87' lang='lat' dir='ltr'>se</span> <span class='ocrx_word' id='word_1_203' title='bbox 651 4430 930 4485; x_wconf 85' lang='lat' dir='ltr'>Thessalis</span> <span class='ocrx_word' id='word_1_204' title='bbox 953 4435 1126 4499; x_wconf 80' lang='lat' dir='ltr'>ortos,</span> <span class='ocrx_word' id='word_1_205' title='bbox 1134 4400 1266 4501; x_wconf 71' lang='lat' dir='ltr'>”qua</span> <span class='ocrx_word' id='word_1_206' title='bbox 1299 4434 1534 4501; x_wconf 82' lang='lat' dir='ltr'>tempes-</span> 
     </span>
     <span class='ocr_line' id='line_1_43' title="bbox 388 4500 1536 4573; baseline 0.003 -18"><span class='ocrx_word' id='word_1_207' title='bbox 388 4507 506 4557; x_wconf 77' lang='lat' dir='ltr'>tate</span> <span class='ocrx_word' id='word_1_208' title='bbox 542 4500 664 4556; x_wconf 82' lang='lat' dir='ltr'>Iaso</span> <span class='ocrx_word' id='word_1_209' title='bbox 699 4507 829 4571; x_wconf 80' lang='lat' dir='ltr'>poet</span> <span class='ocrx_word' id='word_1_210' title='bbox 863 4506 1118 4557; x_wconf 78' lang='lat' dir='ltr'>avectam</span> <span class='ocrx_word' id='word_1_211' title='bbox 1152 4502 1408 4557; x_wconf 79' lang='lat' dir='ltr'>Medeam</span> <span class='ocrx_word' id='word_1_212' title='bbox 1443 4520 1536 4573; x_wconf 69' lang='lat' dir='ltr'>g’e·</span> 
     </span>
     <span class='ocr_line' id='line_1_44' title="bbox 387 4573 1536 4640; baseline -0.001 -12"><span class='ocrx_word' id='word_1_213' title='bbox 387 4574 646 4640; x_wconf 78' lang='lat' dir='ltr'>nitosque</span> <span class='ocrx_word' id='word_1_214' title='bbox 681 4590 750 4628; x_wconf 83' lang='lat' dir='ltr'>ex</span> <span class='ocrx_word' id='word_1_215' title='bbox 803 4591 867 4629; x_wconf 83' lang='lat' dir='ltr'>ea</span> <span class='ocrx_word' id='word_1_216' title='bbox 903 4573 1110 4629; x_wconf 79' lang='lat' dir='ltr'>liberos</span> <span class='ocrx_word' id='word_1_217' title='bbox 1147 4574 1369 4629; x_wconf 85' lang='lat' dir='ltr'>inanem</span> <span class='ocrx_word' id='word_1_218' title='bbox 1404 4590 1536 4629; x_wconf 80' lang='lat' dir='ltr'>mox</span> 
     </span>
    </p>
   </div>
   <div class='ocr_carea' id='block_1_5' title="bbox 1636 3068 2791 4637">
    <p class='ocr_par' dir='ltr' id='par_1_5' title="bbox 1638 3068 2791 3925">
     <span class='ocr_line' id='line_1_45' title="bbox 1639 3068 2785 3143; baseline -0.003 -16"><span class='ocrx_word' id='word_1_219' title='bbox 1639 3073 1852 3143; x_wconf 75' lang='lat' dir='ltr'>reg-iam</span> <span class='ocrx_word' id='word_1_220' title='bbox 1912 3073 2123 3127; x_wconf 84' lang='lat' dir='ltr'>Aeetae</span> <span class='ocrx_word' id='word_1_221' title='bbox 2177 3088 2491 3140; x_wconf 79' lang='lat' dir='ltr'>vacuosque</span> <span class='ocrx_word' id='word_1_222' title='bbox 2552 3068 2785 3125; x_wconf 80' lang='lat' dir='ltr'>Colchos</span> 
     </span>
     <span class='ocr_line' id='line_1_46' title="bbox 1638 3143 2787 3213; baseline -0.003 -14"><span class='ocrx_word' id='word_1_223' title='bbox 1638 3144 1953 3213; x_wconf 84' lang='lat' dir='ltr'>repetivit.“</span> <span class='ocrx_word' id='word_1_224' title='bbox 1976 3174 2043 3183; x_wconf 90' lang='lat'><em>-</em></span> <span class='ocrx_word' id='word_1_225' title='bbox 2066 3143 2351 3213; x_wconf 71' lang='lat' dir='ltr'>Colchicis]</span> <span class='ocrx_word' id='word_1_226' title='bbox 2380 3143 2569 3212; x_wconf 87' lang='lat' dir='ltr'>quales</span> <span class='ocrx_word' id='word_1_227' title='bbox 2597 3158 2787 3196; x_wconf 84' lang='lat' dir='ltr'>acoen-</span> 
     </span>
     <span class='ocr_line' id='line_1_47' title="bbox 1639 3213 2789 3283; baseline -0.003 -12"><span class='ocrx_word' id='word_1_228' title='bbox 1639 3216 1786 3271; x_wconf 84' lang='lat' dir='ltr'>disse</span> <span class='ocrx_word' id='word_1_229' title='bbox 1832 3215 2014 3271; x_wconf 85' lang='lat' dir='ltr'>fertur</span> <span class='ocrx_word' id='word_1_230' title='bbox 2053 3214 2251 3269; x_wconf 80' lang='lat' dir='ltr'>Medea</span> <span class='ocrx_word' id='word_1_231' title='bbox 2288 3214 2532 3283; x_wconf 77' lang='lat' dir='ltr'>Colchis,</span> <span class='ocrx_word' id='word_1_232' title='bbox 2580 3213 2789 3268; x_wconf 82' lang='lat' dir='ltr'>additis</span> 
     </span>
     <span class='ocr_line' id='line_1_48' title="bbox 1639 3284 2791 3357; baseline -0.001 -17"><span class='ocrx_word' id='word_1_233' title='bbox 1639 3287 1955 3342; x_wconf 81' lang='lat' dir='ltr'>infelicibus</span> <span class='ocrx_word' id='word_1_234' title='bbox 2001 3287 2303 3357; x_wconf 78' lang='lat' dir='ltr'>lignis.—</span> <span class='ocrx_word' id='word_1_235' title='bbox 2360 3285 2601 3356; x_wconf 61' lang='lat' dir='ltr'>Saffum]</span> <span class='ocrx_word' id='word_1_236' title='bbox 2638 3284 2791 3339; x_wconf 80' lang='lat' dir='ltr'>Haeo</span> 
     </span>
     <span class='ocr_line' id='line_1_49' title="bbox 1641 3357 2789 3413; baseline -0.002 0"><span class='ocrx_word' id='word_1_237' title='bbox 1641 3359 1905 3413; x_wconf 84' lang='lat' dir='ltr'>Canidiae</span> <span class='ocrx_word' id='word_1_238' title='bbox 1928 3359 2078 3413; x_wconf 82' lang='lat' dir='ltr'>socia</span> <span class='ocrx_word' id='word_1_239' title='bbox 2112 3362 2578 3413; x_wconf 84' lang='lat' dir='ltr'>commemoratur</span> <span class='ocrx_word' id='word_1_240' title='bbox 2616 3357 2789 3411; x_wconf 78' lang='lat' dir='ltr'>etiam</span> 
     </span>
     <span class='ocr_line' id='line_1_50' title="bbox 1640 3428 2789 3499; baseline -0.003 -14"><span class='ocrx_word' id='word_1_241' title='bbox 1640 3430 1754 3485; x_wconf 88' lang='lat' dir='ltr'>Sat.</span> <span class='ocrx_word' id='word_1_242' title='bbox 1789 3431 1835 3498; x_wconf 91' lang='lat' dir='ltr'>I,</span> <span class='ocrx_word' id='word_1_243' title='bbox 1872 3433 1925 3499; x_wconf 85' lang='lat'>8,</span> <span class='ocrx_word' id='word_1_244' title='bbox 1962 3432 2053 3483; x_wconf 96' lang='grc'>25.</span> <span class='ocrx_word' id='word_1_245' title='bbox 2086 3428 2467 3499; x_wconf 67' lang='grc' dir='ltr'>-εωρεάίὺα]</span> <span class='ocrx_word' id='word_1_246' title='bbox 2507 3429 2546 3483; x_wconf 91' lang='lat' dir='ltr'>i.</span> <span class='ocrx_word' id='word_1_247' title='bbox 2584 3446 2632 3482; x_wconf 90' lang='lat' dir='ltr'>e.</span> <span class='ocrx_word' id='word_1_248' title='bbox 2668 3444 2789 3482; x_wconf 82' lang='lat' dir='ltr'>suo-</span> 
     </span>
     <span class='ocr_line' id='line_1_51' title="bbox 1638 3499 2787 3569; baseline -0.003 -13"><span class='ocrx_word' id='word_1_249' title='bbox 1638 3503 1837 3557; x_wconf 84' lang='lat' dir='ltr'>cineta.</span> <span class='ocrx_word' id='word_1_250' title='bbox 1900 3530 1962 3541; x_wconf 91' lang='lat'>—-</span> <span class='ocrx_word' id='word_1_251' title='bbox 2017 3500 2319 3557; x_wconf 70' lang='lat' dir='ltr'>Avernales</span> <span class='ocrx_word' id='word_1_252' title='bbox 2366 3500 2559 3569; x_wconf 70' lang='lat' dir='ltr'>aquas]</span> <span class='ocrx_word' id='word_1_253' title='bbox 2619 3499 2787 3569; x_wconf 81' lang='lat' dir='ltr'>Verg.</span> 
     </span>
     <span class='ocr_line' id='line_1_52' title="bbox 1638 3571 2789 3641; baseline -0.003 -14"><span class='ocrx_word' id='word_1_254' title='bbox 1638 3576 1777 3628; x_wconf 87' lang='lat' dir='ltr'>Aen.</span> <span class='ocrx_word' id='word_1_255' title='bbox 1814 3573 1909 3641; x_wconf 85' lang='lat' dir='ltr'>IV,</span> <span class='ocrx_word' id='word_1_256' title='bbox 1950 3574 2075 3627; x_wconf 85' lang='grc'><strong>512.</strong></span> <span class='ocrx_word' id='word_1_257' title='bbox 2128 3600 2195 3611; x_wconf 89' lang='lat'>——</span> <span class='ocrx_word' id='word_1_258' title='bbox 2253 3586 2477 3627; x_wconf 71' lang='lat' dir='ltr'>emens</span> <span class='ocrx_word' id='word_1_259' title='bbox 2522 3572 2674 3640; x_wconf 75' lang='lat' dir='ltr'>aper]</span> <span class='ocrx_word' id='word_1_260' title='bbox 2728 3571 2789 3624; x_wconf 89' lang='lat' dir='ltr'>in</span> 
     </span>
     <span class='ocr_line' id='line_1_53' title="bbox 1638 3641 2787 3699; baseline -0.003 0"><span class='ocrx_word' id='word_1_261' title='bbox 1638 3649 1931 3699; x_wconf 81' lang='lat' dir='ltr'>venatores</span> <span class='ocrx_word' id='word_1_262' title='bbox 1966 3661 2148 3699; x_wconf 86' lang='lat' dir='ltr'>ruens.</span> <span class='ocrx_word' id='word_1_263' title='bbox 2208 3641 2367 3697; x_wconf 83' lang='lat' dir='ltr'>Ovid.</span> <span class='ocrx_word' id='word_1_264' title='bbox 2405 3641 2649 3697; x_wconf 80' lang='lat' dir='ltr'>Halieut.</span> <span class='ocrx_word' id='word_1_265' title='bbox 2688 3644 2787 3695; x_wconf 78' lang='lat'>59:</span> 
     </span>
     <span class='ocr_line' id='line_1_54' title="bbox 1642 3714 2790 3785; baseline -0.002 -16"><span class='ocrx_word' id='word_1_266' title='bbox 1642 3718 1850 3785; x_wconf 85' lang='lat' dir='ltr'>„Actus</span> <span class='ocrx_word' id='word_1_267' title='bbox 1910 3732 1943 3769; x_wconf 81' lang='lat' dir='ltr'>a</span> <span class='ocrx_word' id='word_1_268' title='bbox 1982 3732 2042 3770; x_wconf 86' lang='lat' dir='ltr'>er</span> <span class='ocrx_word' id='word_1_269' title='bbox 2102 3714 2235 3769; x_wconf 84' lang='lat' dir='ltr'>setis</span> <span class='ocrx_word' id='word_1_270' title='bbox 2297 3714 2441 3768; x_wconf 86' lang='lat' dir='ltr'>iram</span> <span class='ocrx_word' id='word_1_271' title='bbox 2492 3714 2790 3769; x_wconf 79' lang='lat' dir='ltr'>denuntiat</span> 
     </span>
     <span class='ocr_line' id='line_1_55' title="bbox 1638 3786 2787 3856; baseline -0.003 -14"><span class='ocrx_word' id='word_1_272' title='bbox 1638 3788 1854 3842; x_wconf 85' lang='lat' dir='ltr'>hirtis.“</span> <span class='ocrx_word' id='word_1_273' title='bbox 1966 3802 2383 3856; x_wconf 76' lang='lat' dir='ltr'>upervacaneae</span> <span class='ocrx_word' id='word_1_274' title='bbox 2428 3786 2605 3855; x_wconf 80' lang='lat' dir='ltr'>igitur</span> <span class='ocrx_word' id='word_1_275' title='bbox 2661 3802 2787 3839; x_wconf 88' lang='lat' dir='ltr'>oon·</span> 
     </span>
     <span class='ocr_line' id='line_1_56' title="bbox 1640 3858 2683 3925; baseline -0.003 -12"><span class='ocrx_word' id='word_1_276' title='bbox 1640 3860 1885 3914; x_wconf 83' lang='lat' dir='ltr'>iecturae</span> <span class='ocrx_word' id='word_1_277' title='bbox 1925 3858 2197 3924; x_wconf 76' lang='lat' dir='ltr'>Laurens,</span> <span class='ocrx_word' id='word_1_278' title='bbox 2230 3872 2416 3925; x_wconf 74' lang='lat' dir='ltr'>ruens,</span> <span class='ocrx_word' id='word_1_279' title='bbox 2452 3862 2683 3911; x_wconf 68' lang='lat' dir='ltr'>emam.</span> 
     </span>
    </p>

    <p class='ocr_par' dir='ltr' id='par_1_6' title="bbox 1636 3928 2791 4637">
     <span class='ocr_line' id='line_1_57' title="bbox 1710 3928 2789 3997; baseline -0.002 -14"><span class='ocrx_word' id='word_1_280' title='bbox 1710 3930 1774 3983; x_wconf 89' lang='lat' dir='ltr'>V.</span> <span class='ocrx_word' id='word_1_281' title='bbox 1814 3932 1901 3984; x_wconf 81' lang='lat'>30.</span> <span class='ocrx_word' id='word_1_282' title='bbox 1960 3928 2197 3997; x_wconf 75' lang='lat' dir='ltr'>humum]</span> <span class='ocrx_word' id='word_1_283' title='bbox 2244 3928 2305 3981; x_wconf 88' lang='lat' dir='ltr'>in</span> <span class='ocrx_word' id='word_1_284' title='bbox 2350 3928 2547 3983; x_wconf 86' lang='lat' dir='ltr'>domus</span> <span class='ocrx_word' id='word_1_285' title='bbox 2582 3928 2789 3997; x_wconf 87' lang='lat' dir='ltr'>implu-</span> 
     </span>
     <span class='ocr_line' id='line_1_58' title="bbox 1638 3998 2787 4068; baseline 0 -14"><span class='ocrx_word' id='word_1_286' title='bbox 1638 4002 1752 4060; x_wconf 83' lang='lat' dir='ltr'>vio.</span> <span class='ocrx_word' id='word_1_287' title='bbox 1788 4008 1855 4055; x_wconf 87' lang='lat' dir='ltr'>ut</span> <span class='ocrx_word' id='word_1_288' title='bbox 1886 4000 2127 4055; x_wconf 78' lang='lat' dir='ltr'>videtur.</span> <span class='ocrx_word' id='word_1_289' title='bbox 2160 4027 2223 4039; x_wconf 90' lang='lat'>-—</span> <span class='ocrx_word' id='word_1_290' title='bbox 2264 3998 2394 4068; x_wconf 75' lang='lat' dir='ltr'>quo]</span> <span class='ocrx_word' id='word_1_291' title='bbox 2416 4004 2573 4053; x_wconf 84' lang='lat' dir='ltr'>=ut</span> <span class='ocrx_word' id='word_1_292' title='bbox 2606 4016 2693 4054; x_wconf 87' lang='lat' dir='ltr'>eo.</span> <span class='ocrx_word' id='word_1_293' title='bbox 2720 4029 2787 4038; x_wconf 92' lang='lat'>—</span> 
     </span>
     <span class='ocr_line' id='line_1_59' title="bbox 1638 4070 2787 4142; baseline -0.002 -15"><span class='ocrx_word' id='word_1_294' title='bbox 1638 4072 1723 4127; x_wconf 69' lang='lat' dir='ltr'>bis</span> <span class='ocrx_word' id='word_1_295' title='bbox 1742 4072 1945 4142; x_wconf 70' lang='lat' dir='ltr'>terque]</span> <span class='ocrx_word' id='word_1_296' title='bbox 1982 4071 2133 4127; x_wconf 78' lang='lat' dir='ltr'>Male</span> <span class='ocrx_word' id='word_1_297' title='bbox 2154 4070 2293 4125; x_wconf 88' lang='lat' dir='ltr'>olim</span> <span class='ocrx_word' id='word_1_298' title='bbox 2328 4071 2415 4124; x_wconf 74' lang='lat' dir='ltr'>bis</span> <span class='ocrx_word' id='word_1_299' title='bbox 2450 4076 2616 4139; x_wconf 51' lang='lat' dir='ltr'>town</span> <span class='ocrx_word' id='word_1_300' title='bbox 2654 4087 2787 4125; x_wconf 84' lang='lat' dir='ltr'>nam</span> 
     </span>
     <span class='ocr_line' id='line_1_60' title="bbox 1636 4141 2791 4213; baseline 0 -16"><span class='ocrx_word' id='word_1_301' title='bbox 1636 4144 1719 4197; x_wconf 79' lang='lat' dir='ltr'>bis</span> <span class='ocrx_word' id='word_1_302' title='bbox 1754 4150 1940 4213; x_wconf 73' lang='lat' dir='ltr'>terque</span> <span class='ocrx_word' id='word_1_303' title='bbox 1974 4141 2253 4213; x_wconf 81' lang='lat' dir='ltr'>significat</span> <span class='ocrx_word' id='word_1_304' title='bbox 2276 4142 2513 4210; x_wconf 71' lang='lat' dir='ltr'>saepius.</span> <span class='ocrx_word' id='word_1_305' title='bbox 2538 4142 2627 4197; x_wconf 77' lang='lat' dir='ltr'>bis</span> <span class='ocrx_word' id='word_1_306' title='bbox 2648 4148 2791 4197; x_wconf 69' lang='lat' dir='ltr'>tave</span> 
     </span>
     <span class='ocr_line' id='line_1_61' title="bbox 1638 4212 2787 4299; baseline 0 -31"><span class='ocrx_word' id='word_1_307' title='bbox 1638 4220 1725 4269; x_wconf 78' lang='lat' dir='ltr'>est</span> <span class='ocrx_word' id='word_1_308' title='bbox 1760 4233 1864 4299; x_wconf 80' lang='lat' dir='ltr'>pro</span> <span class='ocrx_word' id='word_1_309' title='bbox 1899 4230 2049 4269; x_wconf 76' lang='lat' dir='ltr'>raro.</span> <span class='ocrx_word' id='word_1_310' title='bbox 2123 4212 2423 4282; x_wconf 81' lang='lat' dir='ltr'>Porphyr.·</span> <span class='ocrx_word' id='word_1_311' title='bbox 2466 4218 2565 4281; x_wconf 85' lang='lat' dir='ltr'>„ut</span> <span class='ocrx_word' id='word_1_312' title='bbox 2605 4213 2787 4283; x_wconf 67' lang='lat' dir='ltr'>magis</span> 
     </span>
     <span class='ocr_line' id='line_1_62' title="bbox 1639 4284 2787 4354; baseline 0 -15"><span class='ocrx_word' id='word_1_313' title='bbox 1639 4286 1813 4341; x_wconf 80' lang='lat' dir='ltr'>fames</span> <span class='ocrx_word' id='word_1_314' title='bbox 1838 4287 2189 4353; x_wconf 79' lang='lat' dir='ltr'>incitaretur,</span> <span class='ocrx_word' id='word_1_315' title='bbox 2212 4301 2387 4354; x_wconf 85' lang='lat' dir='ltr'>puero</span> <span class='ocrx_word' id='word_1_316' title='bbox 2416 4285 2499 4339; x_wconf 84' lang='lat' dir='ltr'>ait</span> <span class='ocrx_word' id='word_1_317' title='bbox 2522 4284 2611 4339; x_wconf 85' lang='lat' dir='ltr'>illi</span> <span class='ocrx_word' id='word_1_318' title='bbox 2630 4289 2787 4340; x_wconf 68' lang='lat' dir='ltr'>ante·</span> 
     </span>
     <span class='ocr_line' id='line_1_63' title="bbox 1638 4357 2785 4427; baseline 0 -16"><span class='ocrx_word' id='word_1_319' title='bbox 1638 4358 1771 4427; x_wconf 84' lang='lat' dir='ltr'>poni</span> <span class='ocrx_word' id='word_1_320' title='bbox 1832 4376 1862 4412; x_wconf 85' lang='lat' dir='ltr'>e</span> <span class='ocrx_word' id='word_1_321' title='bbox 1902 4358 2023 4411; x_wconf 67' lang='lat' dir='ltr'>ulus</span> <span class='ocrx_word' id='word_1_322' title='bbox 2076 4361 2135 4411; x_wconf 81' lang='lat' dir='ltr'>et</span> <span class='ocrx_word' id='word_1_323' title='bbox 2186 4372 2353 4424; x_wconf 79' lang='lat' dir='ltr'>saepe</span> <span class='ocrx_word' id='word_1_324' title='bbox 2406 4357 2663 4411; x_wconf 53' lang='lat' dir='ltr'>mutaris</span> <span class='ocrx_word' id='word_1_325' title='bbox 2719 4383 2785 4397; x_wconf 86' lang='lat'>—-</span> 
     </span>
     <span class='ocr_line' id='line_1_64' title="bbox 1638 4426 2789 4495; baseline -0.001 -13"><span class='ocrx_word' id='word_1_326' title='bbox 1638 4431 1865 4484; x_wconf 60' lang='lat' dir='ltr'>{mort</span> <span class='ocrx_word' id='word_1_327' title='bbox 1932 4427 2061 4482; x_wconf 82' lang='lat' dir='ltr'>vide</span> <span class='ocrx_word' id='word_1_328' title='bbox 2110 4427 2183 4481; x_wconf 83' lang='lat' dir='ltr'>ad</span> <span class='ocrx_word' id='word_1_329' title='bbox 2234 4426 2493 4490; x_wconf 84' lang='lat' dir='ltr'>Carm.1,</span> <span class='ocrx_word' id='word_1_330' title='bbox 2534 4432 2585 4495; x_wconf 89' lang='grc'><strong>5,</strong></span> <span class='ocrx_word' id='word_1_331' title='bbox 2624 4428 2676 4482; x_wconf 85' lang='grc'><strong>8.</strong></span> <span class='ocrx_word' id='word_1_332' title='bbox 2714 4452 2789 4467; x_wconf 85' lang='lat'>-·-</span> 
     </span>
     <span class='ocr_line' id='line_1_65' title="bbox 1636 4470 2785 4555; baseline -0.002 -1"><span class='ocrx_word' id='word_1_333' title='bbox 1636 4505 1859 4555; x_wconf 67' lang='lat' dir='ltr'>macta</span> <span class='ocrx_word' id='word_1_334' title='bbox 1918 4498 2171 4553; x_wconf 75' lang='lat' dir='ltr'>Probata</span> <span class='ocrx_word' id='word_1_335' title='bbox 2202 4498 2340 4552; x_wconf 87' lang='lat' dir='ltr'>haec</span> <span class='ocrx_word' id='word_1_336' title='bbox 2364 4470 2533 4553; x_wconf 77' lang='lat' dir='ltr'>lectio</span> <span class='ocrx_word' id='word_1_337' title='bbox 2568 4502 2654 4553; x_wconf 86' lang='lat' dir='ltr'>est</span> <span class='ocrx_word' id='word_1_338' title='bbox 2688 4498 2785 4552; x_wconf 71' lang='lat' dir='ltr'>bo-</span> 
     </span>
     <span class='ocr_line' id='line_1_66' title="bbox 1636 4568 2787 4637; baseline -0.003 -11"><span class='ocrx_word' id='word_1_339' title='bbox 1636 4572 1723 4625; x_wconf 87' lang='lat' dir='ltr'>nis</span> <span class='ocrx_word' id='word_1_340' title='bbox 1742 4570 2025 4626; x_wconf 81' lang='lat' dir='ltr'>codicibus</span> <span class='ocrx_word' id='word_1_341' title='bbox 2043 4576 2101 4624; x_wconf 83' lang='lat' dir='ltr'>et</span> <span class='ocrx_word' id='word_1_342' title='bbox 2119 4569 2635 4637; x_wconf 82' lang='lat' dir='ltr'>antiquissimorum</span> <span class='ocrx_word' id='word_1_343' title='bbox 2650 4568 2787 4623; x_wconf 84' lang='lat' dir='ltr'>Gru·</span> 
     </span>
    </p>
   </div>
  </div>
 </body>
</html>
