3092 5059
465 251 588 321 130

1323 343 1326 346 A
1437 249 1893 323 omnum

860 458 1265 536 Pulchrior
1310 460 1553 535 multo
1608 461 2126 559 iuvenumque
2178 456 2440 560 prodis

1052 584 1374 660 Publica
1419 610 1623 659 cura.

859 720 1203 834 Expedit
1235 736 1498 827 matris
1552 735 1845 812 cineres
1900 747 2211 835 opertos

783 890 829 927 ιο
861 857 1162 934 Fallere
1213 874 1289 935 et
1339 872 1494 934 toto
1550 860 1927 935 taciturna
1976 860 2218 934 noctis

860 983 1098 1081 Signa
1151 1010 1322 1061 cum
1346 1038 1350 1043 ι
1371 984 1584 1063 caelo
1638 983 2051 1083 gelidaque
2104 984 2323 1060 divos

1059 1110 1309 1185 Morte
1363 1122 1730 1186 carentes,

860 1257 1088 1334 Ridet
1139 1260 1308 1357 hoc,
1363 1262 1704 1360 inquam,
1761 1258 2022 1335 Venus
2074 1260 2265 1359 ipsa,
2313 1257 2569 1334 rident

861 1381 1259 1481 Simplices
1308 1383 1715 1484 Nymphae
1766 1384 1978 1479 ferus
2030 1395 2105 1457 et
2158 1381 2461 1480 Cupido

753 1538 822 1605 ,ιι
859 1506 1177 1606 Semper
1227 1507 1582 1582 ardentes
1635 1533 1913 1583 acuens
1966 1508 2279 1605 sagittas

1057 1631 1249 1709 Cote
1297 1646 1633 1709 cruenta.

859 1782 1090 1859 Adde
1146 1784 1351 1883 quod
1404 1785 1648 1882 pubes
1698 1783 1840 1859 tibi
1894 1784 2169 1859 crescit
2220 1781 2487 1877 omnis,

857 1908 1200 1986 Servitus
1254 1912 1525 1986 crescit
1573 1935 1795 2005 nova,
1848 1933 1989 1984 nec
2040 1909 2335 2006 priores

839 2033 1154 2135 ,Impiae
1201 2046 1484 2109 tectum
1541 2032 1899 2109 dominae
1951 2032 2396 2131 relinquunt

775 2190 826 2230 ιο
1061 2158 1304 2258 Saepe
1355 2160 1648 2235 minati.

860 2308 968 2384 Te
1014 2309 1166 2383 suis
1221 2323 1499 2386 matres
1553 2322 1901 2386 metuunt
1950 2309 2313 2404 iuvencis,

863 2434 973 2508 Te
1025 2460 1241 2512 senes
1281 2435 1492 2531 parci
1544 2435 2022 2533 miseraeque
2073 2458 2319 2530 nuper
2417 2456 2424 2463 ·

461 2666 652 2721 chrior
686 2668 890 2723 evadas
935 2669 1291 2738 omniumque
1337 2670 1605 2724 iuvenum

461 2738 633 2791 animi
687 2739 914 2794 invictis
959 2740 1237 2795 illecebris
1288 2740 1604 2795 trahantur.

462 2807 649 2876 Quare
685 2810 791 2865 tibi
832 2828 946 2865 non
979 2816 1146 2866 nocet
1179 2813 1470 2881 peierasse,
1507 2812 1603 2866 sed

461 2881 692 2948 prodest
704 2882 900 2937 fallere
913 2882 1078 2937 fidem
1089 2900 1215 2938 cum
1227 2882 1603 2938 iureiurando.

463 2951 780 3007 Artificium
805 2959 1002 3023 poetae
1039 2954 1396 3023 conspicuum
1433 2956 1605 3011 etiam

463 3024 522 3079 in
573 3024 724 3092 locis,
771 3042 912 3094 quae
951 3032 1223 3095 occupant
1261 3027 1433 3081 verba
1473 3026 1605 3081 obli·

460 3095 626 3165 quati,
661 3094 952 3165 perfidum,
1001 3096 1263 3163 minacia,
1310 3098 1605 3167 pulchrior,

459 3165 670 3235 prodi-3.
709 3196 778 3209 —-
813 3168 1034 3237 cineres]
1073 3168 1182 3223 Per
1209 3186 1438 3223 suorum
1461 3186 1605 3223 mor-

463 3243 690 3292 tuorum
709 3240 920 3294 cineres
938 3240 1130 3294 iurare
1149 3240 1298 3295 haud
1320 3241 1606 3295 insolitum

464 3310 617 3392 apud
655 3312 917 3379 antiquos
952 3309 1088 3380 fuit3
1138 3311 1246 3366 Cic.
1293 3329 1397 3383 pro
1435 3310 1604 3394 Quin:

463 3382 546 3436 tio
583 3383 679 3435 31:
740 3352 1088 3452 „obsecravit
1133 3399 1234 3452 per
1279 3384 1472 3437 fratris
1519 3383 1606 3436 sui

462 3452 671 3506 mortui
708 3455 962 3509 cinerem.
971 3454 997 3482 “
1061 3453 1376 3522 Tibull.11‚
1413 3456 1463 3523 6,
1503 3456 1603 3507 29.

465 3540 599 3593 „per
656 3524 988 3581 immaturae
1043 3530 1174 3581 tuae
1228 3543 1426 3595 precor
1480 3543 1606 3581 ossa

464 3594 702 3648 sororis“
787 3602 1120 3651 nocturnum
1170 3598 1385 3652 caelum
1430 3603 1486 3652 et
1533 3598 1604 3652 si-

465 3666 601 3720 dera
644 3666 716 3721 ab
759 3668 1076 3723 amantibus
1119 3669 1178 3722 in
1223 3669 1605 3723 testimonium

463 3737 824 3793 vocabantur.
851 3768 918 3779 -·
941 3740 1226 3825 gelidaque
1259 3740 1414 3796 divos
1435 3745 1609 3795 morte

463 3810 726 3878 carentes]
777 3806 938 3869 θεοὺς
991 3806 1317 3880 ἀθανάτους,
1366 3828 1605 3880 quorum

464 3885 743 3964 potestate
777 3881 1062 3951 improbos
1099 3882 1400 3952 aliquando
1442 3884 1606 3938 casti·

465 3952 591 4022 gari
632 3952 1002 4008 certissimum
1039 3959 1137 4009 est.

536 4023 600 4077 V.
626 4026 705 4077 13.
741 4023 766 4077 i
765 4026 991 4093 nquam]
1028 4025 1196 4079 habet
1231 4026 1284 4079 h.
1310 4044 1362 4079 v.
1389 4026 1606 4080 iocosae

465 4094 681 4163 aliquid
716 4094 1118 4166 indignationis
1147 4101 1204 4151 et
1227 4097 1603 4169 gradationis:

463 4182 594 4221 nam
619 4165 768 4235 quod
793 4169 1009 4236 peierat
1032 4168 1255 4237 Barine,
1290 4185 1403 4223 non
1427 4169 1607 4223 solum

465 4238 604 4292 utile
631 4238 681 4292 ei
719 4242 820 4305 est,
857 4239 954 4293 sed
989 4240 1177 4309 placet
1213 4208 1384 4295 e'tiam
1403 4239 1608 4295 Veneri

465 4324 531 4362 ac
551 4308 820 4378 Nymphis
845 4314 1156 4379 tantopere,
1182 4316 1246 4365 ut
1271 4311 1607 4366 rideant.—

468 4380 779 4450 Nymphae]
819 4382 878 4435 in
915 4382 1184 4437 comitatu
1221 4383 1467 4438 Veneris.
1535 4382 1606 4438 cf.

467 4449 646 4504 Carm.
681 4452 728 4519 1,
765 4454 853 4520 80,
885 4454 935 4507 6.
989 4452 1606 4523 Nymphaeideosim-

457 4520 630 4589 plicas
654 4523 971 4591 appellatae
1003 4471 1281 4593 videntur,
1307 4526 1456 4593 quod
1483 4542 1611 4580 cum

467 4608 564 4645 sua
598 4598 805 4648 natura
847 4594 919 4649 ab
965 4596 1117 4649 omni
1160 4595 1358 4651 fraude
1395 4596 1611 4651 alienae

1707 2668 1839 2737 sint,
1876 2668 1936 2722 in
1972 2668 2079 2723 hac
2112 2685 2177 2722 re
2212 2667 2321 2722 sibi
2354 2684 2556 2737 parum
2592 2674 2852 2723 constan-

1705 2744 1793 2793 tes
1842 2739 2102 2794 dominae
2148 2738 2428 2794 crudelem
2472 2744 2733 2794 naturam
2771 2740 2852 2794 in-

1703 2810 1900 2866 duunt.
1940 2840 2007 2851 -·
2042 2812 2290 2879 cruenta]
2326 2827 2419 2865 cos
2444 2815 2679 2865 cruenta
2715 2810 2853 2865 dici-

1704 2886 1818 2949 tur,
1864 2882 1997 2952 quia
2024 2883 2283 2965 ‘sagittae
2328 2886 2451 2965 cote
2499 2887 2696 2937 acutae
2732 2882 2853 2937 vul·

1704 2972 1844 3079 ¹²⁰¹?
1872 2960 2135 3093 &5533
2168 2953 2855 3093 Zffigffiffssfildssss‘ffiffi.

1706 3102 1805 3151 tua
1858 3097 2059 3167 placet.
2112 3096 2209 3150 sed
2266 3097 2436 3151 etiam
2497 3096 2853 3164 hominibus3

1706 3186 1879 3237 quare
1922 3169 2094 3223 turba
2138 3168 2447 3223 amantium
2494 3168 2554 3221 in
2588 3167 2709 3222 dies
2746 3137 2856 3221 tibi

1705 3244 1960 3310 augetur.
1969 3240 1995 3269 “
2060 3256 2151 3293 vv.
2194 3240 2404 3292 17-20
2438 3239 2621 3294 omnis
2660 3256 2851 3293 aman-

1704 3311 1849 3365 tium
1886 3311 2055 3365 turba
2089 3311 2148 3363 in
2184 3310 2323 3365 duas
2347 3314 2537 3379 partes
2562 3309 2857 3377 dividitur,

1706 3381 2507 3524 ξῖῃῗωῇἓῗὲἶῗηᾳὲἓῗ
2522 3382 2621 3521 ζῖἑ
2636 3381 2856 3522 Ρξῗέ*

1709 3542 1879 3595 quam
1914 3525 2055 3579 illud
2092 3529 2224 3578 sunt
2260 3526 2479 3593 experti
2514 3528 2701 3581 tamen
2740 3542 2853 3579 non

1706 3597 2100 3652 abstinent.—
2137 3596 2392 3665 servitus]
2430 3595 2623 3651 Omnis
2654 3596 2853 3665 pubes,

1708 3686 1849 3737 quae
1900 3669 2114 3736 crescit,
2162 3667 2270 3722 tibi
2314 3667 2513 3722 crescit
2550 3672 2609 3721 et
2652 3668 2857 3723 crescit

1706 3740 1813 3794 tibi
1853 3756 2000 3794 nova
2038 3738 2385 3793 servitus.—
2318 3738 2673 3809 -iuvencis]
2700 3737 2859 3793 Inest

1701 3804 1765 3865 'in
1804 3812 1909 3866 hoc
1943 3810 2113 3866 verbo
2151 3810 2337 3880 imago
2372 3810 2535 3864 nobis
2561 3810 2854 3879 inusitata,

1706 3882 1953 3951 antiquis
2006 3882 2186 3952 poetis
2233 3882 2305 3935 ad
2348 3899 2539 3936 rerum
2590 3886 2857 3937 naturam

1811 3955 1937 4024 pius
2010 3953 2397 4009 accedentibus
2466 3952 2856 4008 usitatissima.

1705 3972 1843 4080 liade
1881 4027 2053 4080 etiam
2088 4041 2249 4079 aum.
2312 4024 2477 4094 Verg.
2516 4024 2717 4095 Georg.
2754 4024 2858 4092 111,

1708 4099 1831 4152 250.
1894 4098 2023 4151 vide
2058 4096 2131 4151 ad
2169 4096 2549 4164 Carm.11,6,
2590 4100 2635 4149 l.
2710 4094 2857 4152 Gon-

1708 4168 1919 4223 iectura
1974 4168 2205 4223 Useneri
2256 4168 2535 4223 retardent
2588 4182 2691 4221 ora
2744 4184 2861 4223 non

1708 4256 2115 4309 supervacanea
2152 4238 2331 4294 solum
2366 4244 2449 4293 est
2486 4238 2583 4293 sed
2620 4238 2691 4293 ab
2729 4239 2858 4295 loco

1709 4328 1935 4380 prorsus
1971 4312 2167 4366 aliena.
2214 4340 2281 4351 —
2328 4326 2483 4365 senes
2516 4309 2699 4379 parci]
2742 4309 2860 4365 Sci-

1709 4383 1843 4437 licet
1898 4380 1955 4437 hi
2010 4383 2214 4437 timent
2263 4398 2335 4435 ne
2396 4380 2501 4435 filii
2555 4386 2861 4451 nepotesve

1708 4454 1815 4508 tibi
1853 4453 2030 4508 dediti
2066 4472 2186 4508 rem
2208 4452 2466 4535 perdant:
2498 4482 2563 4492 —
2586 4450 2859 4521 viryincs]

1708 4524 1831 4580 Hoc
1866 4530 1920 4579 et
1964 4526 2269 4595 puellarum
2310 4524 2537 4579 nomine
2583 4540 2680 4578 eae
2718 4540 2863 4593 quo-

1712 4614 1819 4665 que
1847 4597 2208 4651 nominantur
2233 4596 2331 4664 qui
2355 4595 2479 4651 viro
2506 4595 2615 4650 iam
2652 4612 2865 4665 nupse-
